{"version":"a044f1e5e44cef08efc518dc09d0f1fa","result":{"pages":3,"data":[{"SECUCODE":"03320.HK","SECURITY_CODE":"03320","SECURITY_NAME_ABBR":"华润医药","ORG_CODE":"10125172","STD_REPORT_DATE":"2024-06-30 00:00:00","REPORT_DATE":"2024-06-30 00:00:00","DATE_TYPE_CODE":"002","REPORT_TYPE":"2024年中报","PER_NETCASH_OPERATE":-0.162332081471,"PER_OI":20.469140290063,"BPS":7.698515314896,"BASIC_EPS":0.41,"DILUTED_EPS":0.41,"OPERATE_INCOME":128597588000,"OPERATE_INCOME_YOY":4.7054493752,"GROSS_PROFIT":20933496000,"GROSS_PROFIT_YOY":5.935388888996,"HOLDER_PROFIT":2604806000,"HOLDER_PROFIT_YOY":-2.8662374066,"GROSS_PROFIT_RATIO":16.278295981726,"EPS_TTM":0.601253913296,"OPERATE_INCOME_QOQ":2.361694839302,"NET_PROFIT_RATIO":4.3084447276,"ROE_AVG":5.523009191735,"GROSS_PROFIT_QOQ":3.059329451076,"ROA":1.015263248076,"HOLDER_PROFIT_QOQ":-1.994241676779,"ROE_YEARLY":11.04601838347,"ROIC_YEARLY":2.812817610366,"TOTAL_ASSETS":266358886000,"TOTAL_LIABILITIES":169241092000,"TAX_EBT":21.366786279342,"OCF_SALES":-0.79305764273,"TOTAL_PARENT_EQUITY":48366003000,"DEBT_ASSET_RATIO":63.5387444893,"OPERATE_PROFIT":8665177000,"PRETAX_PROFIT":7046076000,"NETCASH_OPERATE":-1019853000,"NETCASH_INVEST":-3460457000,"NETCASH_FINANCE":2115942000,"END_CASH":22292045000,"DIVI_RATIO":0.393605551276,"DIVIDEND_RATE":4.815157116451,"CURRENT_RATIO":1.372361459608,"COMMON_ACS":null,"CURRENTDEBT_DEBT":85.080861449417,"ISSUED_COMMON_SHARES":6282510461,"HK_COMMON_SHARES":6282510461,"PER_SHARES":500,"TOTAL_MARKET_CAP":33988381594.01,"HKSK_MARKET_CAP":33988381594.01,"PE_TTM":8.095316478915,"PB_TTM":0.64137026401,"REPORT_DATE_SQ":"2023-06-30 00:00:00","REPORT_TYPE_SQ":"2023年中报","OPERATE_INCOME_SQ":122818429000,"DPS_HKD":0.2605,"OPERATE_INCOME_QOQ_SQ":9.070392563031,"NET_PROFIT_RATIO_SQ":4.0975633076,"HOLDER_PROFIT_SQ":2681669000,"HOLDER_PROFIT_QOQ_SQ":5.777473957048,"ROE_AVG_SQ":6.466041231777,"PE_TTM_SQ":8.003340389494,"PB_TTM_SQ":0.660494741933,"ROA_SQ":1.182045054434,"START_DATE":"2024-01-01 00:00:00","FISCAL_YEAR":"12-31","CURRENCY":"HKD","IS_CNY_CODE":0,"DPS_HKD_LY":0.2605,"ORG_TYPE":"一般企业","PREMIUM_INCOME":null,"PREMIUM_INCOME_YOY":null,"NET_INTEREST_INCOME":null,"NET_INTEREST_INCOME_YOY":null,"FEE_COMMISSION_INCOME":null,"FEE_COMMISSION_INCOME_YOY":null,"ACCOUNTS_RECE_TDAYS":1.502590103217,"INVENTORY_TDAYS":3.126513861181,"CURRENT_ASSETS_TDAYS":0.683708602203,"TOTAL_ASSETS_TDAYS":0.501228901068,"PREMIUM_EXPENSE":null,"LOAN_DEPOSIT":null,"LOAN_EQUITY":null,"LOAN_ASSETS":null,"DEPOSIT_EQUITY":null,"DEPOSIT_ASSETS":null,"EQUITY_MULTIPLIER":2.74263731732,"EQUITY_RATIO":3.499174657869},{"SECUCODE":"03320.HK","SECURITY_CODE":"03320","SECURITY_NAME_ABBR":"华润医药","ORG_CODE":"10125172","STD_REPORT_DATE":"2023-12-31 00:00:00","REPORT_DATE":"2023-12-31 00:00:00","DATE_TYPE_CODE":"001","REPORT_TYPE":"2023年年报","PER_NETCASH_OPERATE":2.47510706055,"PER_OI":38.950016162974,"BPS":7.315484038635,"BASIC_EPS":0.61,"DILUTED_EPS":0.61,"OPERATE_INCOME":244703884000,"OPERATE_INCOME_YOY":12.1553424095,"GROSS_PROFIT":38337486000,"GROSS_PROFIT_YOY":14.035003546055,"HOLDER_PROFIT":3854247000,"HOLDER_PROFIT_YOY":10.1128484374,"GROSS_PROFIT_RATIO":15.666889047008,"EPS_TTM":0.613488353728,"OPERATE_INCOME_QOQ":-1.159327332518,"NET_PROFIT_RATIO":3.1773108268,"ROE_AVG":8.611241536895,"GROSS_PROFIT_QOQ":-0.669020217234,"ROA":1.579425869757,"HOLDER_PROFIT_QOQ":-1.647269169508,"ROE_YEARLY":8.611241536895,"ROIC_YEARLY":2.148857293753,"TOTAL_ASSETS":246770296000,"TOTAL_LIABILITIES":153795482000,"TAX_EBT":21.307445669012,"OCF_SALES":6.354572614793,"TOTAL_PARENT_EQUITY":45959605000,"DEBT_ASSET_RATIO":62.323336517,"OPERATE_PROFIT":11261747000,"PRETAX_PROFIT":9880227000,"NETCASH_OPERATE":15549886000,"NETCASH_INVEST":-2067287000,"NETCASH_FINANCE":-4065319000,"END_CASH":24650670000,"DIVI_RATIO":0.385756105331,"DIVIDEND_RATE":4.851024208566,"CURRENT_RATIO":1.330285070883,"COMMON_ACS":null,"CURRENTDEBT_DEBT":87.280037914248,"ISSUED_COMMON_SHARES":6282510461,"HK_COMMON_SHARES":6282510461,"PER_SHARES":500,"TOTAL_MARKET_CAP":33737081175.57,"HKSK_MARKET_CAP":33737081175.57,"PE_TTM":8.035462013266,"PB_TTM":0.636628154849,"REPORT_DATE_SQ":"2022-12-31 00:00:00","REPORT_TYPE_SQ":"2022年年报","OPERATE_INCOME_SQ":218182994000,"DPS_HKD":0.2605,"OPERATE_INCOME_QOQ_SQ":10.261393390214,"NET_PROFIT_RATIO_SQ":3.0866251497,"HOLDER_PROFIT_SQ":3500270000,"HOLDER_PROFIT_QOQ_SQ":1.786538016462,"ROE_AVG_SQ":9.123376481605,"PE_TTM_SQ":7.248308277277,"PB_TTM_SQ":0.598183917223,"ROA_SQ":1.693343990882,"START_DATE":"2023-01-01 00:00:00","FISCAL_YEAR":"12-31","CURRENCY":"HKD","IS_CNY_CODE":0,"DPS_HKD_LY":0.16,"ORG_TYPE":"一般企业","PREMIUM_INCOME":null,"PREMIUM_INCOME_YOY":null,"NET_INTEREST_INCOME":null,"NET_INTEREST_INCOME_YOY":null,"FEE_COMMISSION_INCOME":null,"FEE_COMMISSION_INCOME_YOY":null,"ACCOUNTS_RECE_TDAYS":3.257731691406,"INVENTORY_TDAYS":6.700867697473,"CURRENT_ASSETS_TDAYS":1.402237036845,"TOTAL_ASSETS_TDAYS":1.002768231563,"PREMIUM_EXPENSE":null,"LOAN_DEPOSIT":null,"LOAN_EQUITY":null,"LOAN_ASSETS":null,"DEPOSIT_EQUITY":null,"DEPOSIT_ASSETS":null,"EQUITY_MULTIPLIER":2.654162835972,"EQUITY_RATIO":3.346318620449},{"SECUCODE":"03320.HK","SECURITY_CODE":"03320","SECURITY_NAME_ABBR":"华润医药","ORG_CODE":"10125172","STD_REPORT_DATE":"2023-06-30 00:00:00","REPORT_DATE":"2023-06-30 00:00:00","DATE_TYPE_CODE":"002","REPORT_TYPE":"2023年中报","PER_NETCASH_OPERATE":-0.629172192718,"PER_OI":19.549259768435,"BPS":7.398233005909,"BASIC_EPS":0.43,"DILUTED_EPS":0.43,"OPERATE_INCOME":122818429000,"OPERATE_INCOME_YOY":10.5185774495,"GROSS_PROFIT":19760626000,"GROSS_PROFIT_YOY":16.514119255718,"HOLDER_PROFIT":2681669000,"HOLDER_PROFIT_YOY":0.430208334,"GROSS_PROFIT_RATIO":16.079355139485,"EPS_TTM":0.623763416174,"OPERATE_INCOME_QOQ":9.070392563031,"NET_PROFIT_RATIO":4.0975633076,"ROE_AVG":6.466041231777,"GROSS_PROFIT_QOQ":10.406206405621,"ROA":1.182045054434,"HOLDER_PROFIT_QOQ":5.777473957048,"ROE_YEARLY":12.932082463554,"ROIC_YEARLY":3.136506890469,"TOTAL_ASSETS":251468324585.32,"TOTAL_LIABILITIES":163506852188.68,"TAX_EBT":19.959240741433,"OCF_SALES":-3.085700364809,"TOTAL_PARENT_EQUITY":46479476252.54,"DEBT_ASSET_RATIO":65.0208540015,"OPERATE_PROFIT":7958744000,"PRETAX_PROFIT":6283235000,"NETCASH_OPERATE":-3769587000,"NETCASH_INVEST":269690000,"NETCASH_FINANCE":10331374000,"END_CASH":22064556000,"DIVI_RATIO":0.379401663938,"DIVIDEND_RATE":4.851024208566,"CURRENT_RATIO":1.257927510898,"COMMON_ACS":null,"CURRENTDEBT_DEBT":90.068949710755,"ISSUED_COMMON_SHARES":6282510461,"HK_COMMON_SHARES":6282510461,"PER_SHARES":500,"TOTAL_MARKET_CAP":33737081175.57,"HKSK_MARKET_CAP":33737081175.57,"PE_TTM":8.035462013266,"PB_TTM":0.636628154849,"REPORT_DATE_SQ":"2022-06-30 00:00:00","REPORT_TYPE_SQ":"2022年中报","OPERATE_INCOME_SQ":107511473965.63,"DPS_HKD":0.2605,"OPERATE_INCOME_QOQ_SQ":6.326354242825,"NET_PROFIT_RATIO_SQ":4.1111174313,"HOLDER_PROFIT_SQ":2586989088.74,"HOLDER_PROFIT_QOQ_SQ":18.117801664562,"ROE_AVG_SQ":6.583038754989,"PE_TTM_SQ":7.248308277277,"PB_TTM_SQ":0.598183917223,"ROA_SQ":1.198462422638,"START_DATE":"2023-01-01 00:00:00","FISCAL_YEAR":"12-31","CURRENCY":"HKD","IS_CNY_CODE":0,"DPS_HKD_LY":0.16,"ORG_TYPE":"一般企业","PREMIUM_INCOME":null,"PREMIUM_INCOME_YOY":null,"NET_INTEREST_INCOME":null,"NET_INTEREST_INCOME_YOY":null,"FEE_COMMISSION_INCOME":null,"FEE_COMMISSION_INCOME_YOY":null,"ACCOUNTS_RECE_TDAYS":1.485382665568,"INVENTORY_TDAYS":3.60978387143,"CURRENT_ASSETS_TDAYS":0.748233349633,"TOTAL_ASSETS_TDAYS":0.540586470148,"PREMIUM_EXPENSE":null,"LOAN_DEPOSIT":null,"LOAN_EQUITY":null,"LOAN_ASSETS":null,"DEPOSIT_EQUITY":null,"DEPOSIT_ASSETS":null,"EQUITY_MULTIPLIER":2.858846239536,"EQUITY_RATIO":3.517829058578},{"SECUCODE":"03320.HK","SECURITY_CODE":"03320","SECURITY_NAME_ABBR":"华润医药","ORG_CODE":"10125172","STD_REPORT_DATE":"2022-12-31 00:00:00","REPORT_DATE":"2022-12-31 00:00:00","DATE_TYPE_CODE":"001","REPORT_TYPE":"2022年年报","PER_NETCASH_OPERATE":1.795925266638,"PER_OI":34.728632026069,"BPS":7.04653696718,"BASIC_EPS":0.56,"DILUTED_EPS":0.56,"OPERATE_INCOME":218182994000,"OPERATE_INCOME_YOY":7.3056361129,"GROSS_PROFIT":33619051000,"GROSS_PROFIT_YOY":16.220630710005,"HOLDER_PROFIT":3500270000,"HOLDER_PROFIT_YOY":10.0433576049,"GROSS_PROFIT_RATIO":15.400936472406,"EPS_TTM":0.589693998958,"OPERATE_INCOME_QOQ":10.261393390214,"NET_PROFIT_RATIO":3.0866251497,"ROE_AVG":9.123376481605,"GROSS_PROFIT_QOQ":11.492682183018,"ROA":1.693343990882,"HOLDER_PROFIT_QOQ":1.786538016462,"ROE_YEARLY":9.123376481605,"ROIC_YEARLY":2.237808744708,"TOTAL_ASSETS":215534373000,"TOTAL_LIABILITIES":134977029000,"TAX_EBT":20.369997611553,"OCF_SALES":4.970764486868,"TOTAL_PARENT_EQUITY":43557034000,"DEBT_ASSET_RATIO":62.6243641281,"OPERATE_PROFIT":9761029000,"PRETAX_PROFIT":8361081000,"NETCASH_OPERATE":10821138000,"NETCASH_INVEST":-819239000,"NETCASH_FINANCE":-9126070000,"END_CASH":15223726000,"DIVI_RATIO":0.401321496265,"DIVIDEND_RATE":4.851024208566,"CURRENT_RATIO":1.250385189809,"COMMON_ACS":null,"CURRENTDEBT_DEBT":90.215401022051,"ISSUED_COMMON_SHARES":6282510461,"HK_COMMON_SHARES":6282510461,"PER_SHARES":500,"TOTAL_MARKET_CAP":33737081175.57,"HKSK_MARKET_CAP":33737081175.57,"PE_TTM":8.035462013266,"PB_TTM":0.636628154849,"REPORT_DATE_SQ":"2021-12-31 00:00:00","REPORT_TYPE_SQ":"2021年年报","OPERATE_INCOME_SQ":193612723774.4,"DPS_HKD":0.2605,"OPERATE_INCOME_QOQ_SQ":6.207249127657,"NET_PROFIT_RATIO_SQ":2.8071084584,"HOLDER_PROFIT_SQ":3081443646.4,"HOLDER_PROFIT_QOQ_SQ":25.794760509009,"ROE_AVG_SQ":7.734916819438,"PE_TTM_SQ":7.248308277277,"PB_TTM_SQ":0.598183917223,"ROA_SQ":1.646040007462,"START_DATE":"2022-01-01 00:00:00","FISCAL_YEAR":"12-31","CURRENCY":"HKD","IS_CNY_CODE":0,"DPS_HKD_LY":0.15,"ORG_TYPE":"一般企业","PREMIUM_INCOME":null,"PREMIUM_INCOME_YOY":null,"NET_INTEREST_INCOME":null,"NET_INTEREST_INCOME_YOY":null,"FEE_COMMISSION_INCOME":null,"FEE_COMMISSION_INCOME_YOY":null,"ACCOUNTS_RECE_TDAYS":3.2445627515,"INVENTORY_TDAYS":7.237316803946,"CURRENT_ASSETS_TDAYS":1.464332317036,"TOTAL_ASSETS_TDAYS":1.037489132768,"PREMIUM_EXPENSE":null,"LOAN_DEPOSIT":null,"LOAN_EQUITY":null,"LOAN_ASSETS":null,"DEPOSIT_EQUITY":null,"DEPOSIT_ASSETS":null,"EQUITY_MULTIPLIER":2.675539764534,"EQUITY_RATIO":3.09885721328},{"SECUCODE":"03320.HK","SECURITY_CODE":"03320","SECURITY_NAME_ABBR":"华润医药","ORG_CODE":"10125172","STD_REPORT_DATE":"2022-06-30 00:00:00","REPORT_DATE":"2022-06-30 00:00:00","DATE_TYPE_CODE":"002","REPORT_TYPE":"2022年中报","PER_NETCASH_OPERATE":-0.441511027279,"PER_OI":17.112820525016,"BPS":6.880345127393,"BASIC_EPS":0.4104912,"DILUTED_EPS":0.4104912,"OPERATE_INCOME":107511473965.63,"OPERATE_INCOME_YOY":9.8079358913,"GROSS_PROFIT":16959855274.39,"GROSS_PROFIT_YOY":16.704258354098,"HOLDER_PROFIT":2586989088.74,"HOLDER_PROFIT_YOY":24.0736046751,"GROSS_PROFIT_RATIO":15.774925827742,"EPS_TTM":0.579343801694,"OPERATE_INCOME_QOQ":6.326354242825,"NET_PROFIT_RATIO":4.1111174313,"ROE_AVG":6.583038754989,"GROSS_PROFIT_QOQ":8.391902224074,"ROA":1.198462422638,"HOLDER_PROFIT_QOQ":18.117801664562,"ROE_YEARLY":13.166077509979,"ROIC_YEARLY":3.163775160026,"TOTAL_ASSETS":219150012773.02,"TOTAL_LIABILITIES":139621316840.95,"TAX_EBT":21.466948543841,"OCF_SALES":-2.580001506087,"TOTAL_PARENT_EQUITY":43225840238.14,"DEBT_ASSET_RATIO":63.7103849889,"OPERATE_PROFIT":6266544976.16,"PRETAX_PROFIT":5628105447.23,"NETCASH_OPERATE":-2773797647.53,"NETCASH_INVEST":-1392061178.2,"NETCASH_FINANCE":5638329243.68,"END_CASH":15773350130.16,"DIVI_RATIO":0.408491257364,"DIVIDEND_RATE":4.851024208566,"CURRENT_RATIO":1.273613489412,"COMMON_ACS":null,"CURRENTDEBT_DEBT":89.930336237728,"ISSUED_COMMON_SHARES":6282510461,"HK_COMMON_SHARES":6282510461,"PER_SHARES":500,"TOTAL_MARKET_CAP":33737081175.57,"HKSK_MARKET_CAP":33737081175.57,"PE_TTM":8.035462013266,"PB_TTM":0.636628154849,"REPORT_DATE_SQ":"2021-06-30 00:00:00","REPORT_TYPE_SQ":"2021年中报","OPERATE_INCOME_SQ":95262847200.48,"DPS_HKD":0.2605,"OPERATE_INCOME_QOQ_SQ":8.070151017629,"NET_PROFIT_RATIO_SQ":3.5763687818,"HOLDER_PROFIT_SQ":2028699240.48,"HOLDER_PROFIT_QOQ_SQ":-11.726618122259,"ROE_AVG_SQ":5.1257413948,"PE_TTM_SQ":7.248308277277,"PB_TTM_SQ":0.598183917223,"ROA_SQ":1.099798750315,"START_DATE":"2022-01-01 00:00:00","FISCAL_YEAR":"12-31","CURRENCY":"HKD","IS_CNY_CODE":0,"DPS_HKD_LY":0.15,"ORG_TYPE":"一般企业","PREMIUM_INCOME":null,"PREMIUM_INCOME_YOY":null,"NET_INTEREST_INCOME":null,"NET_INTEREST_INCOME_YOY":null,"FEE_COMMISSION_INCOME":null,"FEE_COMMISSION_INCOME_YOY":null,"ACCOUNTS_RECE_TDAYS":1.68121055741,"INVENTORY_TDAYS":3.603361265151,"CURRENT_ASSETS_TDAYS":0.691498561398,"TOTAL_ASSETS_TDAYS":0.49806341322,"PREMIUM_EXPENSE":null,"LOAN_DEPOSIT":null,"LOAN_EQUITY":null,"LOAN_ASSETS":null,"DEPOSIT_EQUITY":null,"DEPOSIT_ASSETS":null,"EQUITY_MULTIPLIER":2.75560928297,"EQUITY_RATIO":3.23004286491},{"SECUCODE":"03320.HK","SECURITY_CODE":"03320","SECURITY_NAME_ABBR":"华润医药","ORG_CODE":"10125172","STD_REPORT_DATE":"2021-12-31 00:00:00","REPORT_DATE":"2021-12-31 00:00:00","DATE_TYPE_CODE":"001","REPORT_TYPE":"2021年年报","PER_NETCASH_OPERATE":1.67131125654,"PER_OI":30.817732015934,"BPS":6.634682748235,"BASIC_EPS":0.49056,"DILUTED_EPS":0.49056,"OPERATE_INCOME":193612723774.4,"OPERATE_INCOME_YOY":18.1531769431,"GROSS_PROFIT":28926921833.6,"GROSS_PROFIT_YOY":6.427995530142,"HOLDER_PROFIT":3081443646.4,"HOLDER_PROFIT_YOY":14.3083097219,"GROSS_PROFIT_RATIO":14.940609929803,"EPS_TTM":0.490479668204,"OPERATE_INCOME_QOQ":6.207249127657,"NET_PROFIT_RATIO":2.8071084584,"ROE_AVG":7.734916819438,"GROSS_PROFIT_QOQ":2.824985283523,"ROA":1.646040007462,"HOLDER_PROFIT_QOQ":25.794760509009,"ROE_YEARLY":7.734916819438,"ROIC_YEARLY":2.143685524619,"TOTAL_ASSETS":203224875000,"TOTAL_LIABILITIES":125565613000,"TAX_EBT":20.943571881178,"OCF_SALES":5.423213024488,"TOTAL_PARENT_EQUITY":41358938000,"DEBT_ASSET_RATIO":61.7865371464,"OPERATE_PROFIT":8266088891.2,"PRETAX_PROFIT":6874734003.2,"NETCASH_OPERATE":10500030452.8,"NETCASH_INVEST":-7514398897.6,"NETCASH_FINANCE":2457194600,"END_CASH":14329163576,"DIVI_RATIO":0.48250089319,"DIVIDEND_RATE":4.851024208566,"CURRENT_RATIO":1.249691408116,"COMMON_ACS":null,"CURRENTDEBT_DEBT":92.020040550433,"ISSUED_COMMON_SHARES":6282510461,"HK_COMMON_SHARES":6282510461,"PER_SHARES":500,"TOTAL_MARKET_CAP":33737081175.57,"HKSK_MARKET_CAP":33737081175.57,"PE_TTM":8.035462013266,"PB_TTM":0.636628154849,"REPORT_DATE_SQ":"2020-12-31 00:00:00","REPORT_TYPE_SQ":"2020年年报","OPERATE_INCOME_SQ":168684033077.72,"DPS_HKD":0.2605,"OPERATE_INCOME_QOQ_SQ":-3.685034396517,"NET_PROFIT_RATIO_SQ":2.6562023266,"HOLDER_PROFIT_SQ":2774993126.64,"HOLDER_PROFIT_QOQ_SQ":5.596282007009,"ROE_AVG_SQ":7.563848589605,"PE_TTM_SQ":7.248308277277,"PB_TTM_SQ":0.598183917223,"ROA_SQ":1.651052899218,"START_DATE":"2021-01-01 00:00:00","FISCAL_YEAR":"12-31","CURRENCY":"HKD","IS_CNY_CODE":0,"DPS_HKD_LY":0.12,"ORG_TYPE":"一般企业","PREMIUM_INCOME":null,"PREMIUM_INCOME_YOY":null,"NET_INTEREST_INCOME":null,"NET_INTEREST_INCOME_YOY":null,"FEE_COMMISSION_INCOME":null,"FEE_COMMISSION_INCOME_YOY":null,"ACCOUNTS_RECE_TDAYS":3.611140073862,"INVENTORY_TDAYS":7.422725838138,"CURRENT_ASSETS_TDAYS":1.463037755776,"TOTAL_ASSETS_TDAYS":1.034236954678,"PREMIUM_EXPENSE":null,"LOAN_DEPOSIT":null,"LOAN_EQUITY":null,"LOAN_ASSETS":null,"DEPOSIT_EQUITY":null,"DEPOSIT_ASSETS":null,"EQUITY_MULTIPLIER":2.616878778642,"EQUITY_RATIO":3.035997031645},{"SECUCODE":"03320.HK","SECURITY_CODE":"03320","SECURITY_NAME_ABBR":"华润医药","ORG_CODE":"10125172","STD_REPORT_DATE":"2021-06-30 00:00:00","REPORT_DATE":"2021-06-30 00:00:00","DATE_TYPE_CODE":"002","REPORT_TYPE":"2021年中报","PER_NETCASH_OPERATE":-0.178527582386,"PER_OI":15.163181628084,"BPS":6.444985200791,"BASIC_EPS":0.3245112,"DILUTED_EPS":0.3245112,"OPERATE_INCOME":95262847200.48,"OPERATE_INCOME_YOY":28.0806203648,"GROSS_PROFIT":14532336277.68,"GROSS_PROFIT_YOY":7.013180445268,"HOLDER_PROFIT":2028699240.48,"HOLDER_PROFIT_YOY":-5.396877379,"GROSS_PROFIT_RATIO":15.254988387127,"EPS_TTM":0.389904687778,"OPERATE_INCOME_QOQ":8.070151017629,"NET_PROFIT_RATIO":3.5763687818,"ROE_AVG":5.1257413948,"GROSS_PROFIT_QOQ":3.50402213692,"ROA":1.099798750315,"HOLDER_PROFIT_QOQ":-11.726618122259,"ROE_YEARLY":10.2514827896,"ROIC_YEARLY":2.818837143573,"TOTAL_ASSETS":194707849132.56,"TOTAL_LIABILITIES":124588009888.56,"TAX_EBT":20.741681504013,"OCF_SALES":-1.177375479403,"TOTAL_PARENT_EQUITY":40490686944.96,"DEBT_ASSET_RATIO":63.9871532882,"OPERATE_PROFIT":5179803674.16,"PRETAX_PROFIT":4298540257.44,"NETCASH_OPERATE":-1121601403.92,"NETCASH_INVEST":-2823993815.76,"NETCASH_FINANCE":8527449564.24,"END_CASH":14146202897.04,"DIVI_RATIO":0.606960843042,"DIVIDEND_RATE":4.851024208566,"CURRENT_RATIO":1.21417124149,"COMMON_ACS":null,"CURRENTDEBT_DEBT":93.841736924586,"ISSUED_COMMON_SHARES":6282510461,"HK_COMMON_SHARES":6282510461,"PER_SHARES":500,"TOTAL_MARKET_CAP":33737081175.57,"HKSK_MARKET_CAP":33737081175.57,"PE_TTM":8.035462013266,"PB_TTM":0.636628154849,"REPORT_DATE_SQ":"2020-06-30 00:00:00","REPORT_TYPE_SQ":"2020年中报","OPERATE_INCOME_SQ":81649790988.48,"DPS_HKD":0.2605,"OPERATE_INCOME_QOQ_SQ":-4.372344785118,"NET_PROFIT_RATIO_SQ":4.0809135614,"HOLDER_PROFIT_SQ":2354112087.36,"HOLDER_PROFIT_QOQ_SQ":-10.73340072576,"ROE_AVG_SQ":6.247652836915,"PE_TTM_SQ":7.248308277277,"PB_TTM_SQ":0.598183917223,"ROA_SQ":1.331213297701,"START_DATE":"2021-01-01 00:00:00","FISCAL_YEAR":"12-31","CURRENCY":"HKD","IS_CNY_CODE":0,"DPS_HKD_LY":0.12,"ORG_TYPE":"一般企业","PREMIUM_INCOME":null,"PREMIUM_INCOME_YOY":null,"NET_INTEREST_INCOME":null,"NET_INTEREST_INCOME_YOY":null,"FEE_COMMISSION_INCOME":null,"FEE_COMMISSION_INCOME_YOY":null,"ACCOUNTS_RECE_TDAYS":1.544575990083,"INVENTORY_TDAYS":3.752710824692,"CURRENT_ASSETS_TDAYS":0.72070044206,"TOTAL_ASSETS_TDAYS":0.5164390966,"PREMIUM_EXPENSE":null,"LOAN_DEPOSIT":null,"LOAN_EQUITY":null,"LOAN_ASSETS":null,"DEPOSIT_EQUITY":null,"DEPOSIT_ASSETS":null,"EQUITY_MULTIPLIER":2.776786872759,"EQUITY_RATIO":3.076954709559},{"SECUCODE":"03320.HK","SECURITY_CODE":"03320","SECURITY_NAME_ABBR":"华润医药","ORG_CODE":"10125172","STD_REPORT_DATE":"2020-12-31 00:00:00","REPORT_DATE":"2020-12-31 00:00:00","DATE_TYPE_CODE":"001","REPORT_TYPE":"2020年年报","PER_NETCASH_OPERATE":1.099361533081,"PER_OI":26.849781488604,"BPS":6.225356025657,"BASIC_EPS":0.4376528,"DILUTED_EPS":0.4376528,"OPERATE_INCOME":168684033077.72,"OPERATE_INCOME_YOY":-1.9715185727,"GROSS_PROFIT":27179805172.04,"GROSS_PROFIT_YOY":-10.805072171084,"HOLDER_PROFIT":2774993126.64,"HOLDER_PROFIT_YOY":0.3257953414,"GROSS_PROFIT_RATIO":16.112849969337,"EPS_TTM":0.441701314127,"OPERATE_INCOME_QOQ":-3.685034396517,"NET_PROFIT_RATIO":2.6562023266,"ROE_AVG":7.563848589605,"GROSS_PROFIT_QOQ":-5.351889125084,"ROA":1.651052899218,"HOLDER_PROFIT_QOQ":5.596282007009,"ROE_YEARLY":7.563848589605,"ROIC_YEARLY":2.105369365037,"TOTAL_ASSETS":176215648086.4,"TOTAL_LIABILITIES":108859666838.24,"TAX_EBT":24.759593233447,"OCF_SALES":4.094489683453,"TOTAL_PARENT_EQUITY":39110864354.64,"DEBT_ASSET_RATIO":61.7763904741,"OPERATE_PROFIT":8999915745.12,"PRETAX_PROFIT":5955030553.12,"NETCASH_OPERATE":6906750332,"NETCASH_INVEST":-1897583426.64,"NETCASH_FINANCE":-5398709038.04,"END_CASH":9452877135.08,"DIVI_RATIO":0.535784862827,"DIVIDEND_RATE":4.851024208566,"CURRENT_RATIO":1.199716774607,"COMMON_ACS":null,"CURRENTDEBT_DEBT":94.802427227297,"ISSUED_COMMON_SHARES":6282510461,"HK_COMMON_SHARES":6282510461,"PER_SHARES":500,"TOTAL_MARKET_CAP":33737081175.57,"HKSK_MARKET_CAP":33737081175.57,"PE_TTM":8.035462013266,"PB_TTM":0.636628154849,"REPORT_DATE_SQ":"2019-12-31 00:00:00","REPORT_TYPE_SQ":"2019年年报","OPERATE_INCOME_SQ":183145686772.82,"DPS_HKD":0.2605,"OPERATE_INCOME_QOQ_SQ":3.57145308112,"NET_PROFIT_RATIO_SQ":2.4933756573,"HOLDER_PROFIT_SQ":2943908411.82,"HOLDER_PROFIT_QOQ_SQ":-31.718551319276,"ROE_AVG_SQ":8.213545448718,"PE_TTM_SQ":7.248308277277,"PB_TTM_SQ":0.598183917223,"ROA_SQ":1.794535990575,"START_DATE":"2020-01-01 00:00:00","FISCAL_YEAR":"12-31","CURRENCY":"HKD","IS_CNY_CODE":0,"DPS_HKD_LY":0.11,"ORG_TYPE":"一般企业","PREMIUM_INCOME":null,"PREMIUM_INCOME_YOY":null,"NET_INTEREST_INCOME":null,"NET_INTEREST_INCOME_YOY":null,"FEE_COMMISSION_INCOME":null,"FEE_COMMISSION_INCOME_YOY":null,"ACCOUNTS_RECE_TDAYS":3.048827609828,"INVENTORY_TDAYS":7.167068577397,"CURRENT_ASSETS_TDAYS":1.431329896986,"TOTAL_ASSETS_TDAYS":1.003628654756,"PREMIUM_EXPENSE":null,"LOAN_DEPOSIT":null,"LOAN_EQUITY":null,"LOAN_ASSETS":null,"DEPOSIT_EQUITY":null,"DEPOSIT_ASSETS":null,"EQUITY_MULTIPLIER":2.61618411344,"EQUITY_RATIO":2.783361314932},{"SECUCODE":"03320.HK","SECURITY_CODE":"03320","SECURITY_NAME_ABBR":"华润医药","ORG_CODE":"10125172","STD_REPORT_DATE":"2020-06-30 00:00:00","REPORT_DATE":"2020-06-30 00:00:00","DATE_TYPE_CODE":"002","REPORT_TYPE":"2020年中报","PER_NETCASH_OPERATE":0.001611984467,"PER_OI":12.99636371405,"BPS":6.07599691666,"BASIC_EPS":0.3745104,"DILUTED_EPS":0.3745104,"OPERATE_INCOME":81649790988.48,"OPERATE_INCOME_YOY":-12.2993081019,"GROSS_PROFIT":13579949887.68,"GROSS_PROFIT_YOY":-11.448347640976,"HOLDER_PROFIT":2354112087.36,"HOLDER_PROFIT_YOY":-15.0945683722,"GROSS_PROFIT_RATIO":16.631946907979,"EPS_TTM":0.418292486943,"OPERATE_INCOME_QOQ":-4.372344785118,"NET_PROFIT_RATIO":4.0809135614,"ROE_AVG":6.247652836915,"GROSS_PROFIT_QOQ":-5.761533955185,"ROA":1.331213297701,"HOLDER_PROFIT_QOQ":-10.73340072576,"ROE_YEARLY":12.49530567383,"ROIC_YEARLY":3.393729120759,"TOTAL_ASSETS":180102724565.28,"TOTAL_LIABILITIES":115754454509.76,"TAX_EBT":18.750456606766,"OCF_SALES":0.012403349914,"TOTAL_PARENT_EQUITY":38172514189.92,"DEBT_ASSET_RATIO":64.2713511354,"OPERATE_PROFIT":5602224344.64,"PRETAX_PROFIT":4101016761.6,"NETCASH_OPERATE":10127309.28,"NETCASH_INVEST":-3522128728.8,"NETCASH_FINANCE":4331563536.96,"END_CASH":12537008758.56,"DIVI_RATIO":0.565768894702,"DIVIDEND_RATE":4.851024208566,"CURRENT_RATIO":1.198695512341,"COMMON_ACS":null,"CURRENTDEBT_DEBT":91.355216919487,"ISSUED_COMMON_SHARES":6282510461,"HK_COMMON_SHARES":6282510461,"PER_SHARES":500,"TOTAL_MARKET_CAP":33737081175.57,"HKSK_MARKET_CAP":33737081175.57,"PE_TTM":8.035462013266,"PB_TTM":0.636628154849,"REPORT_DATE_SQ":"2019-06-30 00:00:00","REPORT_TYPE_SQ":"2019年中报","OPERATE_INCOME_SQ":89657551873.26,"DPS_HKD":0.2605,"OPERATE_INCOME_QOQ_SQ":6.392492881232,"NET_PROFIT_RATIO_SQ":4.5949283204,"HOLDER_PROFIT_SQ":2670093574.2,"HOLDER_PROFIT_QOQ_SQ":21.860746790589,"ROE_AVG_SQ":7.533221365503,"PE_TTM_SQ":7.248308277277,"PB_TTM_SQ":0.598183917223,"ROA_SQ":1.617373635481,"START_DATE":"2020-01-01 00:00:00","FISCAL_YEAR":"12-31","CURRENCY":"HKD","IS_CNY_CODE":0,"DPS_HKD_LY":0.11,"ORG_TYPE":"一般企业","PREMIUM_INCOME":null,"PREMIUM_INCOME_YOY":null,"NET_INTEREST_INCOME":null,"NET_INTEREST_INCOME_YOY":null,"FEE_COMMISSION_INCOME":null,"FEE_COMMISSION_INCOME_YOY":null,"ACCOUNTS_RECE_TDAYS":1.398148823991,"INVENTORY_TDAYS":3.172006507268,"CURRENT_ASSETS_TDAYS":0.657950212356,"TOTAL_ASSETS_TDAYS":0.461716704578,"PREMIUM_EXPENSE":null,"LOAN_DEPOSIT":null,"LOAN_EQUITY":null,"LOAN_ASSETS":null,"DEPOSIT_EQUITY":null,"DEPOSIT_ASSETS":null,"EQUITY_MULTIPLIER":2.798874381703,"EQUITY_RATIO":3.032403208598}],"count":21},"success":true,"message":"ok","code":0}