{"version":"c9d195f3dea6113d18178a8d46affae0","result":{"pages":3,"data":[{"SECUCODE":"03326.HK","SECURITY_CODE":"03326","SECURITY_NAME_ABBR":"保发集团","ORG_CODE":"10499067","STD_REPORT_DATE":"2024-06-30 00:00:00","REPORT_DATE":"2024-06-30 00:00:00","DATE_TYPE_CODE":"002","REPORT_TYPE":"2024年中报","PER_NETCASH_OPERATE":0.01082753816,"PER_OI":0.105311403428,"BPS":0.43030504391,"BASIC_EPS":0.01734092,"DILUTED_EPS":0.01734092,"OPERATE_INCOME":141223539.8,"OPERATE_INCOME_YOY":-11.1331265794,"GROSS_PROFIT":38791638.04,"GROSS_PROFIT_YOY":-27.039255025955,"HOLDER_PROFIT":23208539.72,"HOLDER_PROFIT_YOY":-0.469685702,"GROSS_PROFIT_RATIO":27.46825217307,"EPS_TTM":0.022963467643,"OPERATE_INCOME_QOQ":-6.111099679259,"NET_PROFIT_RATIO":16.3124050797,"ROE_AVG":3.996159261774,"GROSS_PROFIT_QOQ":-15.5217986334,"ROA":3.071278072712,"HOLDER_PROFIT_QOQ":-1.114683101372,"ROE_YEARLY":7.992318523547,"ROIC_YEARLY":7.459109682264,"TOTAL_ASSETS":746935486.64,"TOTAL_LIABILITIES":165216984.32,"TAX_EBT":-43.626948901787,"OCF_SALES":10.281448928814,"TOTAL_PARENT_EQUITY":574992963.4,"DEBT_ASSET_RATIO":22.119311142,"OPERATE_PROFIT":14250585.52,"PRETAX_PROFIT":16039438.32,"NETCASH_OPERATE":14519826.12,"NETCASH_INVEST":-24097490.04,"NETCASH_FINANCE":-8956128.84,"END_CASH":49638839.84,"DIVI_RATIO":0.789271040509,"DIVIDEND_RATE":10.526315789474,"CURRENT_RATIO":4.393992888146,"COMMON_ACS":3000000000,"CURRENTDEBT_DEBT":87.306655471098,"ISSUED_COMMON_SHARES":1336245000,"HK_COMMON_SHARES":1336245000,"PER_SHARES":3000,"TOTAL_MARKET_CAP":253886550,"HKSK_MARKET_CAP":253886550,"PE_TTM":7.414044796169,"PB_TTM":0.402991325466,"REPORT_DATE_SQ":"2023-06-30 00:00:00","REPORT_TYPE_SQ":"2023年中报","OPERATE_INCOME_SQ":160535157.6,"DPS_HKD":0.02,"OPERATE_INCOME_QOQ_SQ":-10.140450887777,"NET_PROFIT_RATIO_SQ":14.3513501049,"HOLDER_PROFIT_SQ":23555667.02,"HOLDER_PROFIT_QOQ_SQ":7.531062208263,"ROE_AVG_SQ":4.037196464778,"PE_TTM_SQ":7.628345652832,"PB_TTM_SQ":0.36071809364,"ROA_SQ":3.08535598365,"START_DATE":"2024-01-01 00:00:00","FISCAL_YEAR":"12-31","CURRENCY":"HKD","IS_CNY_CODE":0,"DPS_HKD_LY":0.02,"ORG_TYPE":"一般企业","PREMIUM_INCOME":null,"PREMIUM_INCOME_YOY":null,"NET_INTEREST_INCOME":null,"NET_INTEREST_INCOME_YOY":null,"FEE_COMMISSION_INCOME":null,"FEE_COMMISSION_INCOME_YOY":null,"ACCOUNTS_RECE_TDAYS":1.882455275948,"INVENTORY_TDAYS":0.234256140948,"CURRENT_ASSETS_TDAYS":0.216607534193,"TOTAL_ASSETS_TDAYS":0.186886709104,"PREMIUM_EXPENSE":null,"LOAN_DEPOSIT":null,"LOAN_EQUITY":null,"LOAN_ASSETS":null,"DEPOSIT_EQUITY":null,"DEPOSIT_ASSETS":null,"EQUITY_MULTIPLIER":1.284015350485,"EQUITY_RATIO":0.287337402084},{"SECUCODE":"03326.HK","SECURITY_CODE":"03326","SECURITY_NAME_ABBR":"保发集团","ORG_CODE":"10499067","STD_REPORT_DATE":"2023-12-31 00:00:00","REPORT_DATE":"2023-12-31 00:00:00","DATE_TYPE_CODE":"001","REPORT_TYPE":"2023年年报","PER_NETCASH_OPERATE":0.040014649313,"PER_OI":0.235650083199,"BPS":0.435846486789,"BASIC_EPS":0.023199232,"DILUTED_EPS":0.023199232,"OPERATE_INCOME":316008882.42,"OPERATE_INCOME_YOY":-6.7739788103,"GROSS_PROFIT":92619308.88,"GROSS_PROFIT_YOY":-9.578280366631,"HOLDER_PROFIT":31141344.08,"HOLDER_PROFIT_YOY":16.8843537415,"GROSS_PROFIT_RATIO":29.309084026601,"EPS_TTM":0.023222322952,"OPERATE_INCOME_QOQ":5.250412883416,"NET_PROFIT_RATIO":9.7955040134,"ROE_AVG":5.346934583918,"GROSS_PROFIT_QOQ":-4.885923002763,"ROA":4.105487762626,"HOLDER_PROFIT_QOQ":10.274053313458,"ROE_YEARLY":5.346934583918,"ROIC_YEARLY":4.868225422467,"TOTAL_ASSETS":758981905.5,"TOTAL_LIABILITIES":170207146.62,"TAX_EBT":21.038396634226,"OCF_SALES":16.980536891581,"TOTAL_PARENT_EQUITY":582397688.74,"DEBT_ASSET_RATIO":22.4257186353,"OPERATE_PROFIT":40195388.1,"PRETAX_PROFIT":39202170.98,"NETCASH_OPERATE":53660004.86,"NETCASH_INVEST":-16343677.7,"NETCASH_FINANCE":-15160154.38,"END_CASH":68909875.02,"DIVI_RATIO":0.780473169596,"DIVIDEND_RATE":10.752688172043,"CURRENT_RATIO":4.517633450644,"COMMON_ACS":3000000000,"CURRENTDEBT_DEBT":86.535584412819,"ISSUED_COMMON_SHARES":1336245000,"HK_COMMON_SHARES":1336245000,"PER_SHARES":3000,"TOTAL_MARKET_CAP":248541570,"HKSK_MARKET_CAP":248541570,"PE_TTM":7.257959642565,"PB_TTM":0.394507297561,"REPORT_DATE_SQ":"2022-12-31 00:00:00","REPORT_TYPE_SQ":"2022年年报","OPERATE_INCOME_SQ":334126750.23,"DPS_HKD":0.02,"OPERATE_INCOME_QOQ_SQ":-7.100291009919,"NET_PROFIT_RATIO_SQ":7.3292536539,"HOLDER_PROFIT_SQ":26262138,"HOLDER_PROFIT_QOQ_SQ":-21.170802359516,"ROE_AVG_SQ":4.418328549315,"PE_TTM_SQ":7.85403635262,"PB_TTM_SQ":0.371390226588,"ROA_SQ":3.372269279143,"START_DATE":"2023-01-01 00:00:00","FISCAL_YEAR":"12-31","CURRENCY":"HKD","IS_CNY_CODE":0,"DPS_HKD_LY":0.02,"ORG_TYPE":"一般企业","PREMIUM_INCOME":null,"PREMIUM_INCOME_YOY":null,"NET_INTEREST_INCOME":null,"NET_INTEREST_INCOME_YOY":null,"FEE_COMMISSION_INCOME":null,"FEE_COMMISSION_INCOME_YOY":null,"ACCOUNTS_RECE_TDAYS":4.376530388127,"INVENTORY_TDAYS":0.638366966419,"CURRENT_ASSETS_TDAYS":0.573140495528,"TOTAL_ASSETS_TDAYS":0.416607130483,"PREMIUM_EXPENSE":null,"LOAN_DEPOSIT":null,"LOAN_EQUITY":null,"LOAN_ASSETS":null,"DEPOSIT_EQUITY":null,"DEPOSIT_ASSETS":null,"EQUITY_MULTIPLIER":1.289087030402,"EQUITY_RATIO":0.292252441778},{"SECUCODE":"03326.HK","SECURITY_CODE":"03326","SECURITY_NAME_ABBR":"保发集团","ORG_CODE":"10499067","STD_REPORT_DATE":"2023-06-30 00:00:00","REPORT_DATE":"2023-06-30 00:00:00","DATE_TYPE_CODE":"002","REPORT_TYPE":"2023年中报","PER_NETCASH_OPERATE":0.02612190382,"PER_OI":0.119712214907,"BPS":0.433496781264,"BASIC_EPS":0.017609818,"DILUTED_EPS":0.017609818,"OPERATE_INCOME":160535157.6,"OPERATE_INCOME_YOY":-23.4593068149,"GROSS_PROFIT":53167820.66,"GROSS_PROFIT_YOY":-8.610028457958,"HOLDER_PROFIT":23555667.02,"HOLDER_PROFIT_YOY":1.219079181,"GROSS_PROFIT_RATIO":33.215924550926,"EPS_TTM":0.021058737078,"OPERATE_INCOME_QOQ":-10.140450887777,"NET_PROFIT_RATIO":14.3513501049,"ROE_AVG":4.037196464778,"GROSS_PROFIT_QOQ":-4.933399463051,"ROA":3.08535598365,"HOLDER_PROFIT_QOQ":7.531062208263,"ROE_YEARLY":8.074392929556,"ROIC_YEARLY":7.072644433249,"TOTAL_ASSETS":762067178.9,"TOTAL_LIABILITIES":181413394.7,"TAX_EBT":8.284133526419,"OCF_SALES":21.902598750202,"TOTAL_PARENT_EQUITY":579257906.48,"DEBT_ASSET_RATIO":23.8054333952,"OPERATE_PROFIT":26127069.24,"PRETAX_PROFIT":24829843.38,"NETCASH_OPERATE":33602483.08,"NETCASH_INVEST":-6419746.74,"NETCASH_FINANCE":-25632887.96,"END_CASH":45169644.16,"DIVI_RATIO":0.860659399138,"DIVIDEND_RATE":10.752688172043,"CURRENT_RATIO":2.869885448416,"COMMON_ACS":3000000000,"CURRENTDEBT_DEBT":84.872309607908,"ISSUED_COMMON_SHARES":1336245000,"HK_COMMON_SHARES":1336245000,"PER_SHARES":3000,"TOTAL_MARKET_CAP":248541570,"HKSK_MARKET_CAP":248541570,"PE_TTM":7.257959642565,"PB_TTM":0.394507297561,"REPORT_DATE_SQ":"2022-06-30 00:00:00","REPORT_TYPE_SQ":"2022年中报","OPERATE_INCOME_SQ":193815985.65,"DPS_HKD":0.02,"OPERATE_INCOME_QOQ_SQ":9.553463984135,"NET_PROFIT_RATIO_SQ":10.8985814195,"HOLDER_PROFIT_SQ":21676500.93,"HOLDER_PROFIT_QOQ_SQ":5.1334053539,"ROE_AVG_SQ":3.765341683923,"PE_TTM_SQ":7.85403635262,"PB_TTM_SQ":0.371390226588,"ROA_SQ":2.848313565084,"START_DATE":"2023-01-01 00:00:00","FISCAL_YEAR":"12-31","CURRENCY":"HKD","IS_CNY_CODE":0,"DPS_HKD_LY":0.02,"ORG_TYPE":"一般企业","PREMIUM_INCOME":null,"PREMIUM_INCOME_YOY":null,"NET_INTEREST_INCOME":null,"NET_INTEREST_INCOME_YOY":null,"FEE_COMMISSION_INCOME":null,"FEE_COMMISSION_INCOME_YOY":null,"ACCOUNTS_RECE_TDAYS":2.054222410986,"INVENTORY_TDAYS":0.420808496882,"CURRENT_ASSETS_TDAYS":0.360696199307,"TOTAL_ASSETS_TDAYS":0.208610278988,"PREMIUM_EXPENSE":null,"LOAN_DEPOSIT":null,"LOAN_EQUITY":null,"LOAN_ASSETS":null,"DEPOSIT_EQUITY":null,"DEPOSIT_ASSETS":null,"EQUITY_MULTIPLIER":1.312429540005,"EQUITY_RATIO":0.313182423012},{"SECUCODE":"03326.HK","SECURITY_CODE":"03326","SECURITY_NAME_ABBR":"保发集团","ORG_CODE":"10499067","STD_REPORT_DATE":"2022-12-31 00:00:00","REPORT_DATE":"2022-12-31 00:00:00","DATE_TYPE_CODE":"001","REPORT_TYPE":"2022年年报","PER_NETCASH_OPERATE":0.03980520294,"PER_OI":0.249160706774,"BPS":0.432211267709,"BASIC_EPS":0.019473286,"DILUTED_EPS":0.019473286,"OPERATE_INCOME":334126750.23,"OPERATE_INCOME_YOY":-8.0886165217,"GROSS_PROFIT":102430377.63,"GROSS_PROFIT_YOY":23.013405827365,"HOLDER_PROFIT":26262138,"HOLDER_PROFIT_YOY":-24.1446927086,"GROSS_PROFIT_RATIO":30.656143981136,"EPS_TTM":0.01958386409,"OPERATE_INCOME_QOQ":-7.100291009919,"NET_PROFIT_RATIO":7.3292536539,"ROE_AVG":4.418328549315,"GROSS_PROFIT_QOQ":10.929380736094,"ROA":3.372269279143,"HOLDER_PROFIT_QOQ":-21.170802359516,"ROE_YEARLY":4.418328549315,"ROIC_YEARLY":3.790581951028,"TOTAL_ASSETS":757303586.76,"TOTAL_LIABILITIES":181365967.72,"TAX_EBT":28.688481947768,"OCF_SALES":15.975714411748,"TOTAL_PARENT_EQUITY":574109095.35,"DEBT_ASSET_RATIO":22.6678875876,"OPERATE_PROFIT":36026472.37,"PRETAX_PROFIT":34340871.88,"NETCASH_OPERATE":53163857.32,"NETCASH_INVEST":-47488019.74,"NETCASH_FINANCE":-27581497.79,"END_CASH":46682290.2,"DIVI_RATIO":0.925476193888,"DIVIDEND_RATE":10.752688172043,"CURRENT_RATIO":3.050789275712,"COMMON_ACS":3000000000,"CURRENTDEBT_DEBT":84.515061368427,"ISSUED_COMMON_SHARES":1336245000,"HK_COMMON_SHARES":1336245000,"PER_SHARES":3000,"TOTAL_MARKET_CAP":248541570,"HKSK_MARKET_CAP":248541570,"PE_TTM":7.257959642565,"PB_TTM":0.394507297561,"REPORT_DATE_SQ":"2021-12-31 00:00:00","REPORT_TYPE_SQ":"2021年年报","OPERATE_INCOME_SQ":332736219.2,"DPS_HKD":0.02,"OPERATE_INCOME_QOQ_SQ":42.8321116246,"NET_PROFIT_RATIO_SQ":9.5325259438,"HOLDER_PROFIT_SQ":31688540.8,"HOLDER_PROFIT_QOQ_SQ":-23.862938070601,"ROE_AVG_SQ":5.802634376245,"PE_TTM_SQ":7.85403635262,"PB_TTM_SQ":0.371390226588,"ROA_SQ":4.404138012536,"START_DATE":"2022-01-01 00:00:00","FISCAL_YEAR":"12-31","CURRENCY":"HKD","IS_CNY_CODE":0,"DPS_HKD_LY":0.02,"ORG_TYPE":"一般企业","PREMIUM_INCOME":null,"PREMIUM_INCOME_YOY":null,"NET_INTEREST_INCOME":null,"NET_INTEREST_INCOME_YOY":null,"FEE_COMMISSION_INCOME":null,"FEE_COMMISSION_INCOME_YOY":null,"ACCOUNTS_RECE_TDAYS":4.212998890572,"INVENTORY_TDAYS":0.877760556612,"CURRENT_ASSETS_TDAYS":0.741336271864,"TOTAL_ASSETS_TDAYS":0.429045561767,"PREMIUM_EXPENSE":null,"LOAN_DEPOSIT":null,"LOAN_EQUITY":null,"LOAN_ASSETS":null,"DEPOSIT_EQUITY":null,"DEPOSIT_ASSETS":null,"EQUITY_MULTIPLIER":1.293123863819,"EQUITY_RATIO":0.3159085428},{"SECUCODE":"03326.HK","SECURITY_CODE":"03326","SECURITY_NAME_ABBR":"保发集团","ORG_CODE":"10499067","STD_REPORT_DATE":"2022-06-30 00:00:00","REPORT_DATE":"2022-06-30 00:00:00","DATE_TYPE_CODE":"002","REPORT_TYPE":"2022年中报","PER_NETCASH_OPERATE":0.014742842126,"PER_OI":0.143567396778,"BPS":0.423713750862,"BASIC_EPS":0.016077572,"DILUTED_EPS":0.016077572,"OPERATE_INCOME":193815985.65,"OPERATE_INCOME_YOY":16.0825872278,"GROSS_PROFIT":58176865.32,"GROSS_PROFIT_YOY":22.316604231546,"HOLDER_PROFIT":21676500.93,"HOLDER_PROFIT_YOY":5.1917330677,"GROSS_PROFIT_RATIO":30.016546429281,"EPS_TTM":0.024677957074,"OPERATE_INCOME_QOQ":9.553463984135,"NET_PROFIT_RATIO":10.8985814195,"ROE_AVG":3.765341683923,"GROSS_PROFIT_QOQ":12.988029361099,"ROA":2.848313565084,"HOLDER_PROFIT_QOQ":5.1334053539,"ROE_YEARLY":7.530683367847,"ROIC_YEARLY":6.283917959753,"TOTAL_ASSETS":746310629.96,"TOTAL_LIABILITIES":179832773.96,"TAX_EBT":23.531779201882,"OCF_SALES":10.268934630573,"TOTAL_PARENT_EQUITY":566185381.02,"DEBT_ASSET_RATIO":24.0962364384,"OPERATE_PROFIT":28006617.31,"PRETAX_PROFIT":27623492.19,"NETCASH_OPERATE":19902836.87,"NETCASH_INVEST":9694433.84,"NETCASH_FINANCE":-26857241.95,"END_CASH":69684301.96,"DIVI_RATIO":0.734436807131,"DIVIDEND_RATE":10.752688172043,"CURRENT_RATIO":2.871073809046,"COMMON_ACS":3000000000,"CURRENTDEBT_DEBT":85.330315192787,"ISSUED_COMMON_SHARES":1336245000,"HK_COMMON_SHARES":1336245000,"PER_SHARES":3000,"TOTAL_MARKET_CAP":248541570,"HKSK_MARKET_CAP":248541570,"PE_TTM":7.257959642565,"PB_TTM":0.394507297561,"REPORT_DATE_SQ":"2021-06-30 00:00:00","REPORT_TYPE_SQ":"2021年中报","OPERATE_INCOME_SQ":162451970.88,"DPS_HKD":0.02,"OPERATE_INCOME_QOQ_SQ":-25.571565485885,"NET_PROFIT_RATIO_SQ":12.3460837141,"HOLDER_PROFIT_SQ":20049799.68,"HOLDER_PROFIT_QOQ_SQ":-35.380280091324,"ROE_AVG_SQ":3.682452645502,"PE_TTM_SQ":7.85403635262,"PB_TTM_SQ":0.371390226588,"ROA_SQ":2.799430494344,"START_DATE":"2022-01-01 00:00:00","FISCAL_YEAR":"12-31","CURRENCY":"HKD","IS_CNY_CODE":0,"DPS_HKD_LY":0.02,"ORG_TYPE":"一般企业","PREMIUM_INCOME":null,"PREMIUM_INCOME_YOY":null,"NET_INTEREST_INCOME":null,"NET_INTEREST_INCOME_YOY":null,"FEE_COMMISSION_INCOME":null,"FEE_COMMISSION_INCOME_YOY":null,"ACCOUNTS_RECE_TDAYS":2.029252175782,"INVENTORY_TDAYS":0.529864533048,"CURRENT_ASSETS_TDAYS":0.435120263566,"TOTAL_ASSETS_TDAYS":0.254676113474,"PREMIUM_EXPENSE":null,"LOAN_DEPOSIT":null,"LOAN_EQUITY":null,"LOAN_ASSETS":null,"DEPOSIT_EQUITY":null,"DEPOSIT_ASSETS":null,"EQUITY_MULTIPLIER":1.317457729469,"EQUITY_RATIO":0.317621718943},{"SECUCODE":"03326.HK","SECURITY_CODE":"03326","SECURITY_NAME_ABBR":"保发集团","ORG_CODE":"10499067","STD_REPORT_DATE":"2021-12-31 00:00:00","REPORT_DATE":"2021-12-31 00:00:00","DATE_TYPE_CODE":"001","REPORT_TYPE":"2021年年报","PER_NETCASH_OPERATE":0.010565814519,"PER_OI":0.246471273481,"BPS":0.418682518849,"BASIC_EPS":0.02346512,"DILUTED_EPS":0.02346512,"OPERATE_INCOME":332736219.2,"OPERATE_INCOME_YOY":7.9498346641,"GROSS_PROFIT":83267654.4,"GROSS_PROFIT_YOY":-37.153002002162,"HOLDER_PROFIT":31688540.8,"HOLDER_PROFIT_YOY":-49.3538228338,"GROSS_PROFIT_RATIO":24.893099334813,"EPS_TTM":0.023472993185,"OPERATE_INCOME_QOQ":42.8321116246,"NET_PROFIT_RATIO":9.5325259438,"ROE_AVG":5.802634376245,"GROSS_PROFIT_QOQ":21.201211321461,"ROA":4.404138012536,"HOLDER_PROFIT_QOQ":-23.862938070601,"ROE_YEARLY":5.802634376245,"ROIC_YEARLY":4.848110346484,"TOTAL_ASSETS":741649865.6,"TOTAL_LIABILITIES":181358396.8,"TAX_EBT":48.419307891333,"OCF_SALES":4.344761805146,"TOTAL_PARENT_EQUITY":559462422.4,"DEBT_ASSET_RATIO":24.4533714913,"OPERATE_PROFIT":61291384,"PRETAX_PROFIT":60672460.8,"NETCASH_OPERATE":14263849.6,"NETCASH_INVEST":-13640020.8,"NETCASH_FINANCE":-3311280,"END_CASH":64537256,"DIVI_RATIO":0.772138425509,"DIVIDEND_RATE":10.752688172043,"CURRENT_RATIO":2.82087025469,"COMMON_ACS":3000000000,"CURRENTDEBT_DEBT":84.149167335383,"ISSUED_COMMON_SHARES":1336245000,"HK_COMMON_SHARES":1336245000,"PER_SHARES":3000,"TOTAL_MARKET_CAP":248541570,"HKSK_MARKET_CAP":248541570,"PE_TTM":7.257959642565,"PB_TTM":0.394507297561,"REPORT_DATE_SQ":"2020-12-31 00:00:00","REPORT_TYPE_SQ":"2020年年报","OPERATE_INCOME_SQ":313064830.8,"DPS_HKD":0.02,"OPERATE_INCOME_QOQ_SQ":-54.444245867973,"NET_PROFIT_RATIO_SQ":20.846108354,"HOLDER_PROFIT_SQ":64408184.28,"HOLDER_PROFIT_QOQ_SQ":-58.73819986538,"ROE_AVG_SQ":12.6391571583,"PE_TTM_SQ":7.85403635262,"PB_TTM_SQ":0.371390226588,"ROA_SQ":7.87847746804,"START_DATE":"2021-01-01 00:00:00","FISCAL_YEAR":"12-31","CURRENCY":"HKD","IS_CNY_CODE":0,"DPS_HKD_LY":0.02,"ORG_TYPE":"一般企业","PREMIUM_INCOME":null,"PREMIUM_INCOME_YOY":null,"NET_INTEREST_INCOME":null,"NET_INTEREST_INCOME_YOY":null,"FEE_COMMISSION_INCOME":null,"FEE_COMMISSION_INCOME_YOY":null,"ACCOUNTS_RECE_TDAYS":4.568402501038,"INVENTORY_TDAYS":0.890356160178,"CURRENT_ASSETS_TDAYS":0.755417426632,"TOTAL_ASSETS_TDAYS":0.456277924994,"PREMIUM_EXPENSE":null,"LOAN_DEPOSIT":null,"LOAN_EQUITY":null,"LOAN_ASSETS":null,"DEPOSIT_EQUITY":null,"DEPOSIT_ASSETS":null,"EQUITY_MULTIPLIER":1.32368580801,"EQUITY_RATIO":0.324165465881},{"SECUCODE":"03326.HK","SECURITY_CODE":"03326","SECURITY_NAME_ABBR":"保发集团","ORG_CODE":"10499067","STD_REPORT_DATE":"2021-06-30 00:00:00","REPORT_DATE":"2021-06-30 00:00:00","DATE_TYPE_CODE":"002","REPORT_TYPE":"2021年中报","PER_NETCASH_OPERATE":-0.000883853867,"PER_OI":0.120334793244,"BPS":0.409170682981,"BASIC_EPS":0.014811024,"DILUTED_EPS":0.014811024,"OPERATE_INCOME":162451970.88,"OPERATE_INCOME_YOY":-26.1309118426,"GROSS_PROFIT":47562524.88,"GROSS_PROFIT_YOY":-56.116005463128,"HOLDER_PROFIT":20049799.68,"HOLDER_PROFIT_YOY":-48.6193146683,"GROSS_PROFIT_RATIO":29.277899567703,"EPS_TTM":0.030829917244,"OPERATE_INCOME_QOQ":-25.571565485885,"NET_PROFIT_RATIO":12.3460837141,"ROE_AVG":3.682452645502,"GROSS_PROFIT_QOQ":-47.423544537909,"ROA":2.799430494344,"HOLDER_PROFIT_QOQ":-35.380280091324,"ROE_YEARLY":7.364905291004,"ROIC_YEARLY":6.092648921726,"TOTAL_ASSETS":722683946.16,"TOTAL_LIABILITIES":175895887.44,"TAX_EBT":44.718132195771,"OCF_SALES":-0.734495687271,"TOTAL_PARENT_EQUITY":546752279.28,"DEBT_ASSET_RATIO":24.3392548533,"OPERATE_PROFIT":36406828.32,"PRETAX_PROFIT":36280352.16,"NETCASH_OPERATE":-1193202.72,"NETCASH_INVEST":-17628446.88,"NETCASH_FINANCE":-543348.24,"END_CASH":48465331.68,"DIVI_RATIO":0.587883511211,"DIVIDEND_RATE":10.752688172043,"CURRENT_RATIO":2.911757977492,"COMMON_ACS":3000000000,"CURRENTDEBT_DEBT":84.781899116811,"ISSUED_COMMON_SHARES":1336245000,"HK_COMMON_SHARES":1336245000,"PER_SHARES":3000,"TOTAL_MARKET_CAP":248541570,"HKSK_MARKET_CAP":248541570,"PE_TTM":7.257959642565,"PB_TTM":0.394507297561,"REPORT_DATE_SQ":"2020-06-30 00:00:00","REPORT_TYPE_SQ":"2020年中报","OPERATE_INCOME_SQ":241422192,"DPS_HKD":0.02,"OPERATE_INCOME_QOQ_SQ":-3.867001560288,"NET_PROFIT_RATIO_SQ":17.9330771939,"HOLDER_PROFIT_SQ":42837595.68,"HOLDER_PROFIT_QOQ_SQ":1.894851249325,"ROE_AVG_SQ":8.204628476256,"PE_TTM_SQ":7.85403635262,"PB_TTM_SQ":0.371390226588,"ROA_SQ":4.916188818886,"START_DATE":"2021-01-01 00:00:00","FISCAL_YEAR":"12-31","CURRENCY":"HKD","IS_CNY_CODE":0,"DPS_HKD_LY":0.02,"ORG_TYPE":"一般企业","PREMIUM_INCOME":null,"PREMIUM_INCOME_YOY":null,"NET_INTEREST_INCOME":null,"NET_INTEREST_INCOME_YOY":null,"FEE_COMMISSION_INCOME":null,"FEE_COMMISSION_INCOME_YOY":null,"ACCOUNTS_RECE_TDAYS":2.258578006062,"INVENTORY_TDAYS":0.39750513885,"CURRENT_ASSETS_TDAYS":0.368922150427,"TOTAL_ASSETS_TDAYS":0.226821718125,"PREMIUM_EXPENSE":null,"LOAN_DEPOSIT":null,"LOAN_EQUITY":null,"LOAN_ASSETS":null,"DEPOSIT_EQUITY":null,"DEPOSIT_ASSETS":null,"EQUITY_MULTIPLIER":1.321689335812,"EQUITY_RATIO":0.321710387146},{"SECUCODE":"03326.HK","SECURITY_CODE":"03326","SECURITY_NAME_ABBR":"保发集团","ORG_CODE":"10499067","STD_REPORT_DATE":"2020-12-31 00:00:00","REPORT_DATE":"2020-12-31 00:00:00","DATE_TYPE_CODE":"001","REPORT_TYPE":"2020年年报","PER_NETCASH_OPERATE":-0.011972484859,"PER_OI":0.231899874667,"BPS":0.410414487822,"BASIC_EPS":0.047720988,"DILUTED_EPS":0.047720988,"OPERATE_INCOME":313064830.8,"OPERATE_INCOME_YOY":-53.3887528947,"GROSS_PROFIT":132492652.08,"GROSS_PROFIT_YOY":-49.753509235007,"HOLDER_PROFIT":64408184.28,"HOLDER_PROFIT_YOY":-55.2518170708,"GROSS_PROFIT_RATIO":41.528423909933,"EPS_TTM":0.047709766133,"OPERATE_INCOME_QOQ":-54.444245867973,"NET_PROFIT_RATIO":20.846108354,"ROE_AVG":12.6391571583,"GROSS_PROFIT_QOQ":-54.73871579808,"ROA":7.87847746804,"HOLDER_PROFIT_QOQ":-58.73819986538,"ROE_YEARLY":12.6391571583,"ROIC_YEARLY":9.069291606399,"TOTAL_ASSETS":717890304.24,"TOTAL_LIABILITIES":169449906.12,"TAX_EBT":37.136329267892,"OCF_SALES":-5.233738591055,"TOTAL_PARENT_EQUITY":548414307.28,"DEBT_ASSET_RATIO":23.6038716666,"OPERATE_PROFIT":103562118.72,"PRETAX_PROFIT":102407388.64,"NETCASH_OPERATE":-16162854.56,"NETCASH_INVEST":3675441.88,"NETCASH_FINANCE":-74079469.52,"END_CASH":68342009.64,"DIVI_RATIO":0.379888678334,"DIVIDEND_RATE":10.752688172043,"CURRENT_RATIO":3.097629549233,"COMMON_ACS":3000000000,"CURRENTDEBT_DEBT":86.03457952745,"ISSUED_COMMON_SHARES":1336245000,"HK_COMMON_SHARES":1336245000,"PER_SHARES":3000,"TOTAL_MARKET_CAP":248541570,"HKSK_MARKET_CAP":248541570,"PE_TTM":7.257959642565,"PB_TTM":0.394507297561,"REPORT_DATE_SQ":"2019-12-31 00:00:00","REPORT_TYPE_SQ":"2019年年报","OPERATE_INCOME_SQ":705164286.46,"DPS_HKD":0.02,"OPERATE_INCOME_QOQ_SQ":23.765296821226,"NET_PROFIT_RATIO_SQ":23.2024105477,"HOLDER_PROFIT_SQ":153193608.26,"HOLDER_PROFIT_QOQ_SQ":105.326577674476,"ROE_AVG_SQ":33.123282868927,"PE_TTM_SQ":7.85403635262,"PB_TTM_SQ":0.371390226588,"ROA_SQ":15.880940076769,"START_DATE":"2020-01-01 00:00:00","FISCAL_YEAR":"12-31","CURRENCY":"HKD","IS_CNY_CODE":0,"DPS_HKD_LY":0.02,"ORG_TYPE":"一般企业","PREMIUM_INCOME":null,"PREMIUM_INCOME_YOY":null,"NET_INTEREST_INCOME":null,"NET_INTEREST_INCOME_YOY":null,"FEE_COMMISSION_INCOME":null,"FEE_COMMISSION_INCOME_YOY":null,"ACCOUNTS_RECE_TDAYS":3.659861268264,"INVENTORY_TDAYS":0.48901389446,"CURRENT_ASSETS_TDAYS":0.536524167034,"TOTAL_ASSETS_TDAYS":0.377752440566,"PREMIUM_EXPENSE":null,"LOAN_DEPOSIT":null,"LOAN_EQUITY":null,"LOAN_ASSETS":null,"DEPOSIT_EQUITY":null,"DEPOSIT_ASSETS":null,"EQUITY_MULTIPLIER":1.308966857111,"EQUITY_RATIO":0.308981556226},{"SECUCODE":"03326.HK","SECURITY_CODE":"03326","SECURITY_NAME_ABBR":"保发集团","ORG_CODE":"10499067","STD_REPORT_DATE":"2020-06-30 00:00:00","REPORT_DATE":"2020-06-30 00:00:00","DATE_TYPE_CODE":"002","REPORT_TYPE":"2020年中报","PER_NETCASH_OPERATE":-0.005167363911,"PER_OI":0.178831253333,"BPS":0.399102142496,"BASIC_EPS":0.031696368,"DILUTED_EPS":0.031696368,"OPERATE_INCOME":241422192,"OPERATE_INCOME_YOY":-13.5716884405,"GROSS_PROFIT":108382396.32,"GROSS_PROFIT_YOY":26.038993032206,"HOLDER_PROFIT":42837595.68,"HOLDER_PROFIT_YOY":3.301907573,"GROSS_PROFIT_RATIO":44.264032818503,"EPS_TTM":0.115626962415,"OPERATE_INCOME_QOQ":-3.867001560288,"NET_PROFIT_RATIO":17.9330771939,"ROE_AVG":8.204628476256,"GROSS_PROFIT_QOQ":7.457951505559,"ROA":4.916188818886,"HOLDER_PROFIT_QOQ":1.894851249325,"ROE_YEARLY":16.409256952512,"ROIC_YEARLY":11.507110818848,"TOTAL_ASSETS":747322715.04,"TOTAL_LIABILITIES":213997069.44,"TAX_EBT":45.8855862722,"OCF_SALES":-2.92251526887,"TOTAL_PARENT_EQUITY":533298242.4,"DEBT_ASSET_RATIO":28.6351619097,"OPERATE_PROFIT":79721389.44,"PRETAX_PROFIT":79102077.12,"NETCASH_OPERATE":-6975941.28,"NETCASH_INVEST":17431175.52,"NETCASH_FINANCE":-73764847.2,"END_CASH":94807764.48,"DIVI_RATIO":0.156748907188,"DIVIDEND_RATE":10.752688172043,"CURRENT_RATIO":2.611987543952,"COMMON_ACS":3000000000,"CURRENTDEBT_DEBT":91.290614488894,"ISSUED_COMMON_SHARES":1336245000,"HK_COMMON_SHARES":1336245000,"PER_SHARES":3000,"TOTAL_MARKET_CAP":248541570,"HKSK_MARKET_CAP":248541570,"PE_TTM":7.257959642565,"PB_TTM":0.394507297561,"REPORT_DATE_SQ":"2019-06-30 00:00:00","REPORT_TYPE_SQ":"2019年中报","OPERATE_INCOME_SQ":265965201,"DPS_HKD":0.02,"OPERATE_INCOME_QOQ_SQ":24.570012945078,"NET_PROFIT_RATIO_SQ":19.0851661981,"HOLDER_PROFIT_SQ":39934804.68,"HOLDER_PROFIT_QOQ_SQ":54.064565530373,"ROE_AVG_SQ":9.497012702291,"PE_TTM_SQ":7.85403635262,"PB_TTM_SQ":0.371390226588,"ROA_SQ":3.947945695093,"START_DATE":"2020-01-01 00:00:00","FISCAL_YEAR":"12-31","CURRENCY":"HKD","IS_CNY_CODE":0,"DPS_HKD_LY":0.02,"ORG_TYPE":"一般企业","PREMIUM_INCOME":null,"PREMIUM_INCOME_YOY":null,"NET_INTEREST_INCOME":null,"NET_INTEREST_INCOME_YOY":null,"FEE_COMMISSION_INCOME":null,"FEE_COMMISSION_INCOME_YOY":null,"ACCOUNTS_RECE_TDAYS":2.697103904321,"INVENTORY_TDAYS":0.324028672623,"CURRENT_ASSETS_TDAYS":0.376030765578,"TOTAL_ASSETS_TDAYS":0.273936242701,"PREMIUM_EXPENSE":null,"LOAN_DEPOSIT":null,"LOAN_EQUITY":null,"LOAN_ASSETS":null,"DEPOSIT_EQUITY":null,"DEPOSIT_ASSETS":null,"EQUITY_MULTIPLIER":1.401250289021,"EQUITY_RATIO":0.40127090702}],"count":23},"success":true,"message":"ok","code":0}