{"version":"d6c0d80ad3cbb9cd0d85447088b8cfd1","result":{"pages":9,"data":[{"SECUCODE":"03323.HK","SECURITY_CODE":"03323","SECURITY_NAME_ABBR":"中国建材","ORG_CODE":"10010898","STD_REPORT_DATE":"2024-09-30 00:00:00","REPORT_DATE":"2024-09-30 00:00:00","DATE_TYPE_CODE":"004","REPORT_TYPE":"2024年三季报","PER_NETCASH_OPERATE":0.898214538778,"PER_OI":15.914311723442,"BPS":11.858488205165,"BASIC_EPS":null,"DILUTED_EPS":null,"OPERATE_INCOME":134233569630.81,"OPERATE_INCOME_YOY":-15.8836943492,"GROSS_PROFIT":25039662143.24,"GROSS_PROFIT_YOY":-17.388070652877,"HOLDER_PROFIT":-684379801.51,"HOLDER_PROFIT_YOY":-129.0823364453,"GROSS_PROFIT_RATIO":18.653800395913,"EPS_TTM":0.097859111694,"OPERATE_INCOME_QOQ":-3.368322184339,"NET_PROFIT_RATIO":1.4244601717,"ROE_AVG":-0.570875911291,"GROSS_PROFIT_QOQ":-2.775655600768,"ROA":-0.13815933885,"HOLDER_PROFIT_QOQ":87.032043126947,"ROE_YEARLY":-0.761167881722,"ROIC_YEARLY":-0.176970960241,"TOTAL_ASSETS":501812956938.15,"TOTAL_LIABILITIES":311024502435.4,"TAX_EBT":36.15647702615,"OCF_SALES":5.644067769864,"TOTAL_PARENT_EQUITY":116577954908.6,"DEBT_ASSET_RATIO":61.9801657441,"OPERATE_PROFIT":7077604139.65,"PRETAX_PROFIT":2994984686.58,"NETCASH_OPERATE":7576233639.87,"NETCASH_INVEST":-10245373393.57,"NETCASH_FINANCE":-1325378367.3,"END_CASH":23800454727.38,"DIVI_RATIO":2.33733909944,"DIVIDEND_RATE":6.471794871795,"CURRENT_RATIO":0.919364143888,"COMMON_ACS":null,"CURRENTDEBT_DEBT":53.359152670925,"ISSUED_COMMON_SHARES":8434770662,"HK_COMMON_SHARES":4558146500,"PER_SHARES":2000,"TOTAL_MARKET_CAP":32895605581.8,"HKSK_MARKET_CAP":17776771350,"PE_TTM":35.017064088692,"PB_TTM":0.29657920463,"REPORT_DATE_SQ":"2023-09-30 00:00:00","REPORT_TYPE_SQ":"2023年三季报","OPERATE_INCOME_SQ":159580914297.52,"DPS_HKD":0.2524,"OPERATE_INCOME_QOQ_SQ":-3.260625648258,"NET_PROFIT_RATIO_SQ":4.0210956059,"HOLDER_PROFIT_SQ":2353249034.16,"HOLDER_PROFIT_QOQ_SQ":-17.08923828129,"ROE_AVG_SQ":2.023917964209,"PE_TTM_SQ":6.999910009681,"PB_TTM_SQ":0.214202915547,"ROA_SQ":0.47515091645,"START_DATE":"2024-01-01 00:00:00","FISCAL_YEAR":"12-31","CURRENCY":"HKD","IS_CNY_CODE":0,"DPS_HKD_LY":0.2524,"ORG_TYPE":"一般企业","PREMIUM_INCOME":null,"PREMIUM_INCOME_YOY":null,"NET_INTEREST_INCOME":null,"NET_INTEREST_INCOME_YOY":null,"FEE_COMMISSION_INCOME":null,"FEE_COMMISSION_INCOME_YOY":null,"ACCOUNTS_RECE_TDAYS":2.192721499495,"INVENTORY_TDAYS":5.133049506457,"CURRENT_ASSETS_TDAYS":0.891675669459,"TOTAL_ASSETS_TDAYS":0.270984345107,"PREMIUM_EXPENSE":null,"LOAN_DEPOSIT":null,"LOAN_EQUITY":null,"LOAN_ASSETS":null,"DEPOSIT_EQUITY":null,"DEPOSIT_ASSETS":null,"EQUITY_MULTIPLIER":2.630206100503,"EQUITY_RATIO":2.667952982013},{"SECUCODE":"03323.HK","SECURITY_CODE":"03323","SECURITY_NAME_ABBR":"中国建材","ORG_CODE":"10010898","STD_REPORT_DATE":"2024-06-30 00:00:00","REPORT_DATE":"2024-06-30 00:00:00","DATE_TYPE_CODE":"002","REPORT_TYPE":"2024年中报","PER_NETCASH_OPERATE":0.355056008042,"PER_OI":9.896012274056,"BPS":11.723899790839,"BASIC_EPS":-0.239,"DILUTED_EPS":-0.239,"OPERATE_INCOME":83470594000,"OPERATE_INCOME_YOY":-18.4649629824,"GROSS_PROFIT":13253495000,"GROSS_PROFIT_YOY":-24.718413189537,"HOLDER_PROFIT":-2017616000,"HOLDER_PROFIT_YOY":-243.6938922746,"GROSS_PROFIT_RATIO":15.878040834357,"EPS_TTM":0.052322110189,"OPERATE_INCOME_QOQ":-5.780639673737,"NET_PROFIT_RATIO":-0.3502466989,"ROE_AVG":-1.817055980234,"GROSS_PROFIT_QOQ":-9.372763608981,"ROA":-0.408187822674,"HOLDER_PROFIT_QOQ":-85.481096812331,"ROE_YEARLY":-3.634111960469,"ROIC_YEARLY":-1.06572961802,"TOTAL_ASSETS":499674438000,"TOTAL_LIABILITIES":309912912000,"TAX_EBT":189.3510311862,"OCF_SALES":3.587869519654,"TOTAL_PARENT_EQUITY":98888406000,"DEBT_ASSET_RATIO":62.0229670424,"OPERATE_PROFIT":2435151000,"PRETAX_PROFIT":327196000,"NETCASH_OPERATE":2994816000,"NETCASH_INVEST":-11278812000,"NETCASH_FINANCE":5969671000,"END_CASH":24808887000,"DIVI_RATIO":4.371573072488,"DIVIDEND_RATE":6.748663101604,"CURRENT_RATIO":0.831171807722,"COMMON_ACS":null,"CURRENTDEBT_DEBT":58.576349345522,"ISSUED_COMMON_SHARES":8434770662,"HK_COMMON_SHARES":4558146500,"PER_SHARES":2000,"TOTAL_MARKET_CAP":31546042275.88,"HKSK_MARKET_CAP":17047467910,"PE_TTM":33.580466587617,"PB_TTM":0.284411852645,"REPORT_DATE_SQ":"2023-06-30 00:00:00","REPORT_TYPE_SQ":"2023年中报","OPERATE_INCOME_SQ":102373896000,"DPS_HKD":0.2524,"OPERATE_INCOME_QOQ_SQ":-1.675831435299,"NET_PROFIT_RATIO_SQ":4.3116108427,"HOLDER_PROFIT_SQ":1404107000,"HOLDER_PROFIT_QOQ_SQ":-33.015318923055,"ROE_AVG_SQ":1.321706758372,"PE_TTM_SQ":7.907748167933,"PB_TTM_SQ":0.241983498451,"ROA_SQ":0.284785030075,"START_DATE":"2024-01-01 00:00:00","FISCAL_YEAR":"12-31","CURRENCY":"HKD","IS_CNY_CODE":0,"DPS_HKD_LY":0.2524,"ORG_TYPE":"一般企业","PREMIUM_INCOME":null,"PREMIUM_INCOME_YOY":null,"NET_INTEREST_INCOME":null,"NET_INTEREST_INCOME_YOY":null,"FEE_COMMISSION_INCOME":null,"FEE_COMMISSION_INCOME_YOY":null,"ACCOUNTS_RECE_TDAYS":1.120602924606,"INVENTORY_TDAYS":3.229331887693,"CURRENT_ASSETS_TDAYS":0.557602142673,"TOTAL_ASSETS_TDAYS":0.168870984479,"PREMIUM_EXPENSE":null,"LOAN_DEPOSIT":null,"LOAN_EQUITY":null,"LOAN_ASSETS":null,"DEPOSIT_EQUITY":null,"DEPOSIT_ASSETS":null,"EQUITY_MULTIPLIER":2.633170424652,"EQUITY_RATIO":3.13396609912},{"SECUCODE":"03323.HK","SECURITY_CODE":"03323","SECURITY_NAME_ABBR":"中国建材","ORG_CODE":"10010898","STD_REPORT_DATE":"2024-03-31 00:00:00","REPORT_DATE":"2024-03-31 00:00:00","DATE_TYPE_CODE":"003","REPORT_TYPE":"2024年一季报","PER_NETCASH_OPERATE":-0.710147985281,"PER_OI":4.389112159136,"BPS":12.368874789113,"BASIC_EPS":null,"DILUTED_EPS":null,"OPERATE_INCOME":37021154472.11,"OPERATE_INCOME_YOY":-16.2167550557,"GROSS_PROFIT":6019927818.73,"GROSS_PROFIT_YOY":-13.369827958213,"HOLDER_PROFIT":-1349540548.38,"HOLDER_PROFIT_YOY":-156.49323989,"GROSS_PROFIT_RATIO":16.260778207944,"EPS_TTM":0.360372333317,"OPERATE_INCOME_QOQ":-3.408710146662,"NET_PROFIT_RATIO":-2.4911893871,"ROE_AVG":-1.101371961166,"GROSS_PROFIT_QOQ":-2.481076802165,"ROA":-0.272046940799,"HOLDER_PROFIT_QOQ":-21.314516815219,"ROE_YEARLY":-4.405487844665,"ROIC_YEARLY":-1.398412642692,"TOTAL_ASSETS":503240083077.44,"TOTAL_LIABILITIES":309686709475.49,"TAX_EBT":-21.309614566147,"OCF_SALES":-16.179763914285,"TOTAL_PARENT_EQUITY":121878488693.16,"DEBT_ASSET_RATIO":61.5385617898,"OPERATE_PROFIT":674311939.8,"PRETAX_PROFIT":-760258842.21,"NETCASH_OPERATE":-5989935391.93,"NETCASH_INVEST":-3651354072.97,"NETCASH_FINANCE":11286735202.96,"END_CASH":29501252010.06,"DIVI_RATIO":0.634704462173,"DIVIDEND_RATE":7.294797687861,"CURRENT_RATIO":0.907112151734,"COMMON_ACS":null,"CURRENTDEBT_DEBT":55.875320755363,"ISSUED_COMMON_SHARES":8434770662,"HK_COMMON_SHARES":4558146500,"PER_SHARES":2000,"TOTAL_MARKET_CAP":29184306490.52,"HKSK_MARKET_CAP":15771186890,"PE_TTM":31.066420960737,"PB_TTM":0.263118986672,"REPORT_DATE_SQ":"2023-03-31 00:00:00","REPORT_TYPE_SQ":"2023年一季报","OPERATE_INCOME_SQ":44186823387.82,"DPS_HKD":0.2524,"OPERATE_INCOME_QOQ_SQ":-2.497623136507,"NET_PROFIT_RATIO_SQ":-0.0714024276,"HOLDER_PROFIT_SQ":-526150532.84,"HOLDER_PROFIT_QOQ_SQ":-29.269096830468,"ROE_AVG_SQ":-0.460504218998,"PE_TTM_SQ":7.167143354622,"PB_TTM_SQ":0.219320391345,"ROA_SQ":-0.107285527048,"START_DATE":"2024-01-01 00:00:00","FISCAL_YEAR":"12-31","CURRENCY":"HKD","IS_CNY_CODE":0,"DPS_HKD_LY":0.2524,"ORG_TYPE":"一般企业","PREMIUM_INCOME":null,"PREMIUM_INCOME_YOY":null,"NET_INTEREST_INCOME":null,"NET_INTEREST_INCOME_YOY":null,"FEE_COMMISSION_INCOME":null,"FEE_COMMISSION_INCOME_YOY":null,"ACCOUNTS_RECE_TDAYS":0.615505156126,"INVENTORY_TDAYS":1.393217928639,"CURRENT_ASSETS_TDAYS":0.242388813729,"TOTAL_ASSETS_TDAYS":0.074629041944,"PREMIUM_EXPENSE":null,"LOAN_DEPOSIT":null,"LOAN_EQUITY":null,"LOAN_ASSETS":null,"DEPOSIT_EQUITY":null,"DEPOSIT_ASSETS":null,"EQUITY_MULTIPLIER":2.600006777008,"EQUITY_RATIO":2.540946419636},{"SECUCODE":"03323.HK","SECURITY_CODE":"03323","SECURITY_NAME_ABBR":"中国建材","ORG_CODE":"10010898","STD_REPORT_DATE":"2023-12-31 00:00:00","REPORT_DATE":"2023-12-31 00:00:00","DATE_TYPE_CODE":"001","REPORT_TYPE":"2023年年报","PER_NETCASH_OPERATE":3.441098064558,"PER_OI":24.922602216923,"BPS":12.487059366594,"BASIC_EPS":0.458,"DILUTED_EPS":0.45,"OPERATE_INCOME":210216434000,"OPERATE_INCOME_YOY":-10.1177564161,"GROSS_PROFIT":37446197000,"GROSS_PROFIT_YOY":-6.016484500419,"HOLDER_PROFIT":3863048000,"HOLDER_PROFIT_YOY":-52.4814042598,"GROSS_PROFIT_RATIO":17.813163456098,"EPS_TTM":0.457990875484,"OPERATE_INCOME_QOQ":-1.521038768948,"NET_PROFIT_RATIO":4.9475913001,"ROE_AVG":3.633174352032,"GROSS_PROFIT_QOQ":6.366497595775,"ROA":0.795385252285,"HOLDER_PROFIT_QOQ":23.519340900304,"ROE_YEARLY":3.633174352032,"ROIC_YEARLY":1.017693773442,"TOTAL_ASSETS":488789092107.45,"TOTAL_LIABILITIES":295276026327.58,"TAX_EBT":16.927198108742,"OCF_SALES":13.807137932898,"TOTAL_PARENT_EQUITY":123186865422.28,"DEBT_ASSET_RATIO":60.4183046194,"OPERATE_PROFIT":16152819000,"PRETAX_PROFIT":12519922000,"NETCASH_OPERATE":29024873000,"NETCASH_INVEST":-27339356000,"NETCASH_FINANCE":-1078093000,"END_CASH":27430500000,"DIVI_RATIO":0.499420272856,"DIVIDEND_RATE":7.315942028986,"CURRENT_RATIO":0.839976485121,"COMMON_ACS":null,"CURRENTDEBT_DEBT":57.655948774216,"ISSUED_COMMON_SHARES":8434770662,"HK_COMMON_SHARES":4558146500,"PER_SHARES":2000,"TOTAL_MARKET_CAP":29099958783.9,"HKSK_MARKET_CAP":15725605425,"PE_TTM":30.97663361692,"PB_TTM":0.262358527173,"REPORT_DATE_SQ":"2022-12-31 00:00:00","REPORT_TYPE_SQ":"2022年年报","OPERATE_INCOME_SQ":233879825000,"DPS_HKD":0.2524,"OPERATE_INCOME_QOQ_SQ":-7.116252435973,"NET_PROFIT_RATIO_SQ":6.4756217613,"HOLDER_PROFIT_SQ":8129550000,"HOLDER_PROFIT_QOQ_SQ":-17.350030256778,"ROE_AVG_SQ":7.049816540921,"PE_TTM_SQ":7.668843389446,"PB_TTM_SQ":0.234672818739,"ROA_SQ":1.684974659682,"START_DATE":"2023-01-01 00:00:00","FISCAL_YEAR":"12-31","CURRENCY":"HKD","IS_CNY_CODE":0,"DPS_HKD_LY":0.4301,"ORG_TYPE":"一般企业","PREMIUM_INCOME":null,"PREMIUM_INCOME_YOY":null,"NET_INTEREST_INCOME":null,"NET_INTEREST_INCOME_YOY":null,"FEE_COMMISSION_INCOME":null,"FEE_COMMISSION_INCOME_YOY":null,"ACCOUNTS_RECE_TDAYS":2.896678929532,"INVENTORY_TDAYS":7.665740496338,"CURRENT_ASSETS_TDAYS":1.409883541825,"TOTAL_ASSETS_TDAYS":0.432826750772,"PREMIUM_EXPENSE":null,"LOAN_DEPOSIT":null,"LOAN_EQUITY":null,"LOAN_ASSETS":null,"DEPOSIT_EQUITY":null,"DEPOSIT_ASSETS":null,"EQUITY_MULTIPLIER":2.52642033239,"EQUITY_RATIO":2.396976538979},{"SECUCODE":"03323.HK","SECURITY_CODE":"03323","SECURITY_NAME_ABBR":"中国建材","ORG_CODE":"10010898","STD_REPORT_DATE":"2023-09-30 00:00:00","REPORT_DATE":"2023-09-30 00:00:00","DATE_TYPE_CODE":"004","REPORT_TYPE":"2023年三季报","PER_NETCASH_OPERATE":1.719212106871,"PER_OI":18.919413543329,"BPS":12.551910851131,"BASIC_EPS":null,"DILUTED_EPS":null,"OPERATE_INCOME":159580914297.52,"OPERATE_INCOME_YOY":-9.4757969964,"GROSS_PROFIT":30309983486.8,"GROSS_PROFIT_YOY":-11.105805553728,"HOLDER_PROFIT":2353249034.16,"HOLDER_PROFIT_YOY":-67.2584593382,"GROSS_PROFIT_RATIO":18.993489052388,"EPS_TTM":0.370784746863,"OPERATE_INCOME_QOQ":-3.260625648258,"NET_PROFIT_RATIO":4.0210956059,"ROE_AVG":2.023917964209,"GROSS_PROFIT_QOQ":0.73511047811,"ROA":0.47515091645,"HOLDER_PROFIT_QOQ":-17.08923828129,"ROE_YEARLY":2.698557285613,"ROIC_YEARLY":0.600466191975,"TOTAL_ASSETS":508059656505.85,"TOTAL_LIABILITIES":307786109621.28,"TAX_EBT":17.284435657883,"OCF_SALES":9.087026418306,"TOTAL_PARENT_EQUITY":125215247899.16,"DEBT_ASSET_RATIO":60.5807026163,"OPERATE_PROFIT":11848565376.2,"PRETAX_PROFIT":7757791636.48,"NETCASH_OPERATE":14501159840.79,"NETCASH_INVEST":-12078591135.26,"NETCASH_FINANCE":1220789780.25,"END_CASH":30525796559.34,"DIVI_RATIO":0.616880629354,"DIVIDEND_RATE":6.748663101604,"CURRENT_RATIO":0.918461312017,"COMMON_ACS":null,"CURRENTDEBT_DEBT":58.395627370854,"ISSUED_COMMON_SHARES":8434770662,"HK_COMMON_SHARES":4558146500,"PER_SHARES":2000,"TOTAL_MARKET_CAP":31546042275.88,"HKSK_MARKET_CAP":17047467910,"PE_TTM":33.580466587617,"PB_TTM":0.284411852645,"REPORT_DATE_SQ":"2022-09-30 00:00:00","REPORT_TYPE_SQ":"2022年三季报","OPERATE_INCOME_SQ":176285356846.66,"DPS_HKD":0.2524,"OPERATE_INCOME_QOQ_SQ":-4.974249768293,"NET_PROFIT_RATIO_SQ":7.0822183312,"HOLDER_PROFIT_SQ":7187349729.4,"HOLDER_PROFIT_QOQ_SQ":-29.928341522779,"ROE_AVG_SQ":6.081140395247,"PE_TTM_SQ":7.907748167933,"PB_TTM_SQ":0.241983498451,"ROA_SQ":1.458711121332,"START_DATE":"2023-01-01 00:00:00","FISCAL_YEAR":"12-31","CURRENCY":"HKD","IS_CNY_CODE":0,"DPS_HKD_LY":0.4301,"ORG_TYPE":"一般企业","PREMIUM_INCOME":null,"PREMIUM_INCOME_YOY":null,"NET_INTEREST_INCOME":null,"NET_INTEREST_INCOME_YOY":null,"FEE_COMMISSION_INCOME":null,"FEE_COMMISSION_INCOME_YOY":null,"ACCOUNTS_RECE_TDAYS":2.024334368805,"INVENTORY_TDAYS":5.350869047468,"CURRENT_ASSETS_TDAYS":1.013925245244,"TOTAL_ASSETS_TDAYS":0.322214166778,"PREMIUM_EXPENSE":null,"LOAN_DEPOSIT":null,"LOAN_EQUITY":null,"LOAN_ASSETS":null,"DEPOSIT_EQUITY":null,"DEPOSIT_ASSETS":null,"EQUITY_MULTIPLIER":2.536828574762,"EQUITY_RATIO":2.458056145599},{"SECUCODE":"03323.HK","SECURITY_CODE":"03323","SECURITY_NAME_ABBR":"中国建材","ORG_CODE":"10010898","STD_REPORT_DATE":"2023-06-30 00:00:00","REPORT_DATE":"2023-06-30 00:00:00","DATE_TYPE_CODE":"002","REPORT_TYPE":"2023年中报","PER_NETCASH_OPERATE":0.993744623996,"PER_OI":12.137128571997,"BPS":12.465080582887,"BASIC_EPS":0.166,"DILUTED_EPS":0.166,"OPERATE_INCOME":102373896000,"OPERATE_INCOME_YOY":-8.4995613697,"GROSS_PROFIT":17605228000,"GROSS_PROFIT_YOY":-18.67821875225,"HOLDER_PROFIT":1404107000,"HOLDER_PROFIT_YOY":-74.8978963931,"GROSS_PROFIT_RATIO":17.196989357521,"EPS_TTM":0.447209432379,"OPERATE_INCOME_QOQ":-1.675831435299,"NET_PROFIT_RATIO":4.3116108427,"ROE_AVG":1.321706758372,"GROSS_PROFIT_QOQ":-2.658679020154,"ROA":0.284785030075,"HOLDER_PROFIT_QOQ":-33.015318923055,"ROE_YEARLY":2.643413516744,"ROIC_YEARLY":0.731223169501,"TOTAL_ASSETS":503614695000,"TOTAL_LIABILITIES":309573386000,"TAX_EBT":20.393684754617,"OCF_SALES":8.187641896524,"TOTAL_PARENT_EQUITY":105140096000,"DEBT_ASSET_RATIO":61.4702845397,"OPERATE_PROFIT":7209005000,"PRETAX_PROFIT":5544741000,"NETCASH_OPERATE":8382008000,"NETCASH_INVEST":-10419815000,"NETCASH_FINANCE":7587800000,"END_CASH":32524847000,"DIVI_RATIO":0.511460428693,"DIVIDEND_RATE":6.748663101604,"CURRENT_RATIO":0.877134199092,"COMMON_ACS":null,"CURRENTDEBT_DEBT":60.258026185752,"ISSUED_COMMON_SHARES":8434770662,"HK_COMMON_SHARES":4558146500,"PER_SHARES":2000,"TOTAL_MARKET_CAP":31546042275.88,"HKSK_MARKET_CAP":17047467910,"PE_TTM":33.580466587617,"PB_TTM":0.284411852645,"REPORT_DATE_SQ":"2022-06-30 00:00:00","REPORT_TYPE_SQ":"2022年中报","OPERATE_INCOME_SQ":111883503000,"DPS_HKD":0.2524,"OPERATE_INCOME_QOQ_SQ":-4.820923970857,"NET_PROFIT_RATIO_SQ":8.824586437,"HOLDER_PROFIT_SQ":5593583000,"HOLDER_PROFIT_QOQ_SQ":-14.077814205847,"ROE_AVG_SQ":5.258282577272,"PE_TTM_SQ":7.907748167933,"PB_TTM_SQ":0.241983498451,"ROA_SQ":1.148788289471,"START_DATE":"2023-01-01 00:00:00","FISCAL_YEAR":"12-31","CURRENCY":"HKD","IS_CNY_CODE":0,"DPS_HKD_LY":0.4301,"ORG_TYPE":"一般企业","PREMIUM_INCOME":null,"PREMIUM_INCOME_YOY":null,"NET_INTEREST_INCOME":null,"NET_INTEREST_INCOME_YOY":null,"FEE_COMMISSION_INCOME":null,"FEE_COMMISSION_INCOME_YOY":null,"ACCOUNTS_RECE_TDAYS":1.138629570043,"INVENTORY_TDAYS":3.499958949052,"CURRENT_ASSETS_TDAYS":0.653471625315,"TOTAL_ASSETS_TDAYS":0.207637687521,"PREMIUM_EXPENSE":null,"LOAN_DEPOSIT":null,"LOAN_EQUITY":null,"LOAN_ASSETS":null,"DEPOSIT_EQUITY":null,"DEPOSIT_ASSETS":null,"EQUITY_MULTIPLIER":2.595399389934,"EQUITY_RATIO":2.944389417335},{"SECUCODE":"03323.HK","SECURITY_CODE":"03323","SECURITY_NAME_ABBR":"中国建材","ORG_CODE":"10010898","STD_REPORT_DATE":"2023-03-31 00:00:00","REPORT_DATE":"2023-03-31 00:00:00","DATE_TYPE_CODE":"003","REPORT_TYPE":"2023年一季报","PER_NETCASH_OPERATE":-0.422841688584,"PER_OI":5.238651429717,"BPS":12.604452679163,"BASIC_EPS":null,"DILUTED_EPS":null,"OPERATE_INCOME":44186823387.82,"OPERATE_INCOME_YOY":-11.5226181445,"GROSS_PROFIT":6948996725.79,"GROSS_PROFIT_YOY":-30.672344578224,"HOLDER_PROFIT":-526150532.84,"HOLDER_PROFIT_YOY":-129.2757233698,"GROSS_PROFIT_RATIO":15.709117414508,"EPS_TTM":0.667629411963,"OPERATE_INCOME_QOQ":-2.497623136507,"NET_PROFIT_RATIO":-0.0714024276,"ROE_AVG":-0.460504218998,"GROSS_PROFIT_QOQ":-7.922442925131,"ROA":-0.107285527048,"HOLDER_PROFIT_QOQ":-29.269096830468,"ROE_YEARLY":-1.842016875994,"ROIC_YEARLY":-0.542789612571,"TOTAL_ASSETS":501290882818.56,"TOTAL_LIABILITIES":306139031894.02,"TAX_EBT":110.905105638787,"OCF_SALES":-8.079763139019,"TOTAL_PARENT_EQUITY":121861456168.77,"DEBT_ASSET_RATIO":61.0701375961,"OPERATE_PROFIT":1718506779.55,"PRETAX_PROFIT":251100043.2,"NETCASH_OPERATE":-3552199213.02,"NETCASH_INVEST":-5067263064.73,"NETCASH_FINANCE":13693002010.87,"END_CASH":31990015285.38,"DIVI_RATIO":0.342600136995,"DIVIDEND_RATE":6.748663101604,"CURRENT_RATIO":0.925976822603,"COMMON_ACS":null,"CURRENTDEBT_DEBT":58.430265158415,"ISSUED_COMMON_SHARES":8434770662,"HK_COMMON_SHARES":4558146500,"PER_SHARES":2000,"TOTAL_MARKET_CAP":31546042275.88,"HKSK_MARKET_CAP":17047467910,"PE_TTM":33.580466587617,"PB_TTM":0.284411852645,"REPORT_DATE_SQ":"2022-03-31 00:00:00","REPORT_TYPE_SQ":"2022年一季报","OPERATE_INCOME_SQ":49890767488.75,"DPS_HKD":0.2524,"OPERATE_INCOME_QOQ_SQ":0.109078469694,"NET_PROFIT_RATIO_SQ":5.7581629666,"HOLDER_PROFIT_SQ":1802568929.53,"HOLDER_PROFIT_QOQ_SQ":-1.348835875442,"ROE_AVG_SQ":1.556603901749,"PE_TTM_SQ":7.907748167933,"PB_TTM_SQ":0.241983498451,"ROA_SQ":0.372324051728,"START_DATE":"2023-01-01 00:00:00","FISCAL_YEAR":"12-31","CURRENCY":"HKD","IS_CNY_CODE":0,"DPS_HKD_LY":0.4301,"ORG_TYPE":"一般企业","PREMIUM_INCOME":null,"PREMIUM_INCOME_YOY":null,"NET_INTEREST_INCOME":null,"NET_INTEREST_INCOME_YOY":null,"FEE_COMMISSION_INCOME":null,"FEE_COMMISSION_INCOME_YOY":null,"ACCOUNTS_RECE_TDAYS":0.573610936441,"INVENTORY_TDAYS":1.495870405992,"CURRENT_ASSETS_TDAYS":0.279967592903,"TOTAL_ASSETS_TDAYS":0.089741654305,"PREMIUM_EXPENSE":null,"LOAN_DEPOSIT":null,"LOAN_EQUITY":null,"LOAN_ASSETS":null,"DEPOSIT_EQUITY":null,"DEPOSIT_ASSETS":null,"EQUITY_MULTIPLIER":2.568722153767,"EQUITY_RATIO":2.512189182033},{"SECUCODE":"03323.HK","SECURITY_CODE":"03323","SECURITY_NAME_ABBR":"中国建材","ORG_CODE":"10010898","STD_REPORT_DATE":"2022-12-31 00:00:00","REPORT_DATE":"2022-12-31 00:00:00","DATE_TYPE_CODE":"001","REPORT_TYPE":"2022年年报","PER_NETCASH_OPERATE":3.124047357768,"PER_OI":27.728059762628,"BPS":12.564033954999,"BASIC_EPS":0.964,"DILUTED_EPS":0.964,"OPERATE_INCOME":233879825000,"OPERATE_INCOME_YOY":-16.4904947202,"GROSS_PROFIT":39843367000,"GROSS_PROFIT_YOY":-39.379733019198,"HOLDER_PROFIT":8129550000,"HOLDER_PROFIT_YOY":-51.1557794062,"GROSS_PROFIT_RATIO":16.940511592815,"EPS_TTM":0.943900589481,"OPERATE_INCOME_QOQ":-7.116252435973,"NET_PROFIT_RATIO":6.4756217613,"ROE_AVG":7.049816540921,"GROSS_PROFIT_QOQ":-20.779437598678,"ROA":1.684974659682,"HOLDER_PROFIT_QOQ":-17.350030256778,"ROE_YEARLY":7.049816540921,"ROIC_YEARLY":2.13897773984,"TOTAL_ASSETS":489343500000,"TOTAL_LIABILITIES":293355578000,"TAX_EBT":14.471899124461,"OCF_SALES":11.448443408246,"TOTAL_PARENT_EQUITY":107328667000,"DEBT_ASSET_RATIO":60.134404167,"OPERATE_PROFIT":20879558000,"PRETAX_PROFIT":18009599000,"NETCASH_OPERATE":26845765000,"NETCASH_INVEST":-25969449000,"NETCASH_FINANCE":-2654699000,"END_CASH":26990449000,"DIVI_RATIO":0.242324171156,"DIVIDEND_RATE":7.315942028986,"CURRENT_RATIO":0.804149672344,"COMMON_ACS":null,"CURRENTDEBT_DEBT":64.480831518397,"ISSUED_COMMON_SHARES":8434770662,"HK_COMMON_SHARES":4558146500,"PER_SHARES":2000,"TOTAL_MARKET_CAP":29099958783.9,"HKSK_MARKET_CAP":15725605425,"PE_TTM":30.97663361692,"PB_TTM":0.262358527173,"REPORT_DATE_SQ":"2021-12-31 00:00:00","REPORT_TYPE_SQ":"2021年年报","OPERATE_INCOME_SQ":275618608000,"DPS_HKD":0.2524,"OPERATE_INCOME_QOQ_SQ":1.311070470496,"NET_PROFIT_RATIO_SQ":9.3608321583,"HOLDER_PROFIT_SQ":16299953000,"HOLDER_PROFIT_QOQ_SQ":11.895083087762,"ROE_AVG_SQ":15.342139786465,"PE_TTM_SQ":7.668843389446,"PB_TTM_SQ":0.234672818739,"ROA_SQ":3.529872411398,"START_DATE":"2022-01-01 00:00:00","FISCAL_YEAR":"12-31","CURRENCY":"HKD","IS_CNY_CODE":0,"DPS_HKD_LY":0.8142,"ORG_TYPE":"一般企业","PREMIUM_INCOME":null,"PREMIUM_INCOME_YOY":null,"NET_INTEREST_INCOME":null,"NET_INTEREST_INCOME_YOY":null,"FEE_COMMISSION_INCOME":null,"FEE_COMMISSION_INCOME_YOY":null,"ACCOUNTS_RECE_TDAYS":2.640217476958,"INVENTORY_TDAYS":8.469136544634,"CURRENT_ASSETS_TDAYS":1.537435268835,"TOTAL_ASSETS_TDAYS":0.487122605155,"PREMIUM_EXPENSE":null,"LOAN_DEPOSIT":null,"LOAN_EQUITY":null,"LOAN_ASSETS":null,"DEPOSIT_EQUITY":null,"DEPOSIT_ASSETS":null,"EQUITY_MULTIPLIER":2.508428581349,"EQUITY_RATIO":2.733245331371},{"SECUCODE":"03323.HK","SECURITY_CODE":"03323","SECURITY_NAME_ABBR":"中国建材","ORG_CODE":"10010898","STD_REPORT_DATE":"2022-09-30 00:00:00","REPORT_DATE":"2022-09-30 00:00:00","DATE_TYPE_CODE":"004","REPORT_TYPE":"2022年三季报","PER_NETCASH_OPERATE":1.646887519736,"PER_OI":20.899839949514,"BPS":12.417463576971,"BASIC_EPS":null,"DILUTED_EPS":null,"OPERATE_INCOME":176285356846.66,"OPERATE_INCOME_YOY":-13.1236217053,"GROSS_PROFIT":34096696275.39,"GROSS_PROFIT_YOY":-30.924890397038,"HOLDER_PROFIT":7187349729.4,"HOLDER_PROFIT_YOY":-48.5153619482,"GROSS_PROFIT_RATIO":19.384950357778,"EPS_TTM":1.1420458984,"OPERATE_INCOME_QOQ":-4.974249768293,"NET_PROFIT_RATIO":7.0822183312,"ROE_AVG":6.081140395247,"GROSS_PROFIT_QOQ":-12.242427198915,"ROA":1.458711121332,"HOLDER_PROFIT_QOQ":-29.928341522779,"ROE_YEARLY":8.108187193662,"ROIC_YEARLY":1.877215993276,"TOTAL_ASSETS":495634233828.14,"TOTAL_LIABILITIES":303045199339.07,"TAX_EBT":16.567648485009,"OCF_SALES":8.107753339242,"TOTAL_PARENT_EQUITY":125770883475.49,"DEBT_ASSET_RATIO":61.1429111743,"OPERATE_PROFIT":19214024963.98,"PRETAX_PROFIT":15091326890.49,"NETCASH_OPERATE":14110999868.75,"NETCASH_INVEST":-16198696335.7,"NETCASH_FINANCE":13738013311.73,"END_CASH":40555839749.54,"DIVI_RATIO":0.200280854141,"DIVIDEND_RATE":6.748663101604,"CURRENT_RATIO":0.879172810512,"COMMON_ACS":null,"CURRENTDEBT_DEBT":64.79971702324,"ISSUED_COMMON_SHARES":8434770662,"HK_COMMON_SHARES":4558146500,"PER_SHARES":2000,"TOTAL_MARKET_CAP":31546042275.88,"HKSK_MARKET_CAP":17047467910,"PE_TTM":33.580466587617,"PB_TTM":0.284411852645,"REPORT_DATE_SQ":"2021-09-30 00:00:00","REPORT_TYPE_SQ":"2021年三季报","OPERATE_INCOME_SQ":197212746663.72,"DPS_HKD":0.2524,"OPERATE_INCOME_QOQ_SQ":0.116040549338,"NET_PROFIT_RATIO_SQ":10.7851858828,"HOLDER_PROFIT_SQ":13573976359.38,"HOLDER_PROFIT_QOQ_SQ":-4.207814160683,"ROE_AVG_SQ":11.773299482044,"PE_TTM_SQ":7.907748167933,"PB_TTM_SQ":0.241983498451,"ROA_SQ":2.827879546967,"START_DATE":"2022-01-01 00:00:00","FISCAL_YEAR":"12-31","CURRENCY":"HKD","IS_CNY_CODE":0,"DPS_HKD_LY":0.8142,"ORG_TYPE":"一般企业","PREMIUM_INCOME":null,"PREMIUM_INCOME_YOY":null,"NET_INTEREST_INCOME":null,"NET_INTEREST_INCOME_YOY":null,"FEE_COMMISSION_INCOME":null,"FEE_COMMISSION_INCOME_YOY":null,"ACCOUNTS_RECE_TDAYS":2.177333885703,"INVENTORY_TDAYS":5.890283185625,"CURRENT_ASSETS_TDAYS":1.06297113796,"TOTAL_ASSETS_TDAYS":0.357619532533,"PREMIUM_EXPENSE":null,"LOAN_DEPOSIT":null,"LOAN_EQUITY":null,"LOAN_ASSETS":null,"DEPOSIT_EQUITY":null,"DEPOSIT_ASSETS":null,"EQUITY_MULTIPLIER":2.573532990301,"EQUITY_RATIO":2.409502032306}],"count":74},"success":true,"message":"ok","code":0}