{"version":"fa9a4128238968c12257e7d8771da1e9","result":{"pages":5,"data":[{"SECUCODE":"03322.HK","SECURITY_CODE":"03322","SECURITY_NAME_ABBR":"永嘉集团","ORG_CODE":"10087526","STD_REPORT_DATE":"2024-06-30 00:00:00","REPORT_DATE":"2024-06-30 00:00:00","DATE_TYPE_CODE":"002","REPORT_TYPE":"2024年中报","PER_NETCASH_OPERATE":0.030600076954,"PER_OI":1.24815598474,"BPS":0.960140923295,"BASIC_EPS":-0.05749884,"DILUTED_EPS":-0.05749884,"OPERATE_INCOME":1603131546.8,"OPERATE_INCOME_YOY":17.9923743706,"GROSS_PROFIT":297400428.72,"GROSS_PROFIT_YOY":33.160686361417,"HOLDER_PROFIT":-73456137.12,"HOLDER_PROFIT_YOY":50.6880537209,"GROSS_PROFIT_RATIO":18.551218040319,"EPS_TTM":-0.204821164295,"OPERATE_INCOME_QOQ":8.27924729518,"NET_PROFIT_RATIO":-4.8795623139,"ROE_AVG":-5.722539592026,"GROSS_PROFIT_QOQ":16.210922231242,"ROA":-2.915520225869,"HOLDER_PROFIT_QOQ":22.647681547369,"ROE_YEARLY":-11.445079184053,"ROIC_YEARLY":-6.296170912831,"TOTAL_ASSETS":2456049260.4,"TOTAL_LIABILITIES":1241767765.64,"TAX_EBT":-2.421012379905,"OCF_SALES":2.451622820252,"TOTAL_PARENT_EQUITY":1233205001.88,"DEBT_ASSET_RATIO":50.5595626953,"OPERATE_PROFIT":-56599850.2,"PRETAX_PROFIT":-76376713.12,"NETCASH_OPERATE":39302738.84,"NETCASH_INVEST":69836448.24,"NETCASH_FINANCE":-79416850.2,"END_CASH":219091572.04,"DIVI_RATIO":null,"DIVIDEND_RATE":null,"CURRENT_RATIO":1.325646711629,"COMMON_ACS":3000000000,"CURRENTDEBT_DEBT":88.163589899256,"ISSUED_COMMON_SHARES":1284400000,"HK_COMMON_SHARES":1284400000,"PER_SHARES":2000,"TOTAL_MARKET_CAP":256880000,"HKSK_MARKET_CAP":256880000,"PE_TTM":-0.878039109792,"PB_TTM":0.190113758899,"REPORT_DATE_SQ":"2023-06-30 00:00:00","REPORT_TYPE_SQ":"2023年中报","OPERATE_INCOME_SQ":1372518434.72,"DPS_HKD":null,"OPERATE_INCOME_QOQ_SQ":-9.992316842371,"NET_PROFIT_RATIO_SQ":-10.6248350647,"HOLDER_PROFIT_SQ":-150480043.72,"HOLDER_PROFIT_QOQ_SQ":-1867.99307463982,"ROE_AVG_SQ":-9.226371252144,"PE_TTM_SQ":-0.961454746467,"PB_TTM_SQ":0.09987247675,"ROA_SQ":-5.119054059882,"START_DATE":"2024-01-01 00:00:00","FISCAL_YEAR":"12-31","CURRENCY":"HKD","IS_CNY_CODE":0,"DPS_HKD_LY":null,"ORG_TYPE":"一般企业","PREMIUM_INCOME":null,"PREMIUM_INCOME_YOY":null,"NET_INTEREST_INCOME":null,"NET_INTEREST_INCOME_YOY":null,"FEE_COMMISSION_INCOME":null,"FEE_COMMISSION_INCOME_YOY":null,"ACCOUNTS_RECE_TDAYS":4.42959096182,"INVENTORY_TDAYS":1.831348681874,"CURRENT_ASSETS_TDAYS":1.07585154252,"TOTAL_ASSETS_TDAYS":0.636292981455,"PREMIUM_EXPENSE":null,"LOAN_DEPOSIT":null,"LOAN_EQUITY":null,"LOAN_ASSETS":null,"DEPOSIT_EQUITY":null,"DEPOSIT_ASSETS":null,"EQUITY_MULTIPLIER":2.022635831146,"EQUITY_RATIO":1.006943503916},{"SECUCODE":"03322.HK","SECURITY_CODE":"03322","SECURITY_NAME_ABBR":"永嘉集团","ORG_CODE":"10087526","STD_REPORT_DATE":"2023-12-31 00:00:00","REPORT_DATE":"2023-12-31 00:00:00","DATE_TYPE_CODE":"001","REPORT_TYPE":"2023年年报","PER_NETCASH_OPERATE":0.187256773933,"PER_OI":2.168666869293,"BPS":1.03130573569,"BASIC_EPS":-0.26461624,"DILUTED_EPS":-0.26461624,"OPERATE_INCOME":2785435726.92,"OPERATE_INCOME_YOY":-24.7413300452,"GROSS_PROFIT":456858125.92,"GROSS_PROFIT_YOY":-37.814579951489,"HOLDER_PROFIT":-340096210.02,"HOLDER_PROFIT_YOY":-3826.82224429,"GROSS_PROFIT_RATIO":16.401675382586,"EPS_TTM":-0.26478994863,"OPERATE_INCOME_QOQ":-22.14414213006,"NET_PROFIT_RATIO":-12.4478557667,"ROE_AVG":-22.554745249372,"GROSS_PROFIT_QOQ":-35.478307817311,"ROA":-11.923033116995,"HOLDER_PROFIT_QOQ":-113.849881281497,"ROE_YEARLY":-22.554745249372,"ROIC_YEARLY":-13.070514382177,"TOTAL_ASSETS":2564641567.46,"TOTAL_LIABILITIES":1258977009.64,"TAX_EBT":4.546181818182,"OCF_SALES":8.634649082567,"TOTAL_PARENT_EQUITY":1324609086.92,"DEBT_ASSET_RATIO":49.0897841482,"OPERATE_PROFIT":-209673027.62,"PRETAX_PROFIT":-249210500,"NETCASH_OPERATE":240512600.44,"NETCASH_INVEST":38546067.7,"NETCASH_FINANCE":-423501980.16,"END_CASH":189813216.32,"DIVI_RATIO":null,"DIVIDEND_RATE":null,"CURRENT_RATIO":1.398295520943,"COMMON_ACS":3000000000,"CURRENTDEBT_DEBT":86.234274024626,"ISSUED_COMMON_SHARES":1284400000,"HK_COMMON_SHARES":1284400000,"PER_SHARES":2000,"TOTAL_MARKET_CAP":227338800,"HKSK_MARKET_CAP":227338800,"PE_TTM":-0.777064612166,"PB_TTM":0.168250676625,"REPORT_DATE_SQ":"2022-12-31 00:00:00","REPORT_TYPE_SQ":"2022年年报","OPERATE_INCOME_SQ":3648259389.74,"DPS_HKD":null,"OPERATE_INCOME_QOQ_SQ":11.041287653081,"NET_PROFIT_RATIO_SQ":0.5310587691,"HOLDER_PROFIT_SQ":8995228.9,"HOLDER_PROFIT_QOQ_SQ":114.003056389501,"ROE_AVG_SQ":0.526504013351,"PE_TTM_SQ":-0.976246357951,"PB_TTM_SQ":0.101408976393,"ROA_SQ":0.271778697111,"START_DATE":"2023-01-01 00:00:00","FISCAL_YEAR":"12-31","CURRENCY":"HKD","IS_CNY_CODE":0,"DPS_HKD_LY":null,"ORG_TYPE":"一般企业","PREMIUM_INCOME":null,"PREMIUM_INCOME_YOY":null,"NET_INTEREST_INCOME":null,"NET_INTEREST_INCOME_YOY":null,"FEE_COMMISSION_INCOME":null,"FEE_COMMISSION_INCOME_YOY":null,"ACCOUNTS_RECE_TDAYS":6.873817673152,"INVENTORY_TDAYS":2.719653093539,"CURRENT_ASSETS_TDAYS":1.589481049165,"TOTAL_ASSETS_TDAYS":0.976513158302,"PREMIUM_EXPENSE":null,"LOAN_DEPOSIT":null,"LOAN_EQUITY":null,"LOAN_ASSETS":null,"DEPOSIT_EQUITY":null,"DEPOSIT_ASSETS":null,"EQUITY_MULTIPLIER":1.964242310249,"EQUITY_RATIO":0.950451738609},{"SECUCODE":"03322.HK","SECURITY_CODE":"03322","SECURITY_NAME_ABBR":"永嘉集团","ORG_CODE":"10087526","STD_REPORT_DATE":"2023-06-30 00:00:00","REPORT_DATE":"2023-06-30 00:00:00","DATE_TYPE_CODE":"002","REPORT_TYPE":"2023年中报","PER_NETCASH_OPERATE":0.196550286328,"PER_OI":1.068606691623,"BPS":1.200104412146,"BASIC_EPS":-0.11709146,"DILUTED_EPS":-0.11709146,"OPERATE_INCOME":1372518434.72,"OPERATE_INCOME_YOY":-26.2891290038,"GROSS_PROFIT":223339513.22,"GROSS_PROFIT_YOY":-50.411794886633,"HOLDER_PROFIT":-150480043.72,"HOLDER_PROFIT_YOY":-895.3123477244,"GROSS_PROFIT_RATIO":17.88570880215,"EPS_TTM":-0.123820479601,"OPERATE_INCOME_QOQ":-9.992316842371,"NET_PROFIT_RATIO":-10.6248350647,"ROE_AVG":-9.226371252144,"GROSS_PROFIT_QOQ":-19.857443417842,"ROA":-5.119054059882,"HOLDER_PROFIT_QOQ":-1867.99307463982,"ROE_YEARLY":-18.452742504287,"ROIC_YEARLY":-11.495271284853,"TOTAL_ASSETS":2684382571.18,"TOTAL_LIABILITIES":1168900995.68,"TAX_EBT":10.379504971653,"OCF_SALES":16.422282465274,"TOTAL_PARENT_EQUITY":1541414106.96,"DEBT_ASSET_RATIO":43.5445010048,"OPERATE_PROFIT":-128343303.92,"PRETAX_PROFIT":-146688861.96,"NETCASH_OPERATE":252449187.76,"NETCASH_INVEST":39528970.52,"NETCASH_FINANCE":-296612029.76,"END_CASH":333195274.18,"DIVI_RATIO":null,"DIVIDEND_RATE":null,"CURRENT_RATIO":1.564231190386,"COMMON_ACS":3000000000,"CURRENTDEBT_DEBT":89.608271231788,"ISSUED_COMMON_SHARES":1284400000,"HK_COMMON_SHARES":1284400000,"PER_SHARES":2000,"TOTAL_MARKET_CAP":227338800,"HKSK_MARKET_CAP":227338800,"PE_TTM":-0.777064612166,"PB_TTM":0.168250676625,"REPORT_DATE_SQ":"2022-06-30 00:00:00","REPORT_TYPE_SQ":"2022年中报","OPERATE_INCOME_SQ":1934416689.87,"DPS_HKD":null,"OPERATE_INCOME_QOQ_SQ":5.840784379749,"NET_PROFIT_RATIO_SQ":0.9411252919,"HOLDER_PROFIT_SQ":17550209.18,"HOLDER_PROFIT_QOQ_SQ":-18.297558838356,"ROE_AVG_SQ":1.056107988354,"PE_TTM_SQ":-0.976246357951,"PB_TTM_SQ":0.101408976393,"ROA_SQ":0.531821366381,"START_DATE":"2023-01-01 00:00:00","FISCAL_YEAR":"12-31","CURRENCY":"HKD","IS_CNY_CODE":0,"DPS_HKD_LY":null,"ORG_TYPE":"一般企业","PREMIUM_INCOME":null,"PREMIUM_INCOME_YOY":null,"NET_INTEREST_INCOME":null,"NET_INTEREST_INCOME_YOY":null,"FEE_COMMISSION_INCOME":null,"FEE_COMMISSION_INCOME_YOY":null,"ACCOUNTS_RECE_TDAYS":3.731609403572,"INVENTORY_TDAYS":1.362816557363,"CURRENT_ASSETS_TDAYS":0.84008221854,"TOTAL_ASSETS_TDAYS":0.522939283096,"PREMIUM_EXPENSE":null,"LOAN_DEPOSIT":null,"LOAN_EQUITY":null,"LOAN_ASSETS":null,"DEPOSIT_EQUITY":null,"DEPOSIT_ASSETS":null,"EQUITY_MULTIPLIER":1.771306635843,"EQUITY_RATIO":0.758330282824},{"SECUCODE":"03322.HK","SECURITY_CODE":"03322","SECURITY_NAME_ABBR":"永嘉集团","ORG_CODE":"10087526","STD_REPORT_DATE":"2022-12-31 00:00:00","REPORT_DATE":"2022-12-31 00:00:00","DATE_TYPE_CODE":"001","REPORT_TYPE":"2022年年报","PER_NETCASH_OPERATE":0.1682482808,"PER_OI":2.840438640408,"BPS":1.297854405162,"BASIC_EPS":0.00714616,"DILUTED_EPS":0.00714616,"OPERATE_INCOME":3648259389.74,"OPERATE_INCOME_YOY":7.5711157198,"GROSS_PROFIT":734670804.77,"GROSS_PROFIT_YOY":-10.052246046741,"HOLDER_PROFIT":8995228.9,"HOLDER_PROFIT_YOY":115.1620091544,"GROSS_PROFIT_RATIO":22.227475903357,"EPS_TTM":0.007003448225,"OPERATE_INCOME_QOQ":11.041287653081,"NET_PROFIT_RATIO":0.5310587691,"ROE_AVG":0.526504013351,"GROSS_PROFIT_QOQ":8.815715488032,"ROA":0.271778697111,"HOLDER_PROFIT_QOQ":114.003056389501,"ROE_YEARLY":0.526504013351,"ROIC_YEARLY":0.302996156583,"TOTAL_ASSETS":3095344911.68,"TOTAL_LIABILITIES":1434072630.13,"TAX_EBT":-14.052672955975,"OCF_SALES":5.436616109974,"TOTAL_PARENT_EQUITY":1666964197.99,"DEBT_ASSET_RATIO":46.3299784369,"OPERATE_PROFIT":96441002.28,"PRETAX_PROFIT":63629408.64,"NETCASH_OPERATE":216098091.86,"NETCASH_INVEST":24818613.68,"NETCASH_FINANCE":-272641189.59,"END_CASH":330946709.03,"DIVI_RATIO":null,"DIVIDEND_RATE":null,"CURRENT_RATIO":1.523655302688,"COMMON_ACS":3000000000,"CURRENTDEBT_DEBT":89.626072695041,"ISSUED_COMMON_SHARES":1284400000,"HK_COMMON_SHARES":1284400000,"PER_SHARES":2000,"TOTAL_MARKET_CAP":227338800,"HKSK_MARKET_CAP":227338800,"PE_TTM":-0.777064612166,"PB_TTM":0.168250676625,"REPORT_DATE_SQ":"2021-12-31 00:00:00","REPORT_TYPE_SQ":"2021年年报","OPERATE_INCOME_SQ":3382086612.8,"DPS_HKD":null,"OPERATE_INCOME_QOQ_SQ":1.054489387204,"NET_PROFIT_RATIO_SQ":-1.6833619276,"HOLDER_PROFIT_SQ":-54301721.6,"HOLDER_PROFIT_QOQ_SQ":-211.733245062769,"ROE_AVG_SQ":-3.37831239013,"PE_TTM_SQ":-0.976246357951,"PB_TTM_SQ":0.101408976393,"ROA_SQ":-1.710807444393,"START_DATE":"2022-01-01 00:00:00","FISCAL_YEAR":"12-31","CURRENCY":"HKD","IS_CNY_CODE":0,"DPS_HKD_LY":null,"ORG_TYPE":"一般企业","PREMIUM_INCOME":null,"PREMIUM_INCOME_YOY":null,"NET_INTEREST_INCOME":null,"NET_INTEREST_INCOME_YOY":null,"FEE_COMMISSION_INCOME":null,"FEE_COMMISSION_INCOME_YOY":null,"ACCOUNTS_RECE_TDAYS":8.190618864549,"INVENTORY_TDAYS":2.788771948486,"CURRENT_ASSETS_TDAYS":1.901362892874,"TOTAL_ASSETS_TDAYS":1.20095146834,"PREMIUM_EXPENSE":null,"LOAN_DEPOSIT":null,"LOAN_EQUITY":null,"LOAN_ASSETS":null,"DEPOSIT_EQUITY":null,"DEPOSIT_ASSETS":null,"EQUITY_MULTIPLIER":1.863237559583,"EQUITY_RATIO":0.860290000145},{"SECUCODE":"03322.HK","SECURITY_CODE":"03322","SECURITY_NAME_ABBR":"永嘉集团","ORG_CODE":"10087526","STD_REPORT_DATE":"2022-06-30 00:00:00","REPORT_DATE":"2022-06-30 00:00:00","DATE_TYPE_CODE":"002","REPORT_TYPE":"2022年中报","PER_NETCASH_OPERATE":0.074536160503,"PER_OI":1.506085868787,"BPS":1.283217788462,"BASIC_EPS":0.01368304,"DILUTED_EPS":0.01368304,"OPERATE_INCOME":1934416689.87,"OPERATE_INCOME_YOY":8.3636462934,"GROSS_PROFIT":450388379.07,"GROSS_PROFIT_YOY":-1.063403592248,"HOLDER_PROFIT":17550209.18,"HOLDER_PROFIT_YOY":-37.8742469652,"GROSS_PROFIT_RATIO":23.282903907341,"EPS_TTM":-0.050013711507,"OPERATE_INCOME_QOQ":5.840784379749,"NET_PROFIT_RATIO":0.9411252919,"ROE_AVG":1.056107988354,"GROSS_PROFIT_QOQ":-0.592687646346,"ROA":0.531821366381,"HOLDER_PROFIT_QOQ":-18.297558838356,"ROE_YEARLY":2.112215976708,"ROIC_YEARLY":1.172825112928,"TOTAL_ASSETS":3226094810.68,"TOTAL_LIABILITIES":1592950440.34,"TAX_EBT":-50.169300225734,"OCF_SALES":4.948998064964,"TOTAL_PARENT_EQUITY":1648164927.5,"DEBT_ASSET_RATIO":49.3770497713,"OPERATE_PROFIT":26727253.07,"PRETAX_PROFIT":12123173.44,"NETCASH_OPERATE":95734244.55,"NETCASH_INVEST":10232348.35,"NETCASH_FINANCE":-169434518.75,"END_CASH":287899713.5,"DIVI_RATIO":null,"DIVIDEND_RATE":null,"CURRENT_RATIO":1.434680279856,"COMMON_ACS":3000000000,"CURRENTDEBT_DEBT":88.527481282406,"ISSUED_COMMON_SHARES":1284400000,"HK_COMMON_SHARES":1284400000,"PER_SHARES":2000,"TOTAL_MARKET_CAP":227338800,"HKSK_MARKET_CAP":227338800,"PE_TTM":-0.777064612166,"PB_TTM":0.168250676625,"REPORT_DATE_SQ":"2021-06-30 00:00:00","REPORT_TYPE_SQ":"2021年中报","OPERATE_INCOME_SQ":1736876303.28,"DPS_HKD":null,"OPERATE_INCOME_QOQ_SQ":-1.116175280711,"NET_PROFIT_RATIO_SQ":1.3099127092,"HOLDER_PROFIT_SQ":27486098.64,"HOLDER_PROFIT_QOQ_SQ":91.148424111436,"ROE_AVG_SQ":1.656411354438,"PE_TTM_SQ":-0.976246357951,"PB_TTM_SQ":0.101408976393,"ROA_SQ":0.851248384244,"START_DATE":"2022-01-01 00:00:00","FISCAL_YEAR":"12-31","CURRENCY":"HKD","IS_CNY_CODE":0,"DPS_HKD_LY":null,"ORG_TYPE":"一般企业","PREMIUM_INCOME":null,"PREMIUM_INCOME_YOY":null,"NET_INTEREST_INCOME":null,"NET_INTEREST_INCOME_YOY":null,"FEE_COMMISSION_INCOME":null,"FEE_COMMISSION_INCOME_YOY":null,"ACCOUNTS_RECE_TDAYS":4.286597117599,"INVENTORY_TDAYS":1.300081361844,"CURRENT_ASSETS_TDAYS":0.931992955994,"TOTAL_ASSETS_TDAYS":0.586183399072,"PREMIUM_EXPENSE":null,"LOAN_DEPOSIT":null,"LOAN_EQUITY":null,"LOAN_ASSETS":null,"DEPOSIT_EQUITY":null,"DEPOSIT_ASSETS":null,"EQUITY_MULTIPLIER":1.975388624097,"EQUITY_RATIO":0.966499416267},{"SECUCODE":"03322.HK","SECURITY_CODE":"03322","SECURITY_NAME_ABBR":"永嘉集团","ORG_CODE":"10087526","STD_REPORT_DATE":"2021-12-31 00:00:00","REPORT_DATE":"2021-12-31 00:00:00","DATE_TYPE_CODE":"001","REPORT_TYPE":"2021年年报","PER_NETCASH_OPERATE":-0.047728768608,"PER_OI":2.633203529119,"BPS":1.2470850763,"BASIC_EPS":-0.0425152,"DILUTED_EPS":-0.0425152,"OPERATE_INCOME":3382086612.8,"OPERATE_INCOME_YOY":2.8646974364,"GROSS_PROFIT":816775041.6,"GROSS_PROFIT_YOY":0.575762605477,"HOLDER_PROFIT":-54301721.6,"HOLDER_PROFIT_YOY":71.5953656857,"GROSS_PROFIT_RATIO":24.150033251922,"EPS_TTM":-0.042277889754,"OPERATE_INCOME_QOQ":1.054489387204,"NET_PROFIT_RATIO":-1.6833619276,"ROE_AVG":-3.37831239013,"GROSS_PROFIT_QOQ":-5.798793276033,"ROA":-1.710807444393,"HOLDER_PROFIT_QOQ":-211.733245062769,"ROE_YEARLY":-3.37831239013,"ROIC_YEARLY":-1.990205096065,"TOTAL_ASSETS":3225642123.2,"TOTAL_LIABILITIES":1637330665.6,"TAX_EBT":15.737121697988,"OCF_SALES":-1.812574230595,"TOTAL_PARENT_EQUITY":1601756072,"DEBT_ASSET_RATIO":50.7598364314,"OPERATE_PROFIT":-41597035.2,"PRETAX_PROFIT":-67565646.4,"NETCASH_OPERATE":-61302830.4,"NETCASH_INVEST":-57911425.6,"NETCASH_FINANCE":-113907214.4,"END_CASH":339973614.4,"DIVI_RATIO":null,"DIVIDEND_RATE":null,"CURRENT_RATIO":1.397121180814,"COMMON_ACS":3000000000,"CURRENTDEBT_DEBT":88.934518322626,"ISSUED_COMMON_SHARES":1284400000,"HK_COMMON_SHARES":1284400000,"PER_SHARES":2000,"TOTAL_MARKET_CAP":227338800,"HKSK_MARKET_CAP":227338800,"PE_TTM":-0.777064612166,"PB_TTM":0.168250676625,"REPORT_DATE_SQ":"2020-12-31 00:00:00","REPORT_TYPE_SQ":"2020年年报","OPERATE_INCOME_SQ":3384572779.28,"DPS_HKD":null,"OPERATE_INCOME_QOQ_SQ":-22.041088802257,"NET_PROFIT_RATIO_SQ":-4.6877432298,"HOLDER_PROFIT_SQ":-196793106.44,"HOLDER_PROFIT_QOQ_SQ":-65.815934873384,"ROE_AVG_SQ":-11.32317148173,"PE_TTM_SQ":-0.976246357951,"PB_TTM_SQ":0.101408976393,"ROA_SQ":-5.728832267237,"START_DATE":"2021-01-01 00:00:00","FISCAL_YEAR":"12-31","CURRENCY":"HKD","IS_CNY_CODE":0,"DPS_HKD_LY":null,"ORG_TYPE":"一般企业","PREMIUM_INCOME":null,"PREMIUM_INCOME_YOY":null,"NET_INTEREST_INCOME":null,"NET_INTEREST_INCOME_YOY":null,"FEE_COMMISSION_INCOME":null,"FEE_COMMISSION_INCOME_YOY":null,"ACCOUNTS_RECE_TDAYS":8.291954108239,"INVENTORY_TDAYS":2.56121451518,"CURRENT_ASSETS_TDAYS":1.69362991556,"TOTAL_ASSETS_TDAYS":1.0655461345,"PREMIUM_EXPENSE":null,"LOAN_DEPOSIT":null,"LOAN_EQUITY":null,"LOAN_ASSETS":null,"DEPOSIT_EQUITY":null,"DEPOSIT_ASSETS":null,"EQUITY_MULTIPLIER":2.030862465773,"EQUITY_RATIO":1.022209744806},{"SECUCODE":"03322.HK","SECURITY_CODE":"03322","SECURITY_NAME_ABBR":"永嘉集团","ORG_CODE":"10087526","STD_REPORT_DATE":"2021-06-30 00:00:00","REPORT_DATE":"2021-06-30 00:00:00","DATE_TYPE_CODE":"002","REPORT_TYPE":"2021年中报","PER_NETCASH_OPERATE":0.059100095111,"PER_OI":1.352286128371,"BPS":1.305837614014,"BASIC_EPS":0.02163408,"DILUTED_EPS":0.02163408,"OPERATE_INCOME":1736876303.28,"OPERATE_INCOME_YOY":7.4410201639,"GROSS_PROFIT":455229303.84,"GROSS_PROFIT_YOY":13.729168818638,"HOLDER_PROFIT":27486098.64,"HOLDER_PROFIT_YOY":119.8657693904,"GROSS_PROFIT_RATIO":26.209655977246,"EPS_TTM":-0.013562201152,"OPERATE_INCOME_QOQ":-1.116175280711,"NET_PROFIT_RATIO":1.3099127092,"ROE_AVG":1.656411354438,"GROSS_PROFIT_QOQ":6.766957773894,"ROA":0.851248384244,"HOLDER_PROFIT_QOQ":91.148424111436,"ROE_YEARLY":3.312822708877,"ROIC_YEARLY":2.064984208494,"TOTAL_ASSETS":3280094307.36,"TOTAL_LIABILITIES":1611119892.48,"TAX_EBT":19.363590787107,"OCF_SALES":4.370383890704,"TOTAL_PARENT_EQUITY":1677217831.44,"DEBT_ASSET_RATIO":49.1180966616,"OPERATE_PROFIT":40981604.16,"PRETAX_PROFIT":28215000.72,"NETCASH_OPERATE":75908162.16,"NETCASH_INVEST":-24250139.52,"NETCASH_FINANCE":-64502009.52,"END_CASH":567196484.88,"DIVI_RATIO":null,"DIVIDEND_RATE":null,"CURRENT_RATIO":1.451072598267,"COMMON_ACS":3000000000,"CURRENTDEBT_DEBT":89.552569494943,"ISSUED_COMMON_SHARES":1284400000,"HK_COMMON_SHARES":1284400000,"PER_SHARES":2000,"TOTAL_MARKET_CAP":227338800,"HKSK_MARKET_CAP":227338800,"PE_TTM":-0.777064612166,"PB_TTM":0.168250676625,"REPORT_DATE_SQ":"2020-06-30 00:00:00","REPORT_TYPE_SQ":"2020年中报","OPERATE_INCOME_SQ":1774654068,"DPS_HKD":null,"OPERATE_INCOME_QOQ_SQ":-4.401281356309,"NET_PROFIT_RATIO_SQ":-10.7428542314,"HOLDER_PROFIT_SQ":-151887716.64,"HOLDER_PROFIT_QOQ_SQ":-306.325322191586,"ROE_AVG_SQ":-8.053352899938,"PE_TTM_SQ":-0.976246357951,"PB_TTM_SQ":0.101408976393,"ROA_SQ":-3.998418724837,"START_DATE":"2021-01-01 00:00:00","FISCAL_YEAR":"12-31","CURRENCY":"HKD","IS_CNY_CODE":0,"DPS_HKD_LY":null,"ORG_TYPE":"一般企业","PREMIUM_INCOME":null,"PREMIUM_INCOME_YOY":null,"NET_INTEREST_INCOME":null,"NET_INTEREST_INCOME_YOY":null,"FEE_COMMISSION_INCOME":null,"FEE_COMMISSION_INCOME_YOY":null,"ACCOUNTS_RECE_TDAYS":4.629023441268,"INVENTORY_TDAYS":1.332435119942,"CURRENT_ASSETS_TDAYS":0.849789648268,"TOTAL_ASSETS_TDAYS":0.537913061495,"PREMIUM_EXPENSE":null,"LOAN_DEPOSIT":null,"LOAN_EQUITY":null,"LOAN_ASSETS":null,"DEPOSIT_EQUITY":null,"DEPOSIT_ASSETS":null,"EQUITY_MULTIPLIER":1.965335285021,"EQUITY_RATIO":0.960590724877},{"SECUCODE":"03322.HK","SECURITY_CODE":"03322","SECURITY_NAME_ABBR":"永嘉集团","ORG_CODE":"10087526","STD_REPORT_DATE":"2020-12-31 00:00:00","REPORT_DATE":"2020-12-31 00:00:00","DATE_TYPE_CODE":"001","REPORT_TYPE":"2020年年报","PER_NETCASH_OPERATE":0.387465657396,"PER_OI":2.635139192837,"BPS":1.292739774805,"BASIC_EPS":-0.15317848,"DILUTED_EPS":-0.15317848,"OPERATE_INCOME":3384572779.28,"OPERATE_INCOME_YOY":-20.1208733823,"GROSS_PROFIT":812099277.64,"GROSS_PROFIT_YOY":-37.612409512591,"HOLDER_PROFIT":-196793106.44,"HOLDER_PROFIT_YOY":-464.1277603015,"GROSS_PROFIT_RATIO":23.994144330758,"EPS_TTM":-0.15321792778,"OPERATE_INCOME_QOQ":-22.041088802257,"NET_PROFIT_RATIO":-4.6877432298,"ROE_AVG":-11.32317148173,"GROSS_PROFIT_QOQ":-24.926785796828,"ROA":-5.728832267237,"HOLDER_PROFIT_QOQ":-65.815934873384,"ROE_YEARLY":-11.32317148173,"ROIC_YEARLY":-6.652536748906,"TOTAL_ASSETS":3214248409.2,"TOTAL_LIABILITIES":1557609681.76,"TAX_EBT":-1.642585920346,"OCF_SALES":14.703802305763,"TOTAL_PARENT_EQUITY":1660394966.76,"DEBT_ASSET_RATIO":48.4595302996,"OPERATE_PROFIT":-39614311.52,"PRETAX_PROFIT":-69377226.84,"NETCASH_OPERATE":497660890.36,"NETCASH_INVEST":-64299612.72,"NETCASH_FINANCE":-258215152,"END_CASH":585013864.32,"DIVI_RATIO":null,"DIVIDEND_RATE":null,"CURRENT_RATIO":1.412612778288,"COMMON_ACS":3000000000,"CURRENTDEBT_DEBT":91.67318677851,"ISSUED_COMMON_SHARES":1284400000,"HK_COMMON_SHARES":1284400000,"PER_SHARES":2000,"TOTAL_MARKET_CAP":227338800,"HKSK_MARKET_CAP":227338800,"PE_TTM":-0.777064612166,"PB_TTM":0.168250676625,"REPORT_DATE_SQ":"2019-12-31 00:00:00","REPORT_TYPE_SQ":"2019年年报","OPERATE_INCOME_SQ":4509678105.02,"DPS_HKD":null,"OPERATE_INCOME_QOQ_SQ":12.264567565082,"NET_PROFIT_RATIO_SQ":1.4546737024,"HOLDER_PROFIT_SQ":57521616.92,"HOLDER_PROFIT_QOQ_SQ":634.761313556986,"ROE_AVG_SQ":2.970843732297,"PE_TTM_SQ":-0.976246357951,"PB_TTM_SQ":0.101408976393,"ROA_SQ":1.659616342623,"START_DATE":"2020-01-01 00:00:00","FISCAL_YEAR":"12-31","CURRENCY":"HKD","IS_CNY_CODE":0,"DPS_HKD_LY":null,"ORG_TYPE":"一般企业","PREMIUM_INCOME":null,"PREMIUM_INCOME_YOY":null,"NET_INTEREST_INCOME":null,"NET_INTEREST_INCOME_YOY":null,"FEE_COMMISSION_INCOME":null,"FEE_COMMISSION_INCOME_YOY":null,"ACCOUNTS_RECE_TDAYS":7.395913067627,"INVENTORY_TDAYS":2.623849249544,"CURRENT_ASSETS_TDAYS":1.613186127264,"TOTAL_ASSETS_TDAYS":0.985280942992,"PREMIUM_EXPENSE":null,"LOAN_DEPOSIT":null,"LOAN_EQUITY":null,"LOAN_ASSETS":null,"DEPOSIT_EQUITY":null,"DEPOSIT_ASSETS":null,"EQUITY_MULTIPLIER":1.940222907965,"EQUITY_RATIO":0.938095882572},{"SECUCODE":"03322.HK","SECURITY_CODE":"03322","SECURITY_NAME_ABBR":"永嘉集团","ORG_CODE":"10087526","STD_REPORT_DATE":"2020-06-30 00:00:00","REPORT_DATE":"2020-06-30 00:00:00","DATE_TYPE_CODE":"002","REPORT_TYPE":"2020年中报","PER_NETCASH_OPERATE":0.181011747991,"PER_OI":1.381698900654,"BPS":1.402687965369,"BASIC_EPS":-0.11783376,"DILUTED_EPS":-0.11783376,"OPERATE_INCOME":1774654068,"OPERATE_INCOME_YOY":-13.3577481402,"GROSS_PROFIT":400274888.64,"GROSS_PROFIT_YOY":-34.203474602185,"HOLDER_PROFIT":-151887716.64,"HOLDER_PROFIT_YOY":-701.5519861081,"GROSS_PROFIT_RATIO":22.206959800275,"EPS_TTM":-0.092402414699,"OPERATE_INCOME_QOQ":-4.401281356309,"NET_PROFIT_RATIO":-10.7428542314,"ROE_AVG":-8.053352899938,"GROSS_PROFIT_QOQ":-16.271643082326,"ROA":-3.998418724837,"HOLDER_PROFIT_QOQ":-306.325322191586,"ROE_YEARLY":-16.106705799876,"ROIC_YEARLY":-9.1165153059,"TOTAL_ASSETS":3629474370.72,"TOTAL_LIABILITIES":1911011477.76,"TAX_EBT":-0.539410810764,"OCF_SALES":12.968003260814,"TOTAL_PARENT_EQUITY":1801612422.72,"DEBT_ASSET_RATIO":52.6525684594,"OPERATE_PROFIT":-87175973.28,"PRETAX_PROFIT":-105329679.84,"NETCASH_OPERATE":232491489.12,"NETCASH_INVEST":-35039558.4,"NETCASH_FINANCE":-27416901.6,"END_CASH":611778266.88,"DIVI_RATIO":null,"DIVIDEND_RATE":null,"CURRENT_RATIO":1.420700555945,"COMMON_ACS":3000000000,"CURRENTDEBT_DEBT":84.008586571222,"ISSUED_COMMON_SHARES":1284400000,"HK_COMMON_SHARES":1284400000,"PER_SHARES":2000,"TOTAL_MARKET_CAP":227338800,"HKSK_MARKET_CAP":227338800,"PE_TTM":-0.777064612166,"PB_TTM":0.168250676625,"REPORT_DATE_SQ":"2019-06-30 00:00:00","REPORT_TYPE_SQ":"2019年中报","OPERATE_INCOME_SQ":1992686760.72,"DPS_HKD":null,"OPERATE_INCOME_QOQ_SQ":11.571926142637,"NET_PROFIT_RATIO_SQ":1.6552832924,"HOLDER_PROFIT_SQ":24315561.72,"HOLDER_PROFIT_QOQ_SQ":-78.854205609082,"ROE_AVG_SQ":1.280444250508,"PE_TTM_SQ":-0.976246357951,"PB_TTM_SQ":0.101408976393,"ROA_SQ":0.719892211494,"START_DATE":"2020-01-01 00:00:00","FISCAL_YEAR":"12-31","CURRENCY":"HKD","IS_CNY_CODE":0,"DPS_HKD_LY":null,"ORG_TYPE":"一般企业","PREMIUM_INCOME":null,"PREMIUM_INCOME_YOY":null,"NET_INTEREST_INCOME":null,"NET_INTEREST_INCOME_YOY":null,"FEE_COMMISSION_INCOME":null,"FEE_COMMISSION_INCOME_YOY":null,"ACCOUNTS_RECE_TDAYS":3.327806473107,"INVENTORY_TDAYS":1.297518062583,"CURRENT_ASSETS_TDAYS":0.771804954778,"TOTAL_ASSETS_TDAYS":0.471953887169,"PREMIUM_EXPENSE":null,"LOAN_DEPOSIT":null,"LOAN_EQUITY":null,"LOAN_ASSETS":null,"DEPOSIT_EQUITY":null,"DEPOSIT_ASSETS":null,"EQUITY_MULTIPLIER":2.112046984307,"EQUITY_RATIO":1.060722857847}],"count":40},"success":true,"message":"ok","code":0}