{"version":"0e8ec059194781d09aba3ffcc6e62453","result":{"pages":2,"data":[{"SECUCODE":"03321.HK","SECURITY_CODE":"03321","SECURITY_NAME_ABBR":"伟鸿集团控股","ORG_CODE":"10945589","STD_REPORT_DATE":"2024-06-30 00:00:00","REPORT_DATE":"2024-06-30 00:00:00","DATE_TYPE_CODE":"002","REPORT_TYPE":"2024年中报","PER_NETCASH_OPERATE":-0.005657702653,"PER_OI":0.010727046256,"BPS":-0.108631918397,"BASIC_EPS":-0.10250650532,"DILUTED_EPS":null,"OPERATE_INCOME":5413403.89302,"OPERATE_INCOME_YOY":-89.518350586,"GROSS_PROFIT":157294.46506,"GROSS_PROFIT_YOY":-91.3492864492,"HOLDER_PROFIT":-51767552.54014,"HOLDER_PROFIT_YOY":-630.1757447339,"GROSS_PROFIT_RATIO":2.90564805746,"EPS_TTM":-0.136751751289,"OPERATE_INCOME_QOQ":-50.311319721941,"NET_PROFIT_RATIO":-956.2846882142,"ROE_AVG":129.709503144097,"GROSS_PROFIT_QOQ":-35.877893252753,"ROA":-41.41724434138,"HOLDER_PROFIT_QOQ":-182.727480503646,"ROE_YEARLY":259.419006288194,"ROIC_YEARLY":-84.80834446242,"TOTAL_ASSETS":101009556.87162,"TOTAL_LIABILITIES":166794874.01427,"TAX_EBT":null,"OCF_SALES":-52.742409402547,"TOTAL_PARENT_EQUITY":-65785317.14265,"DEBT_ASSET_RATIO":165.1278148129,"OPERATE_PROFIT":-50408457.66788,"PRETAX_PROFIT":-51767552.54014,"NETCASH_OPERATE":-2855159.64387,"NETCASH_INVEST":883.67677,"NETCASH_FINANCE":671594.3452,"END_CASH":1821257.82297,"DIVI_RATIO":null,"DIVIDEND_RATE":null,"CURRENT_RATIO":0.598873648352,"COMMON_ACS":1000000000,"CURRENTDEBT_DEBT":100,"ISSUED_COMMON_SHARES":605580000,"HK_COMMON_SHARES":605580000,"PER_SHARES":2500,"TOTAL_MARKET_CAP":27251100,"HKSK_MARKET_CAP":27251100,"PE_TTM":-0.359113996396,"PB_TTM":-0.378071205032,"REPORT_DATE_SQ":"2023-06-30 00:00:00","REPORT_TYPE_SQ":"2023年中报","OPERATE_INCOME_SQ":52195263.99465,"DPS_HKD":null,"OPERATE_INCOME_QOQ_SQ":27.851180092282,"NET_PROFIT_RATIO_SQ":-13.727436051,"HOLDER_PROFIT_SQ":-7165071.48651,"HOLDER_PROFIT_QOQ_SQ":36.307377098086,"ROE_AVG_SQ":-93.825283592562,"PE_TTM_SQ":-12.191485288584,"PB_TTM_SQ":115.698828610285,"ROA_SQ":-3.745206457832,"START_DATE":"2024-01-01 00:00:00","FISCAL_YEAR":"12-31","CURRENCY":"HKD","IS_CNY_CODE":0,"DPS_HKD_LY":null,"ORG_TYPE":"一般企业","PREMIUM_INCOME":null,"PREMIUM_INCOME_YOY":null,"NET_INTEREST_INCOME":null,"NET_INTEREST_INCOME_YOY":null,"FEE_COMMISSION_INCOME":null,"FEE_COMMISSION_INCOME_YOY":null,"ACCOUNTS_RECE_TDAYS":0.08704548361,"INVENTORY_TDAYS":null,"CURRENT_ASSETS_TDAYS":0.043742457889,"TOTAL_ASSETS_TDAYS":0.043310579843,"PREMIUM_EXPENSE":null,"LOAN_DEPOSIT":null,"LOAN_EQUITY":null,"LOAN_ASSETS":null,"DEPOSIT_EQUITY":null,"DEPOSIT_ASSETS":null,"EQUITY_MULTIPLIER":-1.535442272818,"EQUITY_RATIO":-2.535442272819},{"SECUCODE":"03321.HK","SECURITY_CODE":"03321","SECURITY_NAME_ABBR":"伟鸿集团控股","ORG_CODE":"10945589","STD_REPORT_DATE":"2023-12-31 00:00:00","REPORT_DATE":"2023-12-31 00:00:00","DATE_TYPE_CODE":"001","REPORT_TYPE":"2023年年报","PER_NETCASH_OPERATE":0.013736335377,"PER_OI":0.184255940569,"BPS":-0.023040406243,"BASIC_EPS":-0.0483160931,"DILUTED_EPS":null,"OPERATE_INCOME":92984760.40816,"OPERATE_INCOME_YOY":93.8821115874,"GROSS_PROFIT":-4629560.1934,"GROSS_PROFIT_YOY":84.687058265788,"HOLDER_PROFIT":-24409290.23412,"HOLDER_PROFIT_YOY":60.6179576217,"GROSS_PROFIT_RATIO":-4.978837578414,"EPS_TTM":-0.048368751083,"OPERATE_INCOME_QOQ":53.998243945089,"NET_PROFIT_RATIO":-26.2508502759,"ROE_AVG":1669.33012916792,"GROSS_PROFIT_QOQ":61.001224306673,"ROA":-14.42053938194,"HOLDER_PROFIT_QOQ":37.209799481335,"ROE_YEARLY":1669.33012916792,"ROIC_YEARLY":-14.7756610521,"TOTAL_ASSETS":148094096.19802,"TOTAL_LIABILITIES":162046905.41088,"TAX_EBT":-3.570896078724,"OCF_SALES":7.45502985413,"TOTAL_PARENT_EQUITY":-13952809.21286,"DEBT_ASSET_RATIO":109.4215836897,"OPERATE_PROFIT":-20375335.69748,"PRETAX_PROFIT":-23567711.73976,"NETCASH_OPERATE":6932041.64822,"NETCASH_INVEST":31625.07912,"NETCASH_FINANCE":-390042.64248,"END_CASH":-1481107.87212,"DIVI_RATIO":null,"DIVIDEND_RATE":null,"CURRENT_RATIO":0.905629282678,"COMMON_ACS":1000000000,"CURRENTDEBT_DEBT":100,"ISSUED_COMMON_SHARES":605580000,"HK_COMMON_SHARES":605580000,"PER_SHARES":2500,"TOTAL_MARKET_CAP":26645520,"HKSK_MARKET_CAP":26645520,"PE_TTM":-0.351133685365,"PB_TTM":-0.369669622698,"REPORT_DATE_SQ":"2022-12-31 00:00:00","REPORT_TYPE_SQ":"2022年年报","OPERATE_INCOME_SQ":47227098.74256,"DPS_HKD":null,"OPERATE_INCOME_QOQ_SQ":-53.037192038075,"NET_PROFIT_RATIO_SQ":-129.2358134594,"HOLDER_PROFIT_SQ":-61034325.2332,"HOLDER_PROFIT_QOQ_SQ":72.678112148182,"ROE_AVG_SQ":-162.079897084836,"PE_TTM_SQ":11.619605527493,"PB_TTM_SQ":113.40776269721,"ROA_SQ":-29.970986912251,"START_DATE":"2023-01-01 00:00:00","FISCAL_YEAR":"12-31","CURRENCY":"HKD","IS_CNY_CODE":0,"DPS_HKD_LY":null,"ORG_TYPE":"一般企业","PREMIUM_INCOME":null,"PREMIUM_INCOME_YOY":null,"NET_INTEREST_INCOME":null,"NET_INTEREST_INCOME_YOY":null,"FEE_COMMISSION_INCOME":null,"FEE_COMMISSION_INCOME_YOY":null,"ACCOUNTS_RECE_TDAYS":1.289869731054,"INVENTORY_TDAYS":null,"CURRENT_ASSETS_TDAYS":0.555032353466,"TOTAL_ASSETS_TDAYS":0.549336087418,"PREMIUM_EXPENSE":null,"LOAN_DEPOSIT":null,"LOAN_EQUITY":null,"LOAN_ASSETS":null,"DEPOSIT_EQUITY":null,"DEPOSIT_ASSETS":null,"EQUITY_MULTIPLIER":-10.613926840062,"EQUITY_RATIO":-11.613926840018},{"SECUCODE":"03321.HK","SECURITY_CODE":"03321","SECURITY_NAME_ABBR":"伟鸿集团控股","ORG_CODE":"10945589","STD_REPORT_DATE":"2023-06-30 00:00:00","REPORT_DATE":"2023-06-30 00:00:00","DATE_TYPE_CODE":"002","REPORT_TYPE":"2023年中报","PER_NETCASH_OPERATE":0.00176790509,"PER_OI":0.103428641622,"BPS":0.006707067358,"BASIC_EPS":-0.01428906192,"DILUTED_EPS":null,"OPERATE_INCOME":52195263.99465,"OPERATE_INCOME_YOY":24.2189160468,"GROSS_PROFIT":1818283.12932,"GROSS_PROFIT_YOY":110.990810490554,"HOLDER_PROFIT":-7165071.48651,"HOLDER_PROFIT_YOY":77.2976796831,"GROSS_PROFIT_RATIO":3.483617075883,"EPS_TTM":-0.077032324604,"OPERATE_INCOME_QOQ":27.851180092282,"NET_PROFIT_RATIO":-13.727436051,"ROE_AVG":-93.825283592562,"GROSS_PROFIT_QOQ":60.73481420384,"ROA":-3.745206457832,"HOLDER_PROFIT_QOQ":36.307377098086,"ROE_YEARLY":-187.650567185125,"ROIC_YEARLY":-7.620775470659,"TOTAL_ASSETS":189021962.54235,"TOTAL_LIABILITIES":184960296.69159,"TAX_EBT":-13.753012902311,"OCF_SALES":1.709299341261,"TOTAL_PARENT_EQUITY":4061665.85076,"DEBT_ASSET_RATIO":97.851220146,"OPERATE_PROFIT":-4103639.97015,"PRETAX_PROFIT":-6298797.10761,"NETCASH_OPERATE":892173.30363,"NETCASH_INVEST":312573.2295,"NETCASH_FINANCE":-3139128.29055,"END_CASH":2313041.8983,"DIVI_RATIO":null,"DIVIDEND_RATE":null,"CURRENT_RATIO":1.013157450014,"COMMON_ACS":1000000000,"CURRENTDEBT_DEBT":100,"ISSUED_COMMON_SHARES":605580000,"HK_COMMON_SHARES":605580000,"PER_SHARES":2500,"TOTAL_MARKET_CAP":26645520,"HKSK_MARKET_CAP":26645520,"PE_TTM":-0.351133685365,"PB_TTM":-0.369669622698,"REPORT_DATE_SQ":"2022-06-30 00:00:00","REPORT_TYPE_SQ":"2022年中报","OPERATE_INCOME_SQ":39041959.6715,"DPS_HKD":null,"OPERATE_INCOME_QOQ_SQ":-51.31479456885,"NET_PROFIT_RATIO_SQ":-75.1115834219,"HOLDER_PROFIT_SQ":-29325034.1082,"HOLDER_PROFIT_QOQ_SQ":-21.72870729341,"ROE_AVG_SQ":-58.01050558109,"PE_TTM_SQ":11.619605527493,"PB_TTM_SQ":113.40776269721,"ROA_SQ":-13.991468134174,"START_DATE":"2023-01-01 00:00:00","FISCAL_YEAR":"12-31","CURRENCY":"HKD","IS_CNY_CODE":0,"DPS_HKD_LY":null,"ORG_TYPE":"一般企业","PREMIUM_INCOME":null,"PREMIUM_INCOME_YOY":null,"NET_INTEREST_INCOME":null,"NET_INTEREST_INCOME_YOY":null,"FEE_COMMISSION_INCOME":null,"FEE_COMMISSION_INCOME_YOY":null,"ACCOUNTS_RECE_TDAYS":0.841207585189,"INVENTORY_TDAYS":null,"CURRENT_ASSETS_TDAYS":0.275561779211,"TOTAL_ASSETS_TDAYS":0.27282636349,"PREMIUM_EXPENSE":null,"LOAN_DEPOSIT":null,"LOAN_EQUITY":null,"LOAN_ASSETS":null,"DEPOSIT_EQUITY":null,"DEPOSIT_ASSETS":null,"EQUITY_MULTIPLIER":46.538038698495,"EQUITY_RATIO":45.538038698329},{"SECUCODE":"03321.HK","SECURITY_CODE":"03321","SECURITY_NAME_ABBR":"伟鸿集团控股","ORG_CODE":"10945589","STD_REPORT_DATE":"2022-12-31 00:00:00","REPORT_DATE":"2022-12-31 00:00:00","DATE_TYPE_CODE":"001","REPORT_TYPE":"2022年年报","PER_NETCASH_OPERATE":-0.014330533254,"PER_OI":0.093583867517,"BPS":0.017933165317,"BASIC_EPS":-0.1211084336,"DILUTED_EPS":null,"OPERATE_INCOME":47227098.74256,"OPERATE_INCOME_YOY":-79.0381041606,"GROSS_PROFIT":-30232990.32776,"GROSS_PROFIT_YOY":60.905157908746,"HOLDER_PROFIT":-61034325.2332,"HOLDER_PROFIT_YOY":69.5081896365,"GROSS_PROFIT_RATIO":-64.016192255559,"EPS_TTM":-0.120943872453,"OPERATE_INCOME_QOQ":-53.037192038075,"NET_PROFIT_RATIO":-129.2358134594,"ROE_AVG":-162.079897084836,"GROSS_PROFIT_QOQ":74.989931579632,"ROA":-29.970986912251,"HOLDER_PROFIT_QOQ":72.678112148182,"ROE_YEARLY":-162.079897084836,"ROIC_YEARLY":-30.615986444002,"TOTAL_ASSETS":187532949.18864,"TOTAL_LIABILITIES":176672982.93568,"TAX_EBT":-0.180326006702,"OCF_SALES":-15.313038062791,"TOTAL_PARENT_EQUITY":10859966.25296,"DEBT_ASSET_RATIO":94.2090356388,"OPERATE_PROFIT":-56288604.75656,"PRETAX_PROFIT":-60924462.58272,"NETCASH_OPERATE":-7231903.6064,"NETCASH_INVEST":4384990.35656,"NETCASH_FINANCE":1801055.41968,"END_CASH":-7931737.34056,"DIVI_RATIO":null,"DIVIDEND_RATE":null,"CURRENT_RATIO":1.050069806746,"COMMON_ACS":1000000000,"CURRENTDEBT_DEBT":99.95250499432,"ISSUED_COMMON_SHARES":605580000,"HK_COMMON_SHARES":605580000,"PER_SHARES":2500,"TOTAL_MARKET_CAP":26645520,"HKSK_MARKET_CAP":26645520,"PE_TTM":-0.351133685365,"PB_TTM":-0.369669622698,"REPORT_DATE_SQ":"2021-12-31 00:00:00","REPORT_TYPE_SQ":"2021年年报","OPERATE_INCOME_SQ":206557136.29504,"DPS_HKD":null,"OPERATE_INCOME_QOQ_SQ":-52.759593414497,"NET_PROFIT_RATIO_SQ":-88.8444348881,"HOLDER_PROFIT_SQ":-183514520.4624,"HOLDER_PROFIT_QOQ_SQ":-623.485155348431,"ROE_AVG_SQ":-121.557409990308,"PE_TTM_SQ":11.619605527493,"PB_TTM_SQ":113.40776269721,"ROA_SQ":-61.459962973686,"START_DATE":"2022-01-01 00:00:00","FISCAL_YEAR":"12-31","CURRENCY":"HKD","IS_CNY_CODE":0,"DPS_HKD_LY":null,"ORG_TYPE":"一般企业","PREMIUM_INCOME":null,"PREMIUM_INCOME_YOY":null,"NET_INTEREST_INCOME":null,"NET_INTEREST_INCOME_YOY":null,"FEE_COMMISSION_INCOME":null,"FEE_COMMISSION_INCOME_YOY":null,"ACCOUNTS_RECE_TDAYS":0.742841203644,"INVENTORY_TDAYS":null,"CURRENT_ASSETS_TDAYS":0.234689754193,"TOTAL_ASSETS_TDAYS":0.231909299056,"PREMIUM_EXPENSE":null,"LOAN_DEPOSIT":null,"LOAN_EQUITY":null,"LOAN_ASSETS":null,"DEPOSIT_EQUITY":null,"DEPOSIT_ASSETS":null,"EQUITY_MULTIPLIER":17.26828102587,"EQUITY_RATIO":16.268281025968},{"SECUCODE":"03321.HK","SECURITY_CODE":"03321","SECURITY_NAME_ABBR":"伟鸿集团控股","ORG_CODE":"10945589","STD_REPORT_DATE":"2022-06-30 00:00:00","REPORT_DATE":"2022-06-30 00:00:00","DATE_TYPE_CODE":"002","REPORT_TYPE":"2022年中报","PER_NETCASH_OPERATE":-0.013802274742,"PER_OI":0.077364430143,"BPS":0.064856769527,"BASIC_EPS":-0.0580858061,"DILUTED_EPS":null,"OPERATE_INCOME":39041959.6715,"OPERATE_INCOME_YOY":-73.8058122703,"GROSS_PROFIT":-16543667.37451,"GROSS_PROFIT_YOY":-161.25654671251,"HOLDER_PROFIT":-29325034.1082,"HOLDER_PROFIT_YOY":-370.4729833155,"GROSS_PROFIT_RATIO":-42.374070138151,"EPS_TTM":-0.442662941553,"OPERATE_INCOME_QOQ":-51.31479456885,"NET_PROFIT_RATIO":-75.1115834219,"ROE_AVG":-58.01050558109,"GROSS_PROFIT_QOQ":-56.316413990354,"ROA":-13.991468134174,"HOLDER_PROFIT_QOQ":-21.72870729341,"ROE_YEARLY":-116.02101116218,"ROIC_YEARLY":-28.489546174589,"TOTAL_ASSETS":208386148.57267,"TOTAL_LIABILITIES":169110186.08231,"TAX_EBT":null,"OCF_SALES":-17.840595111583,"TOTAL_PARENT_EQUITY":39275962.49036,"DEBT_ASSET_RATIO":81.1523161403,"OPERATE_PROFIT":-27312775.82545,"PRETAX_PROFIT":-29325034.1082,"NETCASH_OPERATE":-6965317.94862,"NETCASH_INVEST":-7529580.06502,"NETCASH_FINANCE":13344799.05286,"END_CASH":3155718.86569,"DIVI_RATIO":null,"DIVIDEND_RATE":null,"CURRENT_RATIO":1.219708827902,"COMMON_ACS":1000000000,"CURRENTDEBT_DEBT":100,"ISSUED_COMMON_SHARES":605580000,"HK_COMMON_SHARES":605580000,"PER_SHARES":2500,"TOTAL_MARKET_CAP":26645520,"HKSK_MARKET_CAP":26645520,"PE_TTM":-0.351133685365,"PB_TTM":-0.369669622698,"REPORT_DATE_SQ":"2021-06-30 00:00:00","REPORT_TYPE_SQ":"2021年中报","OPERATE_INCOME_SQ":145036329.8286,"DPS_HKD":null,"OPERATE_INCOME_QOQ_SQ":5.720117772302,"NET_PROFIT_RATIO_SQ":7.2742456297,"HOLDER_PROFIT_SQ":10550298.88398,"HOLDER_PROFIT_QOQ_SQ":-6.158772848291,"ROE_AVG_SQ":4.178826659929,"PE_TTM_SQ":11.619605527493,"PB_TTM_SQ":113.40776269721,"ROA_SQ":2.662753849132,"START_DATE":"2022-01-01 00:00:00","FISCAL_YEAR":"12-31","CURRENCY":"HKD","IS_CNY_CODE":0,"DPS_HKD_LY":null,"ORG_TYPE":"一般企业","PREMIUM_INCOME":null,"PREMIUM_INCOME_YOY":null,"NET_INTEREST_INCOME":null,"NET_INTEREST_INCOME_YOY":null,"FEE_COMMISSION_INCOME":null,"FEE_COMMISSION_INCOME_YOY":null,"ACCOUNTS_RECE_TDAYS":0.671093075831,"INVENTORY_TDAYS":null,"CURRENT_ASSETS_TDAYS":0.18840309854,"TOTAL_ASSETS_TDAYS":0.186275771283,"PREMIUM_EXPENSE":null,"LOAN_DEPOSIT":null,"LOAN_EQUITY":null,"LOAN_ASSETS":null,"DEPOSIT_EQUITY":null,"DEPOSIT_ASSETS":null,"EQUITY_MULTIPLIER":5.305691709623,"EQUITY_RATIO":4.305691709626},{"SECUCODE":"03321.HK","SECURITY_CODE":"03321","SECURITY_NAME_ABBR":"伟鸿集团控股","ORG_CODE":"10945589","STD_REPORT_DATE":"2021-12-31 00:00:00","REPORT_DATE":"2021-12-31 00:00:00","DATE_TYPE_CODE":"001","REPORT_TYPE":"2021年年报","PER_NETCASH_OPERATE":-0.061431642361,"PER_OI":0.41311427259,"BPS":0.097579194639,"BASIC_EPS":-0.36720352208,"DILUTED_EPS":null,"OPERATE_INCOME":206557136.29504,"OPERATE_INCOME_YOY":-48.5558974926,"GROSS_PROFIT":-77332427.27312,"GROSS_PROFIT_YOY":-217.783078211199,"HOLDER_PROFIT":-183514520.4624,"HOLDER_PROFIT_YOY":-606.0138208537,"GROSS_PROFIT_RATIO":-37.438758427915,"EPS_TTM":-0.367029040925,"OPERATE_INCOME_QOQ":-52.759593414497,"NET_PROFIT_RATIO":-88.8444348881,"ROE_AVG":-121.557409990308,"GROSS_PROFIT_QOQ":-218.983028998272,"ROA":-61.459962973686,"HOLDER_PROFIT_QOQ":-623.485155348431,"ROE_YEARLY":-121.557409990308,"ROIC_YEARLY":-66.774017609018,"TOTAL_ASSETS":201474976.10176,"TOTAL_LIABILITIES":142382967.41248,"TAX_EBT":-0.438406111642,"OCF_SALES":-14.870375205418,"TOTAL_PARENT_EQUITY":59092008.68928,"DEBT_ASSET_RATIO":70.6702986978,"OPERATE_PROFIT":-178824942.86832,"PRETAX_PROFIT":-182713493.3408,"NETCASH_OPERATE":-30715821.18064,"NETCASH_INVEST":-888267.6992,"NETCASH_FINANCE":-7018901.016,"END_CASH":-6313045.4336,"DIVI_RATIO":null,"DIVIDEND_RATE":null,"CURRENT_RATIO":1.398920510304,"COMMON_ACS":1000000000,"CURRENTDEBT_DEBT":99.897509023662,"ISSUED_COMMON_SHARES":605580000,"HK_COMMON_SHARES":605580000,"PER_SHARES":2500,"TOTAL_MARKET_CAP":26645520,"HKSK_MARKET_CAP":26645520,"PE_TTM":-0.351133685365,"PB_TTM":-0.369669622698,"REPORT_DATE_SQ":"2020-12-31 00:00:00","REPORT_TYPE_SQ":"2020年年报","OPERATE_INCOME_SQ":413588961.22798,"DPS_HKD":null,"OPERATE_INCOME_QOQ_SQ":80.095885286946,"NET_PROFIT_RATIO_SQ":9.0324058894,"HOLDER_PROFIT_SQ":37357033.69184,"HOLDER_PROFIT_QOQ_SQ":23.805379646217,"ROE_AVG_SQ":16.139711851366,"PE_TTM_SQ":11.619605527493,"PB_TTM_SQ":113.40776269721,"ROA_SQ":11.06438578238,"START_DATE":"2021-01-01 00:00:00","FISCAL_YEAR":"12-31","CURRENCY":"HKD","IS_CNY_CODE":0,"DPS_HKD_LY":null,"ORG_TYPE":"一般企业","PREMIUM_INCOME":null,"PREMIUM_INCOME_YOY":null,"NET_INTEREST_INCOME":null,"NET_INTEREST_INCOME_YOY":null,"FEE_COMMISSION_INCOME":null,"FEE_COMMISSION_INCOME_YOY":null,"ACCOUNTS_RECE_TDAYS":2.139346147528,"INVENTORY_TDAYS":null,"CURRENT_ASSETS_TDAYS":0.698340514872,"TOTAL_ASSETS_TDAYS":0.691770543097,"PREMIUM_EXPENSE":null,"LOAN_DEPOSIT":null,"LOAN_EQUITY":null,"LOAN_ASSETS":null,"DEPOSIT_EQUITY":null,"DEPOSIT_ASSETS":null,"EQUITY_MULTIPLIER":3.409513072419,"EQUITY_RATIO":2.409513072422},{"SECUCODE":"03321.HK","SECURITY_CODE":"03321","SECURITY_NAME_ABBR":"伟鸿集团控股","ORG_CODE":"10945589","STD_REPORT_DATE":"2021-06-30 00:00:00","REPORT_DATE":"2021-06-30 00:00:00","DATE_TYPE_CODE":"002","REPORT_TYPE":"2021年中报","PER_NETCASH_OPERATE":-0.053844798009,"PER_OI":0.290072659657,"BPS":0.425534276525,"BASIC_EPS":0.02099401278,"DILUTED_EPS":null,"OPERATE_INCOME":145036329.8286,"OPERATE_INCOME_YOY":31.1362906287,"GROSS_PROFIT":27007182.51741,"GROSS_PROFIT_YOY":-2.393086819249,"HOLDER_PROFIT":10550298.88398,"HOLDER_PROFIT_YOY":-9.9020824714,"GROSS_PROFIT_RATIO":18.620977619419,"EPS_TTM":0.070112597688,"OPERATE_INCOME_QOQ":5.720117772302,"NET_PROFIT_RATIO":7.2742456297,"ROE_AVG":4.178826659929,"GROSS_PROFIT_QOQ":-1.00850583245,"ROA":2.662753849132,"HOLDER_PROFIT_QOQ":-6.158772848291,"ROE_YEARLY":8.357653319858,"ROIC_YEARLY":5.757576759061,"TOTAL_ASSETS":389558441.44944,"TOTAL_LIABILITIES":131863394.27118,"TAX_EBT":13.772850260675,"OCF_SALES":-18.562520877408,"TOTAL_PARENT_EQUITY":257695047.17826,"DEBT_ASSET_RATIO":33.8494511326,"OPERATE_PROFIT":13961825.96073,"PRETAX_PROFIT":12235472.14059,"NETCASH_OPERATE":-26559848.55279,"NETCASH_INVEST":57329.80413,"NETCASH_FINANCE":-2335987.65279,"END_CASH":15263454.75309,"DIVI_RATIO":null,"DIVIDEND_RATE":null,"CURRENT_RATIO":2.9422020392,"COMMON_ACS":1000000000,"CURRENTDEBT_DEBT":98.974930498573,"ISSUED_COMMON_SHARES":605580000,"HK_COMMON_SHARES":605580000,"PER_SHARES":2500,"TOTAL_MARKET_CAP":26645520,"HKSK_MARKET_CAP":26645520,"PE_TTM":-0.351133685365,"PB_TTM":-0.369669622698,"REPORT_DATE_SQ":"2020-06-30 00:00:00","REPORT_TYPE_SQ":"2020年中报","OPERATE_INCOME_SQ":121378554.15312,"DPS_HKD":null,"OPERATE_INCOME_QOQ_SQ":-26.190878013001,"NET_PROFIT_RATIO_SQ":10.5875653418,"HOLDER_PROFIT_SQ":12851033.73192,"HOLDER_PROFIT_QOQ_SQ":-8.003036328906,"ROE_AVG_SQ":5.418958507713,"PE_TTM_SQ":11.619605527493,"PB_TTM_SQ":113.40776269721,"ROA_SQ":4.153242089165,"START_DATE":"2021-01-01 00:00:00","FISCAL_YEAR":"12-31","CURRENCY":"HKD","IS_CNY_CODE":0,"DPS_HKD_LY":null,"ORG_TYPE":"一般企业","PREMIUM_INCOME":null,"PREMIUM_INCOME_YOY":null,"NET_INTEREST_INCOME":null,"NET_INTEREST_INCOME_YOY":null,"FEE_COMMISSION_INCOME":null,"FEE_COMMISSION_INCOME_YOY":null,"ACCOUNTS_RECE_TDAYS":1.25103167279,"INVENTORY_TDAYS":null,"CURRENT_ASSETS_TDAYS":0.370136828223,"TOTAL_ASSETS_TDAYS":0.366052232038,"PREMIUM_EXPENSE":null,"LOAN_DEPOSIT":null,"LOAN_EQUITY":null,"LOAN_ASSETS":null,"DEPOSIT_EQUITY":null,"DEPOSIT_ASSETS":null,"EQUITY_MULTIPLIER":1.511703254352,"EQUITY_RATIO":0.511703254351},{"SECUCODE":"03321.HK","SECURITY_CODE":"03321","SECURITY_NAME_ABBR":"伟鸿集团控股","ORG_CODE":"10945589","STD_REPORT_DATE":"2020-12-31 00:00:00","REPORT_DATE":"2020-12-31 00:00:00","DATE_TYPE_CODE":"001","REPORT_TYPE":"2020年年报","PER_NETCASH_OPERATE":-0.037803082948,"PER_OI":0.827177922456,"BPS":0.413071525027,"BASIC_EPS":0.07434154273,"DILUTED_EPS":null,"OPERATE_INCOME":413588961.22798,"OPERATE_INCOME_YOY":40.7205218933,"GROSS_PROFIT":65656653.27107,"GROSS_PROFIT_YOY":-0.157770167453,"HOLDER_PROFIT":37357033.69184,"HOLDER_PROFIT_YOY":20.5748187212,"GROSS_PROFIT_RATIO":15.874856300838,"EPS_TTM":0.074714067384,"OPERATE_INCOME_QOQ":80.095885286946,"NET_PROFIT_RATIO":9.0324058894,"ROE_AVG":16.139711851366,"GROSS_PROFIT_QOQ":16.132128799761,"ROA":11.06438578238,"HOLDER_PROFIT_QOQ":23.805379646217,"ROE_YEARLY":16.139711851366,"ROIC_YEARLY":12.316941450893,"TOTAL_ASSETS":407605692.44826,"TOTAL_LIABILITIES":157457838.32223,"TAX_EBT":13.400499962124,"OCF_SALES":-4.570127166351,"TOTAL_PARENT_EQUITY":250147854.12603,"DEBT_ASSET_RATIO":38.6299409551,"OPERATE_PROFIT":44829584.14625,"PRETAX_PROFIT":43137701.34412,"NETCASH_OPERATE":-18901541.47411,"NETCASH_INVEST":-18056825.48309,"NETCASH_FINANCE":48514800.62158,"END_CASH":33528852.71126,"DIVI_RATIO":null,"DIVIDEND_RATE":null,"CURRENT_RATIO":2.569951145561,"COMMON_ACS":1000000000,"CURRENTDEBT_DEBT":99.933589635833,"ISSUED_COMMON_SHARES":605580000,"HK_COMMON_SHARES":605580000,"PER_SHARES":2500,"TOTAL_MARKET_CAP":26645520,"HKSK_MARKET_CAP":26645520,"PE_TTM":-0.351133685365,"PB_TTM":-0.369669622698,"REPORT_DATE_SQ":"2019-12-31 00:00:00","REPORT_TYPE_SQ":"2019年年报","OPERATE_INCOME_SQ":311139471.20035,"DPS_HKD":null,"OPERATE_INCOME_QOQ_SQ":-6.869951886568,"NET_PROFIT_RATIO_SQ":10.5415449444,"HOLDER_PROFIT_SQ":32798907.19625,"HOLDER_PROFIT_QOQ_SQ":-12.25019918023,"ROE_AVG_SQ":23.9272183544,"PE_TTM_SQ":11.619605527493,"PB_TTM_SQ":113.40776269721,"ROA_SQ":17.259426126926,"START_DATE":"2020-01-01 00:00:00","FISCAL_YEAR":"12-31","CURRENCY":"HKD","IS_CNY_CODE":0,"DPS_HKD_LY":null,"ORG_TYPE":"一般企业","PREMIUM_INCOME":null,"PREMIUM_INCOME_YOY":null,"NET_INTEREST_INCOME":null,"NET_INTEREST_INCOME_YOY":null,"FEE_COMMISSION_INCOME":null,"FEE_COMMISSION_INCOME_YOY":null,"ACCOUNTS_RECE_TDAYS":3.878541331495,"INVENTORY_TDAYS":null,"CURRENT_ASSETS_TDAYS":1.234909576985,"TOTAL_ASSETS_TDAYS":1.224965520579,"PREMIUM_EXPENSE":null,"LOAN_DEPOSIT":null,"LOAN_EQUITY":null,"LOAN_ASSETS":null,"DEPOSIT_EQUITY":null,"DEPOSIT_ASSETS":null,"EQUITY_MULTIPLIER":1.629459080801,"EQUITY_RATIO":0.6294590808},{"SECUCODE":"03321.HK","SECURITY_CODE":"03321","SECURITY_NAME_ABBR":"伟鸿集团控股","ORG_CODE":"10945589","STD_REPORT_DATE":"2020-06-30 00:00:00","REPORT_DATE":"2020-06-30 00:00:00","DATE_TYPE_CODE":"002","REPORT_TYPE":"2020年中报","PER_NETCASH_OPERATE":-0.02839420927,"PER_OI":0.242757108306,"BPS":0.402091913281,"BASIC_EPS":0.0265846788,"DILUTED_EPS":null,"OPERATE_INCOME":121378554.15312,"OPERATE_INCOME_YOY":-42.5754113825,"GROSS_PROFIT":27669333.69504,"GROSS_PROFIT_YOY":-25.002289435541,"HOLDER_PROFIT":12851033.73192,"HOLDER_PROFIT_YOY":-20.3011650912,"GROSS_PROFIT_RATIO":22.795899891949,"EPS_TTM":0.060347997476,"OPERATE_INCOME_QOQ":-26.190878013001,"NET_PROFIT_RATIO":10.5875653418,"ROE_AVG":5.418958507713,"GROSS_PROFIT_QOQ":-14.027038973256,"ROA":4.153242089165,"HOLDER_PROFIT_QOQ":-8.003036328906,"ROE_YEARLY":10.837917015425,"ROIC_YEARLY":9.034275675608,"TOTAL_ASSETS":328505103.61968,"TOTAL_LIABILITIES":85006282.77492,"TAX_EBT":16.30403416633,"OCF_SALES":-11.696551119937,"TOTAL_PARENT_EQUITY":243498820.84476,"DEBT_ASSET_RATIO":25.8767007996,"OPERATE_PROFIT":15989798.14224,"PRETAX_PROFIT":15354424.31892,"NETCASH_OPERATE":-14197104.63516,"NETCASH_INVEST":-1695216.35148,"NETCASH_FINANCE":13944550.18656,"END_CASH":23876586.18624,"DIVI_RATIO":null,"DIVIDEND_RATE":null,"CURRENT_RATIO":3.830319743453,"COMMON_ACS":1000000000,"CURRENTDEBT_DEBT":99.797762882192,"ISSUED_COMMON_SHARES":605580000,"HK_COMMON_SHARES":605580000,"PER_SHARES":2500,"TOTAL_MARKET_CAP":26645520,"HKSK_MARKET_CAP":26645520,"PE_TTM":-0.351133685365,"PB_TTM":-0.369669622698,"REPORT_DATE_SQ":"2019-06-30 00:00:00","REPORT_TYPE_SQ":"2019年中报","OPERATE_INCOME_SQ":202868713.5055,"DPS_HKD":null,"OPERATE_INCOME_QOQ_SQ":20.22411093402,"NET_PROFIT_RATIO_SQ":7.6285504664,"HOLDER_PROFIT_SQ":15475942.19032,"HOLDER_PROFIT_QOQ_SQ":38.081894989841,"ROE_AVG_SQ":12.23906397662,"PE_TTM_SQ":11.619605527493,"PB_TTM_SQ":113.40776269721,"ROA_SQ":9.061865810082,"START_DATE":"2020-01-01 00:00:00","FISCAL_YEAR":"12-31","CURRENCY":"HKD","IS_CNY_CODE":0,"DPS_HKD_LY":null,"ORG_TYPE":"一般企业","PREMIUM_INCOME":null,"PREMIUM_INCOME_YOY":null,"NET_INTEREST_INCOME":null,"NET_INTEREST_INCOME_YOY":null,"FEE_COMMISSION_INCOME":null,"FEE_COMMISSION_INCOME_YOY":null,"ACCOUNTS_RECE_TDAYS":1.28455406546,"INVENTORY_TDAYS":null,"CURRENT_ASSETS_TDAYS":0.396098356579,"TOTAL_ASSETS_TDAYS":0.392275462307,"PREMIUM_EXPENSE":null,"LOAN_DEPOSIT":null,"LOAN_EQUITY":null,"LOAN_ASSETS":null,"DEPOSIT_EQUITY":null,"DEPOSIT_ASSETS":null,"EQUITY_MULTIPLIER":1.349103467853,"EQUITY_RATIO":0.349103467853}],"count":16},"success":true,"message":"ok","code":0}