{"version":"4bfb99b83ccc8abff08bea76ac141528","result":{"pages":5,"data":[{"SECUCODE":"03336.HK","SECURITY_CODE":"03336","SECURITY_NAME_ABBR":"巨腾国际","ORG_CODE":"10010630","STD_REPORT_DATE":"2024-06-30 00:00:00","REPORT_DATE":"2024-06-30 00:00:00","DATE_TYPE_CODE":"002","REPORT_TYPE":"2024年中报","PER_NETCASH_OPERATE":0.365143965833,"PER_OI":2.281166760956,"BPS":3.947771839256,"BASIC_EPS":-0.07392708,"DILUTED_EPS":-0.07392708,"OPERATE_INCOME":2737419377.6,"OPERATE_INCOME_YOY":-13.4013998661,"GROSS_PROFIT":182002994.88,"GROSS_PROFIT_YOY":83.017488674987,"HOLDER_PROFIT":-62700203.32,"HOLDER_PROFIT_YOY":-20.3704028174,"GROSS_PROFIT_RATIO":6.648707040262,"EPS_TTM":-0.182706387604,"OPERATE_INCOME_QOQ":-7.252050919835,"NET_PROFIT_RATIO":-3.3962031394,"ROE_AVG":-1.289389958584,"GROSS_PROFIT_QOQ":17.950884184867,"ROA":-0.580561667364,"HOLDER_PROFIT_QOQ":-4.819084386926,"ROE_YEARLY":-2.578779917168,"ROIC_YEARLY":-1.476887291114,"TOTAL_ASSETS":10505748133.04,"TOTAL_LIABILITIES":4619950565.48,"TAX_EBT":-7.724277964022,"OCF_SALES":16.006894896177,"TOTAL_PARENT_EQUITY":4737359546.04,"DEBT_ASSET_RATIO":43.9754552172,"OPERATE_PROFIT":2405824.48,"PRETAX_PROFIT":-86302108.12,"NETCASH_OPERATE":438175842.64,"NETCASH_INVEST":-181579511.36,"NETCASH_FINANCE":-184071127.76,"END_CASH":1175940720.64,"DIVI_RATIO":null,"DIVIDEND_RATE":null,"CURRENT_RATIO":1.1302318378,"COMMON_ACS":2000000000,"CURRENTDEBT_DEBT":91.713725174888,"ISSUED_COMMON_SHARES":1200008445,"HK_COMMON_SHARES":1200008445,"PER_SHARES":2000,"TOTAL_MARKET_CAP":2244015792.15,"HKSK_MARKET_CAP":2244015792.15,"PE_TTM":-9.255925326781,"PB_TTM":0.432322755593,"REPORT_DATE_SQ":"2023-06-30 00:00:00","REPORT_TYPE_SQ":"2023年中报","OPERATE_INCOME_SQ":3193253758.52,"DPS_HKD":null,"OPERATE_INCOME_QOQ_SQ":-11.615516501468,"NET_PROFIT_RATIO_SQ":-3.4854022291,"HOLDER_PROFIT_SQ":-52620164.54,"HOLDER_PROFIT_QOQ_SQ":-97.982869762074,"ROE_AVG_SQ":-0.992310993774,"PE_TTM_SQ":3379.49872338902,"PB_TTM_SQ":0.259121139946,"ROA_SQ":-0.424850916394,"START_DATE":"2024-01-01 00:00:00","FISCAL_YEAR":"12-31","CURRENCY":"HKD","IS_CNY_CODE":0,"DPS_HKD_LY":null,"ORG_TYPE":"一般企业","PREMIUM_INCOME":null,"PREMIUM_INCOME_YOY":null,"NET_INTEREST_INCOME":null,"NET_INTEREST_INCOME_YOY":null,"FEE_COMMISSION_INCOME":null,"FEE_COMMISSION_INCOME_YOY":null,"ACCOUNTS_RECE_TDAYS":1.27667797776,"INVENTORY_TDAYS":1.940780594856,"CURRENT_ASSETS_TDAYS":0.551575292983,"TOTAL_ASSETS_TDAYS":0.253466603612,"PREMIUM_EXPENSE":null,"LOAN_DEPOSIT":null,"LOAN_EQUITY":null,"LOAN_ASSETS":null,"DEPOSIT_EQUITY":null,"DEPOSIT_ASSETS":null,"EQUITY_MULTIPLIER":1.784931950589,"EQUITY_RATIO":0.975216366962},{"SECUCODE":"03336.HK","SECURITY_CODE":"03336","SECURITY_NAME_ABBR":"巨腾国际","ORG_CODE":"10010630","STD_REPORT_DATE":"2023-12-31 00:00:00","REPORT_DATE":"2023-12-31 00:00:00","DATE_TYPE_CODE":"001","REPORT_TYPE":"2023年年报","PER_NETCASH_OPERATE":0.451637990014,"PER_OI":5.237957028144,"BPS":4.127383171608,"BASIC_EPS":-0.24739806,"DILUTED_EPS":-0.24739806,"OPERATE_INCOME":6285592668.32,"OPERATE_INCOME_YOY":-15.9871544718,"GROSS_PROFIT":459906650,"GROSS_PROFIT_YOY":11.022134662612,"HOLDER_PROFIT":-209169169.3,"HOLDER_PROFIT_YOY":-234.0786179414,"GROSS_PROFIT_RATIO":7.316838272355,"EPS_TTM":-0.174306414402,"OPERATE_INCOME_QOQ":-3.568136304315,"NET_PROFIT_RATIO":-4.7407489213,"ROE_AVG":-4.012838510176,"GROSS_PROFIT_QOQ":410.097449343455,"ROA":-1.752219472938,"HOLDER_PROFIT_QOQ":-6843.36207230668,"ROE_YEARLY":-4.012838510176,"ROIC_YEARLY":-2.227885630217,"TOTAL_ASSETS":11015569897.08,"TOTAL_LIABILITIES":4892429850.84,"TAX_EBT":-97.318251372678,"OCF_SALES":8.622407316204,"TOTAL_PARENT_EQUITY":4952894661.68,"DEBT_ASSET_RATIO":44.4137697509,"OPERATE_PROFIT":43465936.08,"PRETAX_PROFIT":-151017031.9,"NETCASH_OPERATE":541969402.1,"NETCASH_INVEST":-101561887.84,"NETCASH_FINANCE":-871523554.86,"END_CASH":1107266719.44,"DIVI_RATIO":null,"DIVIDEND_RATE":null,"CURRENT_RATIO":1.202790649765,"COMMON_ACS":2000000000,"CURRENTDEBT_DEBT":86.676291166687,"ISSUED_COMMON_SHARES":1200008445,"HK_COMMON_SHARES":1200008445,"PER_SHARES":2000,"TOTAL_MARKET_CAP":2388016805.55,"HKSK_MARKET_CAP":2388016805.55,"PE_TTM":-9.849888449355,"PB_TTM":0.460065392316,"REPORT_DATE_SQ":"2022-12-31 00:00:00","REPORT_TYPE_SQ":"2022年年报","OPERATE_INCOME_SQ":7374789776.69,"DPS_HKD":null,"OPERATE_INCOME_QOQ_SQ":-17.409628143757,"NET_PROFIT_RATIO_SQ":0.7037714753,"HOLDER_PROFIT_SQ":153775537.23,"HOLDER_PROFIT_QOQ_SQ":-23.277227845711,"ROE_AVG_SQ":2.673014031425,"PE_TTM_SQ":3522.69782183771,"PB_TTM_SQ":0.270100849265,"ROA_SQ":1.0951438723,"START_DATE":"2023-01-01 00:00:00","FISCAL_YEAR":"12-31","CURRENCY":"HKD","IS_CNY_CODE":0,"DPS_HKD_LY":0.05,"ORG_TYPE":"一般企业","PREMIUM_INCOME":null,"PREMIUM_INCOME_YOY":null,"NET_INTEREST_INCOME":null,"NET_INTEREST_INCOME_YOY":null,"FEE_COMMISSION_INCOME":null,"FEE_COMMISSION_INCOME_YOY":null,"ACCOUNTS_RECE_TDAYS":2.826778291447,"INVENTORY_TDAYS":3.444804304025,"CURRENT_ASSETS_TDAYS":1.130354984987,"TOTAL_ASSETS_TDAYS":0.526546905036,"PREMIUM_EXPENSE":null,"LOAN_DEPOSIT":null,"LOAN_EQUITY":null,"LOAN_ASSETS":null,"DEPOSIT_EQUITY":null,"DEPOSIT_ASSETS":null,"EQUITY_MULTIPLIER":1.799006688381,"EQUITY_RATIO":0.98779202568},{"SECUCODE":"03336.HK","SECURITY_CODE":"03336","SECURITY_NAME_ABBR":"巨腾国际","ORG_CODE":"10010630","STD_REPORT_DATE":"2023-06-30 00:00:00","REPORT_DATE":"2023-06-30 00:00:00","DATE_TYPE_CODE":"002","REPORT_TYPE":"2023年中报","PER_NETCASH_OPERATE":0.137026008229,"PER_OI":2.661026071796,"BPS":4.198562881547,"BASIC_EPS":-0.06177266,"DILUTED_EPS":-0.06177266,"OPERATE_INCOME":3193253758.52,"OPERATE_INCOME_YOY":-26.8636860641,"GROSS_PROFIT":99445684.78,"GROSS_PROFIT_YOY":-76.519959345066,"HOLDER_PROFIT":-52620164.54,"HOLDER_PROFIT_YOY":-149.7771614467,"GROSS_PROFIT_RATIO":3.114243098115,"EPS_TTM":0.002584859192,"OPERATE_INCOME_QOQ":-11.615516501468,"NET_PROFIT_RATIO":-3.4854022291,"ROE_AVG":-0.992310993774,"GROSS_PROFIT_QOQ":-78.235112760217,"ROA":-0.424850916394,"HOLDER_PROFIT_QOQ":-97.982869762074,"ROE_YEARLY":-1.984621987548,"ROIC_YEARLY":-1.081368821221,"TOTAL_ASSETS":11688288046.46,"TOTAL_LIABILITIES":5464893543.1,"TAX_EBT":-25.21497401641,"OCF_SALES":5.149367369295,"TOTAL_PARENT_EQUITY":5038310914.72,"DEBT_ASSET_RATIO":46.7552948847,"OPERATE_PROFIT":11241702.14,"PRETAX_PROFIT":-88885325.86,"NETCASH_OPERATE":164432367.06,"NETCASH_INVEST":-10103978.82,"NETCASH_FINANCE":-456431730.88,"END_CASH":1252829757.06,"DIVI_RATIO":null,"DIVIDEND_RATE":null,"CURRENT_RATIO":1.163192249401,"COMMON_ACS":2000000000,"CURRENTDEBT_DEBT":84.4118403771,"ISSUED_COMMON_SHARES":1200008445,"HK_COMMON_SHARES":1200008445,"PER_SHARES":2000,"TOTAL_MARKET_CAP":2388016805.55,"HKSK_MARKET_CAP":2388016805.55,"PE_TTM":-9.849888449355,"PB_TTM":0.460065392316,"REPORT_DATE_SQ":"2022-06-30 00:00:00","REPORT_TYPE_SQ":"2022年中报","OPERATE_INCOME_SQ":4049873681.98,"DPS_HKD":null,"OPERATE_INCOME_QOQ_SQ":-3.204412334438,"NET_PROFIT_RATIO_SQ":2.2192555941,"HOLDER_PROFIT_SQ":98053519.83,"HOLDER_PROFIT_QOQ_SQ":50.954740485966,"ROE_AVG_SQ":1.735822571461,"PE_TTM_SQ":3522.69782183771,"PB_TTM_SQ":0.270100849265,"ROA_SQ":0.684413247426,"START_DATE":"2023-01-01 00:00:00","FISCAL_YEAR":"12-31","CURRENCY":"HKD","IS_CNY_CODE":0,"DPS_HKD_LY":0.05,"ORG_TYPE":"一般企业","PREMIUM_INCOME":null,"PREMIUM_INCOME_YOY":null,"NET_INTEREST_INCOME":null,"NET_INTEREST_INCOME_YOY":null,"FEE_COMMISSION_INCOME":null,"FEE_COMMISSION_INCOME_YOY":null,"ACCOUNTS_RECE_TDAYS":1.402976471258,"INVENTORY_TDAYS":1.744627930524,"CURRENT_ASSETS_TDAYS":0.555761278721,"TOTAL_ASSETS_TDAYS":0.257820703802,"PREMIUM_EXPENSE":null,"LOAN_DEPOSIT":null,"LOAN_EQUITY":null,"LOAN_ASSETS":null,"DEPOSIT_EQUITY":null,"DEPOSIT_ASSETS":null,"EQUITY_MULTIPLIER":1.87812102224,"EQUITY_RATIO":1.084667785613},{"SECUCODE":"03336.HK","SECURITY_CODE":"03336","SECURITY_NAME_ABBR":"巨腾国际","ORG_CODE":"10010630","STD_REPORT_DATE":"2022-12-31 00:00:00","REPORT_DATE":"2022-12-31 00:00:00","DATE_TYPE_CODE":"001","REPORT_TYPE":"2022年年报","PER_NETCASH_OPERATE":1.679241988985,"PER_OI":6.145614897477,"BPS":4.494890352551,"BASIC_EPS":0.18222708,"DILUTED_EPS":0.18222708,"OPERATE_INCOME":7374789776.69,"OPERATE_INCOME_YOY":-26.8283048298,"GROSS_PROFIT":414247709.61,"GROSS_PROFIT_YOY":-58.220730533796,"HOLDER_PROFIT":153775537.23,"HOLDER_PROFIT_YOY":6.0056897953,"GROSS_PROFIT_RATIO":5.61707821041,"EPS_TTM":0.128145379202,"OPERATE_INCOME_QOQ":-17.409628143757,"NET_PROFIT_RATIO":0.7037714753,"ROE_AVG":2.673014031425,"GROSS_PROFIT_QOQ":-53.899651176573,"ROA":1.0951438723,"HOLDER_PROFIT_QOQ":-23.277227845711,"ROE_YEARLY":2.673014031425,"ROIC_YEARLY":1.335899869397,"TOTAL_ASSETS":12675438771.1,"TOTAL_LIABILITIES":6026573792.61,"TAX_EBT":75.638870137983,"OCF_SALES":27.324230642469,"TOTAL_PARENT_EQUITY":5393906382.41,"DEBT_ASSET_RATIO":47.5452873975,"OPERATE_PROFIT":321654914.49,"PRETAX_PROFIT":213051147.89,"NETCASH_OPERATE":2015104567.98,"NETCASH_INVEST":-438725987.42,"NETCASH_FINANCE":-746899671.07,"END_CASH":1524630556.19,"DIVI_RATIO":null,"DIVIDEND_RATE":null,"CURRENT_RATIO":1.183406545217,"COMMON_ACS":2000000000,"CURRENTDEBT_DEBT":83.216171361075,"ISSUED_COMMON_SHARES":1200008445,"HK_COMMON_SHARES":1200008445,"PER_SHARES":2000,"TOTAL_MARKET_CAP":2388016805.55,"HKSK_MARKET_CAP":2388016805.55,"PE_TTM":-9.849888449355,"PB_TTM":0.460065392316,"REPORT_DATE_SQ":"2021-12-31 00:00:00","REPORT_TYPE_SQ":"2021年年报","OPERATE_INCOME_SQ":9224963630.4,"DPS_HKD":null,"OPERATE_INCOME_QOQ_SQ":7.139259215151,"NET_PROFIT_RATIO_SQ":0.5100514678,"HOLDER_PROFIT_SQ":132774969.6,"HOLDER_PROFIT_QOQ_SQ":296.712179014275,"ROE_AVG_SQ":2.43960055965,"PE_TTM_SQ":3522.69782183771,"PB_TTM_SQ":0.270100849265,"ROA_SQ":0.963635339776,"START_DATE":"2022-01-01 00:00:00","FISCAL_YEAR":"12-31","CURRENCY":"HKD","IS_CNY_CODE":0,"DPS_HKD_LY":0.08,"ORG_TYPE":"一般企业","PREMIUM_INCOME":null,"PREMIUM_INCOME_YOY":null,"NET_INTEREST_INCOME":null,"NET_INTEREST_INCOME_YOY":null,"FEE_COMMISSION_INCOME":null,"FEE_COMMISSION_INCOME_YOY":null,"ACCOUNTS_RECE_TDAYS":2.457749566929,"INVENTORY_TDAYS":3.237462173642,"CURRENT_ASSETS_TDAYS":1.111724819948,"TOTAL_ASSETS_TDAYS":0.525210705092,"PREMIUM_EXPENSE":null,"LOAN_DEPOSIT":null,"LOAN_EQUITY":null,"LOAN_ASSETS":null,"DEPOSIT_EQUITY":null,"DEPOSIT_ASSETS":null,"EQUITY_MULTIPLIER":1.906406403516,"EQUITY_RATIO":1.117292990524},{"SECUCODE":"03336.HK","SECURITY_CODE":"03336","SECURITY_NAME_ABBR":"巨腾国际","ORG_CODE":"10010630","STD_REPORT_DATE":"2022-06-30 00:00:00","REPORT_DATE":"2022-06-30 00:00:00","DATE_TYPE_CODE":"002","REPORT_TYPE":"2022年中报","PER_NETCASH_OPERATE":0.544559779911,"PER_OI":3.374870984329,"BPS":4.538567575922,"BASIC_EPS":0.11630584,"DILUTED_EPS":0.11630584,"OPERATE_INCOME":4049873681.98,"OPERATE_INCOME_YOY":-9.3211014796,"GROSS_PROFIT":423532847.5,"GROSS_PROFIT_YOY":-17.994615656185,"HOLDER_PROFIT":98053519.83,"HOLDER_PROFIT_YOY":213.8450168341,"GROSS_PROFIT_RATIO":10.457927351772,"EPS_TTM":0.167023916894,"OPERATE_INCOME_QOQ":-3.204412334438,"NET_PROFIT_RATIO":2.2192555941,"ROE_AVG":1.735822571461,"GROSS_PROFIT_QOQ":-9.373203169836,"ROA":0.684413247426,"HOLDER_PROFIT_QOQ":50.954740485966,"ROE_YEARLY":3.471645142923,"ROIC_YEARLY":1.625363996756,"TOTAL_ASSETS":13902410773.23,"TOTAL_LIABILITIES":7092177899.38,"TAX_EBT":50.344671180387,"OCF_SALES":16.135721407995,"TOTAL_PARENT_EQUITY":5446319419.31,"DEBT_ASSET_RATIO":51.0140148717,"OPERATE_PROFIT":216949730.34,"PRETAX_PROFIT":181001818.69,"NETCASH_OPERATE":653476334.7,"NETCASH_INVEST":-278779967.34,"NETCASH_FINANCE":-118862858.1,"END_CASH":974250406.99,"DIVI_RATIO":null,"DIVIDEND_RATE":null,"CURRENT_RATIO":1.080676646606,"COMMON_ACS":2000000000,"CURRENTDEBT_DEBT":84.749542451064,"ISSUED_COMMON_SHARES":1200008445,"HK_COMMON_SHARES":1200008445,"PER_SHARES":2000,"TOTAL_MARKET_CAP":2388016805.55,"HKSK_MARKET_CAP":2388016805.55,"PE_TTM":-9.849888449355,"PB_TTM":0.460065392316,"REPORT_DATE_SQ":"2021-06-30 00:00:00","REPORT_TYPE_SQ":"2021年中报","OPERATE_INCOME_SQ":4345479554.4,"DPS_HKD":null,"OPERATE_INCOME_QOQ_SQ":2.002202690606,"NET_PROFIT_RATIO_SQ":0.1791694671,"HOLDER_PROFIT_SQ":30398378.64,"HOLDER_PROFIT_QOQ_SQ":-161.450881201308,"ROE_AVG_SQ":0.561930525834,"PE_TTM_SQ":3522.69782183771,"PB_TTM_SQ":0.270100849265,"ROA_SQ":0.225609782645,"START_DATE":"2022-01-01 00:00:00","FISCAL_YEAR":"12-31","CURRENCY":"HKD","IS_CNY_CODE":0,"DPS_HKD_LY":0.08,"ORG_TYPE":"一般企业","PREMIUM_INCOME":null,"PREMIUM_INCOME_YOY":null,"NET_INTEREST_INCOME":null,"NET_INTEREST_INCOME_YOY":null,"FEE_COMMISSION_INCOME":null,"FEE_COMMISSION_INCOME_YOY":null,"ACCOUNTS_RECE_TDAYS":1.210147557935,"INVENTORY_TDAYS":1.63683495493,"CURRENT_ASSETS_TDAYS":0.59930061545,"TOTAL_ASSETS_TDAYS":0.282681050426,"PREMIUM_EXPENSE":null,"LOAN_DEPOSIT":null,"LOAN_EQUITY":null,"LOAN_ASSETS":null,"DEPOSIT_EQUITY":null,"DEPOSIT_ASSETS":null,"EQUITY_MULTIPLIER":2.041400203305,"EQUITY_RATIO":1.302196465788},{"SECUCODE":"03336.HK","SECURITY_CODE":"03336","SECURITY_NAME_ABBR":"巨腾国际","ORG_CODE":"10010630","STD_REPORT_DATE":"2021-12-31 00:00:00","REPORT_DATE":"2021-12-31 00:00:00","DATE_TYPE_CODE":"001","REPORT_TYPE":"2021年年报","PER_NETCASH_OPERATE":0.483296992131,"PER_OI":7.687415591813,"BPS":4.661740477001,"BASIC_EPS":0.1569792,"DILUTED_EPS":0.1561616,"OPERATE_INCOME":9224963630.4,"OPERATE_INCOME_YOY":12.4977080157,"GROSS_PROFIT":991514966.4,"GROSS_PROFIT_YOY":-17.889710939475,"HOLDER_PROFIT":132774969.6,"HOLDER_PROFIT_YOY":24.4356581307,"GROSS_PROFIT_RATIO":10.748172091785,"EPS_TTM":0.110645029336,"OPERATE_INCOME_QOQ":7.139259215151,"NET_PROFIT_RATIO":0.5100514678,"ROE_AVG":2.43960055965,"GROSS_PROFIT_QOQ":-9.142339373652,"ROA":0.963635339776,"HOLDER_PROFIT_QOQ":296.712179014275,"ROE_YEARLY":2.43960055965,"ROIC_YEARLY":1.140604173387,"TOTAL_ASSETS":14102519950.4,"TOTAL_LIABILITIES":7113919612.8,"TAX_EBT":71.253527810385,"OCF_SALES":6.286859170792,"TOTAL_PARENT_EQUITY":5594127940.8,"DEBT_ASSET_RATIO":50.4443151849,"OPERATE_PROFIT":215843947.2,"PRETAX_PROFIT":163679432,"NETCASH_OPERATE":579960472,"NETCASH_INVEST":-863840185.6,"NETCASH_FINANCE":206176644.8,"END_CASH":693815360,"DIVI_RATIO":null,"DIVIDEND_RATE":null,"CURRENT_RATIO":1.125290713097,"COMMON_ACS":2000000000,"CURRENTDEBT_DEBT":83.836127387059,"ISSUED_COMMON_SHARES":1200008445,"HK_COMMON_SHARES":1200008445,"PER_SHARES":2000,"TOTAL_MARKET_CAP":2388016805.55,"HKSK_MARKET_CAP":2388016805.55,"PE_TTM":-9.849888449355,"PB_TTM":0.460065392316,"REPORT_DATE_SQ":"2020-12-31 00:00:00","REPORT_TYPE_SQ":"2020年年报","OPERATE_INCOME_SQ":8441244371.16,"DPS_HKD":null,"OPERATE_INCOME_QOQ_SQ":1.162457496985,"NET_PROFIT_RATIO_SQ":1.5655685981,"HOLDER_PROFIT_SQ":109839069.84,"HOLDER_PROFIT_QOQ_SQ":-71.102340732422,"ROE_AVG_SQ":2.113835412841,"PE_TTM_SQ":3522.69782183771,"PB_TTM_SQ":0.270100849265,"ROA_SQ":0.853814591335,"START_DATE":"2021-01-01 00:00:00","FISCAL_YEAR":"12-31","CURRENCY":"HKD","IS_CNY_CODE":0,"DPS_HKD_LY":0.1,"ORG_TYPE":"一般企业","PREMIUM_INCOME":null,"PREMIUM_INCOME_YOY":null,"NET_INTEREST_INCOME":null,"NET_INTEREST_INCOME_YOY":null,"FEE_COMMISSION_INCOME":null,"FEE_COMMISSION_INCOME_YOY":null,"ACCOUNTS_RECE_TDAYS":2.727624007342,"INVENTORY_TDAYS":4.099868457533,"CURRENT_ASSETS_TDAYS":1.426964854775,"TOTAL_ASSETS_TDAYS":0.669516324438,"PREMIUM_EXPENSE":null,"LOAN_DEPOSIT":null,"LOAN_EQUITY":null,"LOAN_ASSETS":null,"DEPOSIT_EQUITY":null,"DEPOSIT_ASSETS":null,"EQUITY_MULTIPLIER":2.017931956205,"EQUITY_RATIO":1.27167624482},{"SECUCODE":"03336.HK","SECURITY_CODE":"03336","SECURITY_NAME_ABBR":"巨腾国际","ORG_CODE":"10010630","STD_REPORT_DATE":"2021-06-30 00:00:00","REPORT_DATE":"2021-06-30 00:00:00","DATE_TYPE_CODE":"002","REPORT_TYPE":"2021年中报","PER_NETCASH_OPERATE":0.49934918923,"PER_OI":3.621207477752,"BPS":4.528897053287,"BASIC_EPS":0.03577944,"DILUTED_EPS":0.03577944,"OPERATE_INCOME":4345479554.4,"OPERATE_INCOME_YOY":14.2203321696,"GROSS_PROFIT":516469559.76,"GROSS_PROFIT_YOY":-18.373923687506,"HOLDER_PROFIT":30398378.64,"HOLDER_PROFIT_YOY":-83.9358895436,"GROSS_PROFIT_RATIO":11.885214354237,"EPS_TTM":-0.056247167761,"OPERATE_INCOME_QOQ":2.002202690606,"NET_PROFIT_RATIO":0.1791694671,"ROE_AVG":0.561930525834,"GROSS_PROFIT_QOQ":-9.627555349236,"ROA":0.225609782645,"HOLDER_PROFIT_QOQ":-161.450881201308,"ROE_YEARLY":1.123861051668,"ROIC_YEARLY":0.536816816459,"TOTAL_ASSETS":13254884625.6,"TOTAL_LIABILITIES":6365914576.32,"TAX_EBT":86.079000223165,"OCF_SALES":13.789576882792,"TOTAL_PARENT_EQUITY":5434714710.48,"DEBT_ASSET_RATIO":48.0269331355,"OPERATE_PROFIT":84565954.56,"PRETAX_PROFIT":55928257.2,"NETCASH_OPERATE":599223244.08,"NETCASH_INVEST":-468477681.6,"NETCASH_FINANCE":-291260451.12,"END_CASH":616621204.8,"DIVI_RATIO":null,"DIVIDEND_RATE":null,"CURRENT_RATIO":1.123512161765,"COMMON_ACS":2000000000,"CURRENTDEBT_DEBT":81.964234457828,"ISSUED_COMMON_SHARES":1200008445,"HK_COMMON_SHARES":1200008445,"PER_SHARES":2000,"TOTAL_MARKET_CAP":2388016805.55,"HKSK_MARKET_CAP":2388016805.55,"PE_TTM":-9.849888449355,"PB_TTM":0.460065392316,"REPORT_DATE_SQ":"2020-06-30 00:00:00","REPORT_TYPE_SQ":"2020年中报","OPERATE_INCOME_SQ":4176468732.48,"DPS_HKD":null,"OPERATE_INCOME_QOQ_SQ":4.475712029774,"NET_PROFIT_RATIO_SQ":5.740509798,"HOLDER_PROFIT_SQ":207734524.8,"HOLDER_PROFIT_QOQ_SQ":190.80296616716,"ROE_AVG_SQ":3.90174774005,"PE_TTM_SQ":3522.69782183771,"PB_TTM_SQ":0.270100849265,"ROA_SQ":1.597202374538,"START_DATE":"2021-01-01 00:00:00","FISCAL_YEAR":"12-31","CURRENCY":"HKD","IS_CNY_CODE":0,"DPS_HKD_LY":0.1,"ORG_TYPE":"一般企业","PREMIUM_INCOME":null,"PREMIUM_INCOME_YOY":null,"NET_INTEREST_INCOME":null,"NET_INTEREST_INCOME_YOY":null,"FEE_COMMISSION_INCOME":null,"FEE_COMMISSION_INCOME_YOY":null,"ACCOUNTS_RECE_TDAYS":1.512480192326,"INVENTORY_TDAYS":1.765806409651,"CURRENT_ASSETS_TDAYS":0.712924445719,"TOTAL_ASSETS_TDAYS":0.322511509369,"PREMIUM_EXPENSE":null,"LOAN_DEPOSIT":null,"LOAN_EQUITY":null,"LOAN_ASSETS":null,"DEPOSIT_EQUITY":null,"DEPOSIT_ASSETS":null,"EQUITY_MULTIPLIER":1.924073487153,"EQUITY_RATIO":1.171342915948},{"SECUCODE":"03336.HK","SECURITY_CODE":"03336","SECURITY_NAME_ABBR":"巨腾国际","ORG_CODE":"10010630","STD_REPORT_DATE":"2020-12-31 00:00:00","REPORT_DATE":"2020-12-31 00:00:00","DATE_TYPE_CODE":"001","REPORT_TYPE":"2020年年报","PER_NETCASH_OPERATE":0.40957210587,"PER_OI":7.034320805267,"BPS":4.538647824399,"BASIC_EPS":0.12708764,"DILUTED_EPS":0.12456272,"OPERATE_INCOME":8441244371.16,"OPERATE_INCOME_YOY":12.4889089926,"GROSS_PROFIT":1207540465.08,"GROSS_PROFIT_YOY":17.736714719649,"HOLDER_PROFIT":109839069.84,"HOLDER_PROFIT_YOY":-10.5590317518,"GROSS_PROFIT_RATIO":14.305242355092,"EPS_TTM":0.091531914044,"OPERATE_INCOME_QOQ":1.162457496985,"NET_PROFIT_RATIO":1.5655685981,"ROE_AVG":2.113835412841,"GROSS_PROFIT_QOQ":-4.883611375359,"ROA":0.853814591335,"HOLDER_PROFIT_QOQ":-71.102340732422,"ROE_YEARLY":2.113835412841,"ROIC_YEARLY":1.036549065058,"TOTAL_ASSETS":13850185226.68,"TOTAL_LIABILITIES":6933770342.56,"TAX_EBT":45.006339266326,"OCF_SALES":5.822482613573,"TOTAL_PARENT_EQUITY":5446415718.16,"DEBT_ASSET_RATIO":50.0626542467,"OPERATE_PROFIT":587408330.12,"PRETAX_PROFIT":240306736.08,"NETCASH_OPERATE":491489985.88,"NETCASH_INVEST":-1134205005.32,"NETCASH_FINANCE":436941614.2,"END_CASH":781609185.36,"DIVI_RATIO":null,"DIVIDEND_RATE":null,"CURRENT_RATIO":1.135534631902,"COMMON_ACS":2000000000,"CURRENTDEBT_DEBT":81.2983072935,"ISSUED_COMMON_SHARES":1200008445,"HK_COMMON_SHARES":1200008445,"PER_SHARES":2000,"TOTAL_MARKET_CAP":2388016805.55,"HKSK_MARKET_CAP":2388016805.55,"PE_TTM":-9.849888449355,"PB_TTM":0.460065392316,"REPORT_DATE_SQ":"2019-12-31 00:00:00","REPORT_TYPE_SQ":"2019年年报","OPERATE_INCOME_SQ":7986780750.46,"DPS_HKD":null,"OPERATE_INCOME_QOQ_SQ":-5.384390110623,"NET_PROFIT_RATIO_SQ":2.3767814449,"HOLDER_PROFIT_SQ":130705947.14,"HOLDER_PROFIT_QOQ_SQ":-37.782180636725,"ROE_AVG_SQ":2.441252453374,"PE_TTM_SQ":3522.69782183771,"PB_TTM_SQ":0.270100849265,"ROA_SQ":1.008936207169,"START_DATE":"2020-01-01 00:00:00","FISCAL_YEAR":"12-31","CURRENCY":"HKD","IS_CNY_CODE":0,"DPS_HKD_LY":0.1,"ORG_TYPE":"一般企业","PREMIUM_INCOME":null,"PREMIUM_INCOME_YOY":null,"NET_INTEREST_INCOME":null,"NET_INTEREST_INCOME_YOY":null,"FEE_COMMISSION_INCOME":null,"FEE_COMMISSION_INCOME_YOY":null,"ACCOUNTS_RECE_TDAYS":2.816201601409,"INVENTORY_TDAYS":4.351850496932,"CURRENT_ASSETS_TDAYS":1.454513668081,"TOTAL_ASSETS_TDAYS":0.65616520821,"PREMIUM_EXPENSE":null,"LOAN_DEPOSIT":null,"LOAN_EQUITY":null,"LOAN_ASSETS":null,"DEPOSIT_EQUITY":null,"DEPOSIT_ASSETS":null,"EQUITY_MULTIPLIER":2.002509314252,"EQUITY_RATIO":1.273088706659},{"SECUCODE":"03336.HK","SECURITY_CODE":"03336","SECURITY_NAME_ABBR":"巨腾国际","ORG_CODE":"10010630","STD_REPORT_DATE":"2020-06-30 00:00:00","REPORT_DATE":"2020-06-30 00:00:00","DATE_TYPE_CODE":"002","REPORT_TYPE":"2020年中报","PER_NETCASH_OPERATE":0.053286629383,"PER_OI":3.58082546887,"BPS":4.400269843501,"BASIC_EPS":0.23658096,"DILUTED_EPS":0.23384064,"OPERATE_INCOME":4176468732.48,"OPERATE_INCOME_YOY":5.3159148986,"GROSS_PROFIT":632726186.4,"GROSS_PROFIT_YOY":62.732307449752,"HOLDER_PROFIT":207734524.8,"HOLDER_PROFIT_YOY":580.2449582937,"GROSS_PROFIT_RATIO":15.14978865948,"EPS_TTM":0.325887798107,"OPERATE_INCOME_QOQ":4.475712029774,"NET_PROFIT_RATIO":5.740509798,"ROE_AVG":3.90174774005,"GROSS_PROFIT_QOQ":23.781733539395,"ROA":1.597202374538,"HOLDER_PROFIT_QOQ":190.80296616716,"ROE_YEARLY":7.803495480101,"ROIC_YEARLY":3.886376049178,"TOTAL_ASSETS":13120083086.88,"TOTAL_LIABILITIES":6406240626.72,"TAX_EBT":27.664722807095,"OCF_SALES":1.48811020939,"TOTAL_PARENT_EQUITY":5280360972.48,"DEBT_ASSET_RATIO":48.827744339,"OPERATE_PROFIT":396380893.92,"PRETAX_PROFIT":331443530.88,"NETCASH_OPERATE":62150457.6,"NETCASH_INVEST":-461965885.92,"NETCASH_FINANCE":86528344.32,"END_CASH":718966797.12,"DIVI_RATIO":null,"DIVIDEND_RATE":null,"CURRENT_RATIO":1.055011227699,"COMMON_ACS":2000000000,"CURRENTDEBT_DEBT":88.794782152173,"ISSUED_COMMON_SHARES":1200008445,"HK_COMMON_SHARES":1200008445,"PER_SHARES":2000,"TOTAL_MARKET_CAP":2388016805.55,"HKSK_MARKET_CAP":2388016805.55,"PE_TTM":-9.849888449355,"PB_TTM":0.460065392316,"REPORT_DATE_SQ":"2019-06-30 00:00:00","REPORT_TYPE_SQ":"2019年中报","OPERATE_INCOME_SQ":3819003425.64,"DPS_HKD":null,"OPERATE_INCOME_QOQ_SQ":6.193477778818,"NET_PROFIT_RATIO_SQ":-0.7188835814,"HOLDER_PROFIT_SQ":-41656299.3,"HOLDER_PROFIT_QOQ_SQ":72.912391760402,"ROE_AVG_SQ":-0.791323597544,"PE_TTM_SQ":3522.69782183771,"PB_TTM_SQ":0.270100849265,"ROA_SQ":-0.330994991704,"START_DATE":"2020-01-01 00:00:00","FISCAL_YEAR":"12-31","CURRENCY":"HKD","IS_CNY_CODE":0,"DPS_HKD_LY":0.1,"ORG_TYPE":"一般企业","PREMIUM_INCOME":null,"PREMIUM_INCOME_YOY":null,"NET_INTEREST_INCOME":null,"NET_INTEREST_INCOME_YOY":null,"FEE_COMMISSION_INCOME":null,"FEE_COMMISSION_INCOME_YOY":null,"ACCOUNTS_RECE_TDAYS":1.354709469902,"INVENTORY_TDAYS":2.25078917154,"CURRENT_ASSETS_TDAYS":0.716906583252,"TOTAL_ASSETS_TDAYS":0.321114931816,"PREMIUM_EXPENSE":null,"LOAN_DEPOSIT":null,"LOAN_EQUITY":null,"LOAN_ASSETS":null,"DEPOSIT_EQUITY":null,"DEPOSIT_ASSETS":null,"EQUITY_MULTIPLIER":1.954183936359,"EQUITY_RATIO":1.213220205987}],"count":43},"success":true,"message":"ok","code":0}