{"version":"4b0fc2c47396abe4faa34f5debadd7de","result":{"pages":5,"data":[{"SECUCODE":"03333.HK","SECURITY_CODE":"03333","SECURITY_NAME_ABBR":"中国恒大","ORG_CODE":"10149924","STD_REPORT_DATE":"2023-06-30 00:00:00","REPORT_DATE":"2023-06-30 00:00:00","DATE_TYPE_CODE":"002","REPORT_TYPE":"2023年中报","PER_NETCASH_OPERATE":0.411759777453,"PER_OI":9.707518858496,"BPS":-41.768814886671,"BASIC_EPS":-2.972,"DILUTED_EPS":-2.972,"OPERATE_INCOME":128181000000,"OPERATE_INCOME_YOY":43.5703005119,"GROSS_PROFIT":9796000000,"GROSS_PROFIT_YOY":37.739032620922,"HOLDER_PROFIT":-33012000000,"HOLDER_PROFIT_YOY":50.2456669179,"GROSS_PROFIT_RATIO":7.642318284301,"EPS_TTM":-5.496390952436,"OPERATE_INCOME_QOQ":16.908118069954,"NET_PROFIT_RATIO":-30.6192025339,"ROE_AVG":6.282029080931,"GROSS_PROFIT_QOQ":10.741585624525,"ROA":-1.843043713109,"HOLDER_PROFIT_QOQ":31.476480918481,"ROE_YEARLY":12.564058161861,"ROIC_YEARLY":-3.506102782276,"TOTAL_ASSETS":1743997000000,"TOTAL_LIABILITIES":2388200000000,"TAX_EBT":-21.090953967666,"OCF_SALES":4.241658280088,"TOTAL_PARENT_EQUITY":-551528000000,"DEBT_ASSET_RATIO":136.9383089535,"OPERATE_PROFIT":-11720000000,"PRETAX_PROFIT":-32412000000,"NETCASH_OPERATE":5437000000,"NETCASH_INVEST":-6815000000,"NETCASH_FINANCE":1049000000,"END_CASH":4047000000,"DIVI_RATIO":null,"DIVIDEND_RATE":null,"CURRENT_RATIO":0.688814548654,"COMMON_ACS":100000000000,"CURRENTDEBT_DEBT":95.953688970773,"ISSUED_COMMON_SHARES":13204300900,"HK_COMMON_SHARES":13204300900,"PER_SHARES":1000,"TOTAL_MARKET_CAP":2152301046.7,"HKSK_MARKET_CAP":2152301046.7,"PE_TTM":-0.028028656553,"PB_TTM":-0.003597965142,"REPORT_DATE_SQ":"2022-06-30 00:00:00","REPORT_TYPE_SQ":"2022年中报","OPERATE_INCOME_SQ":89281000000,"DPS_HKD":null,"OPERATE_INCOME_QOQ_SQ":-25.919052209285,"NET_PROFIT_RATIO_SQ":-96.5143759591,"HOLDER_PROFIT_SQ":-66350000000,"HOLDER_PROFIT_QOQ_SQ":-7.724221958469,"ROE_AVG_SQ":15.642147276652,"PE_TTM_SQ":-0.028028656553,"PB_TTM_SQ":-0.003597965142,"ROA_SQ":-3.298534252681,"START_DATE":"2023-01-01 00:00:00","FISCAL_YEAR":"12-31","CURRENCY":"HKD","IS_CNY_CODE":0,"DPS_HKD_LY":null,"ORG_TYPE":"一般企业","PREMIUM_INCOME":null,"PREMIUM_INCOME_YOY":null,"NET_INTEREST_INCOME":null,"NET_INTEREST_INCOME_YOY":null,"FEE_COMMISSION_INCOME":null,"FEE_COMMISSION_INCOME_YOY":null,"ACCOUNTS_RECE_TDAYS":0.564871838375,"INVENTORY_TDAYS":0.097645810926,"CURRENT_ASSETS_TDAYS":0.079034964591,"TOTAL_ASSETS_TDAYS":0.071562821456,"PREMIUM_EXPENSE":null,"LOAN_DEPOSIT":null,"LOAN_EQUITY":null,"LOAN_ASSETS":null,"DEPOSIT_EQUITY":null,"DEPOSIT_ASSETS":null,"EQUITY_MULTIPLIER":-2.70721651405,"EQUITY_RATIO":-4.330151868989},{"SECUCODE":"03333.HK","SECURITY_CODE":"03333","SECURITY_NAME_ABBR":"中国恒大","ORG_CODE":"10149924","STD_REPORT_DATE":"2022-12-31 00:00:00","REPORT_DATE":"2022-12-31 00:00:00","DATE_TYPE_CODE":"001","REPORT_TYPE":"2022年年报","PER_NETCASH_OPERATE":-0.925228839643,"PER_OI":17.423641110754,"BPS":-37.826311577011,"BASIC_EPS":-8.021,"DILUTED_EPS":-8.021,"OPERATE_INCOME":230067000000,"OPERATE_INCOME_YOY":-7.9779851448,"GROSS_PROFIT":24987000000,"GROSS_PROFIT_YOY":235.445576756288,"HOLDER_PROFIT":-105914000000,"HOLDER_PROFIT_YOY":77.7507956348,"GROSS_PROFIT_RATIO":10.860749259998,"EPS_TTM":-8.021174373571,"OPERATE_INCOME_QOQ":24.218193205624,"NET_PROFIT_RATIO":-54.6858089165,"ROE_AVG":23.779417245545,"GROSS_PROFIT_QOQ":946.729922060319,"ROA":-5.368940400473,"HOLDER_PROFIT_QOQ":79.346145220893,"ROE_YEARLY":23.779417245545,"ROIC_YEARLY":-5.145216564824,"TOTAL_ASSETS":1838338000000,"TOTAL_LIABILITIES":2437412000000,"TAX_EBT":-11.573831842005,"OCF_SALES":-5.310192248345,"TOTAL_PARENT_EQUITY":-499470000000,"DEBT_ASSET_RATIO":132.5878048542,"OPERATE_PROFIT":-64408000000,"PRETAX_PROFIT":-112763000000,"NETCASH_OPERATE":-12217000000,"NETCASH_INVEST":-13101000000,"NETCASH_FINANCE":24215000000,"END_CASH":4334000000,"DIVI_RATIO":null,"DIVIDEND_RATE":null,"CURRENT_RATIO":0.707710792066,"COMMON_ACS":100000000000,"CURRENTDEBT_DEBT":96.533659471604,"ISSUED_COMMON_SHARES":13204300900,"HK_COMMON_SHARES":13204300900,"PER_SHARES":1000,"TOTAL_MARKET_CAP":2152301046.7,"HKSK_MARKET_CAP":2152301046.7,"PE_TTM":-0.028028656553,"PB_TTM":-0.003597965142,"REPORT_DATE_SQ":"2021-12-31 00:00:00","REPORT_TYPE_SQ":"2021年年报","OPERATE_INCOME_SQ":250013000000,"DPS_HKD":null,"OPERATE_INCOME_QOQ_SQ":-46.037292766999,"NET_PROFIT_RATIO_SQ":-274.473327387,"HOLDER_PROFIT_SQ":-476035000000,"HOLDER_PROFIT_QOQ_SQ":-3090.35743451222,"ROE_AVG_SQ":389.501417566368,"PE_TTM_SQ":-0.04058136777,"PB_TTM_SQ":-0.005209323764,"ROA_SQ":-21.597434812641,"START_DATE":"2022-01-01 00:00:00","FISCAL_YEAR":"12-31","CURRENCY":"HKD","IS_CNY_CODE":0,"DPS_HKD_LY":null,"ORG_TYPE":"一般企业","PREMIUM_INCOME":null,"PREMIUM_INCOME_YOY":null,"NET_INTEREST_INCOME":null,"NET_INTEREST_INCOME_YOY":null,"FEE_COMMISSION_INCOME":null,"FEE_COMMISSION_INCOME_YOY":null,"ACCOUNTS_RECE_TDAYS":1.060901042147,"INVENTORY_TDAYS":0.152281889311,"CURRENT_ASSETS_TDAYS":0.129287077024,"TOTAL_ASSETS_TDAYS":0.116624432192,"PREMIUM_EXPENSE":null,"LOAN_DEPOSIT":null,"LOAN_EQUITY":null,"LOAN_ASSETS":null,"DEPOSIT_EQUITY":null,"DEPOSIT_ASSETS":null,"EQUITY_MULTIPLIER":-3.068632589627,"EQUITY_RATIO":-4.879996796604},{"SECUCODE":"03333.HK","SECURITY_CODE":"03333","SECURITY_NAME_ABBR":"中国恒大","ORG_CODE":"10149924","STD_REPORT_DATE":"2022-06-30 00:00:00","REPORT_DATE":"2022-06-30 00:00:00","DATE_TYPE_CODE":"002","REPORT_TYPE":"2022年中报","PER_NETCASH_OPERATE":0.32527280562,"PER_OI":6.761509047404,"BPS":-34.61107130632,"BASIC_EPS":-5.025,"DILUTED_EPS":-5.025,"OPERATE_INCOME":89281000000,"OPERATE_INCOME_YOY":-42.0561778793,"GROSS_PROFIT":7112000000,"GROSS_PROFIT_YOY":184.818127608825,"HOLDER_PROFIT":-66350000000,"HOLDER_PROFIT_YOY":-124.306964165,"GROSS_PROFIT_RATIO":7.96586059744,"EPS_TTM":-38.836209798885,"OPERATE_INCOME_QOQ":-25.919052209285,"NET_PROFIT_RATIO":-96.5143759591,"ROE_AVG":15.642147276652,"GROSS_PROFIT_QOQ":84.003686036427,"ROA":-3.298534252681,"HOLDER_PROFIT_QOQ":-7.724221958469,"ROE_YEARLY":31.284294553303,"ROIC_YEARLY":-6.324771537289,"TOTAL_ASSETS":1915903000000,"TOTAL_LIABILITIES":2474087000000,"TAX_EBT":-6.423525343346,"OCF_SALES":4.810654002531,"TOTAL_PARENT_EQUITY":-457015000000,"DEBT_ASSET_RATIO":129.1342515775,"OPERATE_PROFIT":-39364000000,"PRETAX_PROFIT":-80968000000,"NETCASH_OPERATE":4295000000,"NETCASH_INVEST":19594000000,"NETCASH_FINANCE":-25065000000,"END_CASH":4254000000,"DIVI_RATIO":null,"DIVIDEND_RATE":null,"CURRENT_RATIO":0.708345094856,"COMMON_ACS":100000000000,"CURRENTDEBT_DEBT":97.798218090148,"ISSUED_COMMON_SHARES":13204300900,"HK_COMMON_SHARES":13204300900,"PER_SHARES":1000,"TOTAL_MARKET_CAP":2152301046.7,"HKSK_MARKET_CAP":2152301046.7,"PE_TTM":-0.028028656553,"PB_TTM":-0.003597965142,"REPORT_DATE_SQ":"2021-06-30 00:00:00","REPORT_TYPE_SQ":"2021年中报","OPERATE_INCOME_SQ":154082000000,"DPS_HKD":null,"OPERATE_INCOME_QOQ_SQ":-8.662626565309,"NET_PROFIT_RATIO_SQ":4.7146257129,"HOLDER_PROFIT_SQ":-29580000000,"HOLDER_PROFIT_QOQ_SQ":97.11490837048,"ROE_AVG_SQ":8.517984418538,"PE_TTM_SQ":-0.04058136777,"PB_TTM_SQ":-0.005209323764,"ROA_SQ":0.614824437551,"START_DATE":"2022-01-01 00:00:00","FISCAL_YEAR":"12-31","CURRENCY":"HKD","IS_CNY_CODE":0,"DPS_HKD_LY":null,"ORG_TYPE":"一般企业","PREMIUM_INCOME":null,"PREMIUM_INCOME_YOY":null,"NET_INTEREST_INCOME":null,"NET_INTEREST_INCOME_YOY":null,"FEE_COMMISSION_INCOME":null,"FEE_COMMISSION_INCOME_YOY":null,"ACCOUNTS_RECE_TDAYS":0.431511384562,"INVENTORY_TDAYS":0.059944665228,"CURRENT_ASSETS_TDAYS":0.04949411571,"TOTAL_ASSETS_TDAYS":0.044385295646,"PREMIUM_EXPENSE":null,"LOAN_DEPOSIT":null,"LOAN_EQUITY":null,"LOAN_ASSETS":null,"DEPOSIT_EQUITY":null,"DEPOSIT_ASSETS":null,"EQUITY_MULTIPLIER":-3.432386094902,"EQUITY_RATIO":-5.413579422995},{"SECUCODE":"03333.HK","SECURITY_CODE":"03333","SECURITY_NAME_ABBR":"中国恒大","ORG_CODE":"10149924","STD_REPORT_DATE":"2021-12-31 00:00:00","REPORT_DATE":"2021-12-31 00:00:00","DATE_TYPE_CODE":"001","REPORT_TYPE":"2021年年报","PER_NETCASH_OPERATE":-3.907893374347,"PER_OI":18.934209534713,"BPS":-29.636858699577,"BASIC_EPS":-36.006,"DILUTED_EPS":-36.006,"OPERATE_INCOME":250013000000,"OPERATE_INCOME_YOY":-50.7118805791,"GROSS_PROFIT":-18448000000,"GROSS_PROFIT_YOY":-114.937168026946,"HOLDER_PROFIT":-476035000000,"HOLDER_PROFIT_YOY":-5994.4403169886,"GROSS_PROFIT_RATIO":-7.378816301552,"EPS_TTM":-36.051511064853,"OPERATE_INCOME_QOQ":-46.037292766999,"NET_PROFIT_RATIO":-274.473327387,"ROE_AVG":389.501417566368,"GROSS_PROFIT_QOQ":-121.765497062224,"ROA":-21.597434812641,"HOLDER_PROFIT_QOQ":-3090.35743451222,"ROE_YEARLY":389.501417566368,"ROIC_YEARLY":-23.095837281412,"TOTAL_ASSETS":2107096000000,"TOTAL_LIABILITIES":2580150000000,"TAX_EBT":1.813720229791,"OCF_SALES":-20.639326755009,"TOTAL_PARENT_EQUITY":-391334000000,"DEBT_ASSET_RATIO":122.4505195777,"OPERATE_PROFIT":-581529000000,"PRETAX_PROFIT":-698895000000,"NETCASH_OPERATE":-51601000000,"NETCASH_INVEST":-14407000000,"NETCASH_FINANCE":-87301000000,"END_CASH":5435000000,"DIVI_RATIO":null,"DIVIDEND_RATE":null,"CURRENT_RATIO":0.751177643729,"COMMON_ACS":100000000000,"CURRENTDEBT_DEBT":97.712768637482,"ISSUED_COMMON_SHARES":13204300900,"HK_COMMON_SHARES":13204300900,"PER_SHARES":1000,"TOTAL_MARKET_CAP":2152301046.7,"HKSK_MARKET_CAP":2152301046.7,"PE_TTM":-0.028028656553,"PB_TTM":-0.003597965142,"REPORT_DATE_SQ":"2020-12-31 00:00:00","REPORT_TYPE_SQ":"2020年年报","OPERATE_INCOME_SQ":507248000000,"DPS_HKD":null,"OPERATE_INCOME_QOQ_SQ":-1.92724122997,"NET_PROFIT_RATIO_SQ":6.1902659054,"HOLDER_PROFIT_SQ":8076000000,"HOLDER_PROFIT_QOQ_SQ":-9.309376754632,"ROE_AVG_SQ":5.520145180638,"PE_TTM_SQ":-0.04058136777,"PB_TTM_SQ":-0.005209323764,"ROA_SQ":0.358317346003,"START_DATE":"2021-01-01 00:00:00","FISCAL_YEAR":"12-31","CURRENCY":"HKD","IS_CNY_CODE":0,"DPS_HKD_LY":0.179843,"ORG_TYPE":"一般企业","PREMIUM_INCOME":null,"PREMIUM_INCOME_YOY":null,"NET_INTEREST_INCOME":null,"NET_INTEREST_INCOME_YOY":null,"FEE_COMMISSION_INCOME":null,"FEE_COMMISSION_INCOME_YOY":null,"ACCOUNTS_RECE_TDAYS":1.443014010937,"INVENTORY_TDAYS":0.187691979634,"CURRENT_ASSETS_TDAYS":0.131628915263,"TOTAL_ASSETS_TDAYS":0.113429463586,"PREMIUM_EXPENSE":null,"LOAN_DEPOSIT":null,"LOAN_EQUITY":null,"LOAN_ASSETS":null,"DEPOSIT_EQUITY":null,"DEPOSIT_ASSETS":null,"EQUITY_MULTIPLIER":-4.454239896494,"EQUITY_RATIO":-6.59321704733},{"SECUCODE":"03333.HK","SECURITY_CODE":"03333","SECURITY_NAME_ABBR":"中国恒大","ORG_CODE":"10149924","STD_REPORT_DATE":"2021-06-30 00:00:00","REPORT_DATE":"2021-06-30 00:00:00","DATE_TYPE_CODE":"002","REPORT_TYPE":"2021年中报","PER_NETCASH_OPERATE":-1.119503347825,"PER_OI":11.630727182227,"BPS":14.450443188552,"BASIC_EPS":-2.231,"DILUTED_EPS":-2.231,"OPERATE_INCOME":154082000000,"OPERATE_INCOME_YOY":-16.4800792106,"GROSS_PROFIT":-8385000000,"GROSS_PROFIT_YOY":-112.574607840197,"HOLDER_PROFIT":-29580000000,"HOLDER_PROFIT_YOY":119.9235474006,"GROSS_PROFIT_RATIO":12.948493421348,"EPS_TTM":1.201629950376,"OPERATE_INCOME_QOQ":-8.662626565309,"NET_PROFIT_RATIO":4.7146257129,"ROE_AVG":8.517984418538,"GROSS_PROFIT_QOQ":-30.869051017495,"ROA":0.614824437551,"HOLDER_PROFIT_QOQ":97.11490837048,"ROE_YEARLY":17.035968837076,"ROIC_YEARLY":1.434911098713,"TOTAL_ASSETS":2377575000000,"TOTAL_LIABILITIES":1966534000000,"TAX_EBT":1.900217289421,"OCF_SALES":-6.65993084557,"TOTAL_PARENT_EQUITY":190808000000,"DEBT_ASSET_RATIO":82.7117546239,"OPERATE_PROFIT":-15695000000,"PRETAX_PROFIT":-23471000000,"NETCASH_OPERATE":-48355000000,"NETCASH_INVEST":-19618000000,"NETCASH_FINANCE":-37446000000,"END_CASH":53248000000,"DIVI_RATIO":null,"DIVIDEND_RATE":null,"CURRENT_RATIO":1.241508075935,"COMMON_ACS":100000000000,"CURRENTDEBT_DEBT":79.976191614282,"ISSUED_COMMON_SHARES":13204300900,"HK_COMMON_SHARES":13204300900,"PER_SHARES":1000,"TOTAL_MARKET_CAP":2152301046.7,"HKSK_MARKET_CAP":2152301046.7,"PE_TTM":-0.028028656553,"PB_TTM":-0.003597965142,"REPORT_DATE_SQ":"2020-06-30 00:00:00","REPORT_TYPE_SQ":"2020年中报","OPERATE_INCOME_SQ":266631000000,"DPS_HKD":null,"OPERATE_INCOME_QOQ_SQ":8.303651261305,"NET_PROFIT_RATIO_SQ":5.5361154554,"HOLDER_PROFIT_SQ":6540000000,"HOLDER_PROFIT_QOQ_SQ":-48.466435185185,"ROE_AVG_SQ":4.739388010218,"PE_TTM_SQ":-0.04058136777,"PB_TTM_SQ":-0.005209323764,"ROA_SQ":0.290300629828,"START_DATE":"2021-01-01 00:00:00","FISCAL_YEAR":"12-31","CURRENCY":"HKD","IS_CNY_CODE":0,"DPS_HKD_LY":0.179843,"ORG_TYPE":"一般企业","PREMIUM_INCOME":null,"PREMIUM_INCOME_YOY":null,"NET_INTEREST_INCOME":null,"NET_INTEREST_INCOME_YOY":null,"FEE_COMMISSION_INCOME":null,"FEE_COMMISSION_INCOME_YOY":null,"ACCOUNTS_RECE_TDAYS":0.970130835002,"INVENTORY_TDAYS":0.144341472513,"CURRENT_ASSETS_TDAYS":0.115457390188,"TOTAL_ASSETS_TDAYS":0.095192417436,"PREMIUM_EXPENSE":null,"LOAN_DEPOSIT":null,"LOAN_EQUITY":null,"LOAN_ASSETS":null,"DEPOSIT_EQUITY":null,"DEPOSIT_ASSETS":null,"EQUITY_MULTIPLIER":5.784276994254,"EQUITY_RATIO":10.306349838581},{"SECUCODE":"03333.HK","SECURITY_CODE":"03333","SECURITY_NAME_ABBR":"中国恒大","ORG_CODE":"10149924","STD_REPORT_DATE":"2020-12-31 00:00:00","REPORT_DATE":"2020-12-31 00:00:00","DATE_TYPE_CODE":"001","REPORT_TYPE":"2020年年报","PER_NETCASH_OPERATE":8.313364417439,"PER_OI":38.313851830472,"BPS":11.125238747021,"BASIC_EPS":0.613,"DILUTED_EPS":0.61,"OPERATE_INCOME":507248000000,"OPERATE_INCOME_YOY":6.2163786406,"GROSS_PROFIT":123504000000,"GROSS_PROFIT_YOY":-7.095842391509,"HOLDER_PROFIT":8076000000,"HOLDER_PROFIT_YOY":-53.2638888889,"GROSS_PROFIT_RATIO":24.170622654008,"EPS_TTM":0.610002735118,"OPERATE_INCOME_QOQ":-1.92724122997,"NET_PROFIT_RATIO":6.1902659054,"ROE_AVG":5.520145180638,"GROSS_PROFIT_QOQ":0.197772202381,"ROA":0.358317346003,"HOLDER_PROFIT_QOQ":-9.309376754632,"ROE_YEARLY":5.520145180638,"ROIC_YEARLY":0.427012280833,"TOTAL_ASSETS":2301159000000,"TOTAL_LIABILITIES":1950728000000,"TAX_EBT":53.989303245659,"OCF_SALES":21.698064851907,"TOTAL_PARENT_EQUITY":146901000000,"DEBT_ASSET_RATIO":84.7715433831,"OPERATE_PROFIT":69712000000,"PRETAX_PROFIT":68245000000,"NETCASH_OPERATE":110063000000,"NETCASH_INVEST":-24128000000,"NETCASH_FINANCE":-76885000000,"END_CASH":158752000000,"DIVI_RATIO":null,"DIVIDEND_RATE":null,"CURRENT_RATIO":1.263844888682,"COMMON_ACS":100000000000,"CURRENTDEBT_DEBT":77.266179600641,"ISSUED_COMMON_SHARES":13204300900,"HK_COMMON_SHARES":13204300900,"PER_SHARES":1000,"TOTAL_MARKET_CAP":2152301046.7,"HKSK_MARKET_CAP":2152301046.7,"PE_TTM":-0.028028656553,"PB_TTM":-0.003597965142,"REPORT_DATE_SQ":"2019-12-31 00:00:00","REPORT_TYPE_SQ":"2019年年报","OPERATE_INCOME_SQ":477561000000,"DPS_HKD":null,"OPERATE_INCOME_QOQ_SQ":21.571238009898,"NET_PROFIT_RATIO_SQ":7.0236053614,"HOLDER_PROFIT_SQ":17280000000,"HOLDER_PROFIT_QOQ_SQ":-19.627906976744,"ROE_AVG_SQ":12.40065304365,"PE_TTM_SQ":-0.04058136777,"PB_TTM_SQ":-0.005209323764,"ROA_SQ":0.845689759593,"START_DATE":"2020-01-01 00:00:00","FISCAL_YEAR":"12-31","CURRENCY":"HKD","IS_CNY_CODE":0,"DPS_HKD_LY":0.71,"ORG_TYPE":"一般企业","PREMIUM_INCOME":null,"PREMIUM_INCOME_YOY":null,"NET_INTEREST_INCOME":null,"NET_INTEREST_INCOME_YOY":null,"FEE_COMMISSION_INCOME":null,"FEE_COMMISSION_INCOME_YOY":null,"ACCOUNTS_RECE_TDAYS":3.554496657464,"INVENTORY_TDAYS":0.28129783302,"CURRENT_ASSETS_TDAYS":0.270406221313,"TOTAL_ASSETS_TDAYS":0.225056658154,"PREMIUM_EXPENSE":null,"LOAN_DEPOSIT":null,"LOAN_EQUITY":null,"LOAN_ASSETS":null,"DEPOSIT_EQUITY":null,"DEPOSIT_ASSETS":null,"EQUITY_MULTIPLIER":6.566653635078,"EQUITY_RATIO":13.279201639199},{"SECUCODE":"03333.HK","SECURITY_CODE":"03333","SECURITY_NAME_ABBR":"中国恒大","ORG_CODE":"10149924","STD_REPORT_DATE":"2020-06-30 00:00:00","REPORT_DATE":"2020-06-30 00:00:00","DATE_TYPE_CODE":"002","REPORT_TYPE":"2020年中报","PER_NETCASH_OPERATE":0.276749872477,"PER_OI":20.423497162594,"BPS":9.866860880155,"BASIC_EPS":0.495,"DILUTED_EPS":0.494,"OPERATE_INCOME":266631000000,"OPERATE_INCOME_YOY":17.4710101509,"GROSS_PROFIT":66682000000,"GROSS_PROFIT_YOY":-13.686962824894,"HOLDER_PROFIT":6540000000,"HOLDER_PROFIT_YOY":-56.1515253101,"GROSS_PROFIT_RATIO":25.009094966452,"EPS_TTM":0.682108390371,"OPERATE_INCOME_QOQ":8.303651261305,"NET_PROFIT_RATIO":5.5361154554,"ROE_AVG":4.739388010218,"GROSS_PROFIT_QOQ":-7.954143692125,"ROA":0.290300629828,"HOLDER_PROFIT_QOQ":-48.466435185185,"ROE_YEARLY":9.478776020436,"ROIC_YEARLY":0.685559024116,"TOTAL_ASSETS":2299097000000,"TOTAL_LIABILITIES":1982642000000,"TAX_EBT":59.915818058384,"OCF_SALES":1.355056238772,"TOTAL_PARENT_EQUITY":130285000000,"DEBT_ASSET_RATIO":86.235682966,"OPERATE_PROFIT":47379000000,"PRETAX_PROFIT":36825000000,"NETCASH_OPERATE":3613000000,"NETCASH_INVEST":-12678000000,"NETCASH_FINANCE":-633000000,"END_CASH":140747000000,"DIVI_RATIO":null,"DIVIDEND_RATE":null,"CURRENT_RATIO":1.305695155424,"COMMON_ACS":100000000000,"CURRENTDEBT_DEBT":74.478448454133,"ISSUED_COMMON_SHARES":13204300900,"HK_COMMON_SHARES":13204300900,"PER_SHARES":1000,"TOTAL_MARKET_CAP":2152301046.7,"HKSK_MARKET_CAP":2152301046.7,"PE_TTM":-0.028028656553,"PB_TTM":-0.003597965142,"REPORT_DATE_SQ":"2019-06-30 00:00:00","REPORT_TYPE_SQ":"2019年中报","OPERATE_INCOME_SQ":226976000000,"DPS_HKD":null,"OPERATE_INCOME_QOQ_SQ":-15.738444774301,"NET_PROFIT_RATIO_SQ":11.9206435923,"HOLDER_PROFIT_SQ":14915000000,"HOLDER_PROFIT_QOQ_SQ":-42.497994116074,"ROE_AVG_SQ":10.685513481371,"PE_TTM_SQ":-0.04058136777,"PB_TTM_SQ":-0.005209323764,"ROA_SQ":0.749767252941,"START_DATE":"2020-01-01 00:00:00","FISCAL_YEAR":"12-31","CURRENCY":"HKD","IS_CNY_CODE":0,"DPS_HKD_LY":0.71,"ORG_TYPE":"一般企业","PREMIUM_INCOME":null,"PREMIUM_INCOME_YOY":null,"NET_INTEREST_INCOME":null,"NET_INTEREST_INCOME_YOY":null,"FEE_COMMISSION_INCOME":null,"FEE_COMMISSION_INCOME_YOY":null,"ACCOUNTS_RECE_TDAYS":1.784195047527,"INVENTORY_TDAYS":0.154955681059,"CURRENT_ASSETS_TDAYS":0.141266808253,"TOTAL_ASSETS_TDAYS":0.118353436134,"PREMIUM_EXPENSE":null,"LOAN_DEPOSIT":null,"LOAN_EQUITY":null,"LOAN_ASSETS":null,"DEPOSIT_EQUITY":null,"DEPOSIT_ASSETS":null,"EQUITY_MULTIPLIER":7.265162503376,"EQUITY_RATIO":15.217730360364},{"SECUCODE":"03333.HK","SECURITY_CODE":"03333","SECURITY_NAME_ABBR":"中国恒大","ORG_CODE":"10149924","STD_REPORT_DATE":"2019-12-31 00:00:00","REPORT_DATE":"2019-12-31 00:00:00","DATE_TYPE_CODE":"001","REPORT_TYPE":"2019年年报","PER_NETCASH_OPERATE":-5.0926994618,"PER_OI":36.10722935518,"BPS":11.034283534087,"BASIC_EPS":1.315,"DILUTED_EPS":1.304,"OPERATE_INCOME":477561000000,"OPERATE_INCOME_YOY":2.4378158543,"GROSS_PROFIT":132937000000,"GROSS_PROFIT_YOY":-21.314376698018,"HOLDER_PROFIT":17280000000,"HOLDER_PROFIT_YOY":-53.7844343407,"GROSS_PROFIT_RATIO":27.836653328057,"EPS_TTM":1.306498904344,"OPERATE_INCOME_QOQ":21.571238009898,"NET_PROFIT_RATIO":7.0236053614,"ROE_AVG":12.40065304365,"GROSS_PROFIT_QOQ":-3.208731360671,"ROA":0.845689759593,"HOLDER_PROFIT_QOQ":-19.627906976744,"ROE_YEARLY":12.40065304365,"ROIC_YEARLY":1.010905553165,"TOTAL_ASSETS":2206577000000,"TOTAL_LIABILITIES":1848040000000,"TAX_EBT":54.77808337378,"OCF_SALES":-14.104376194874,"TOTAL_PARENT_EQUITY":145700000000,"DEBT_ASSET_RATIO":83.7514394467,"OPERATE_PROFIT":94850000000,"PRETAX_PROFIT":74172000000,"NETCASH_OPERATE":-67357000000,"NETCASH_INVEST":-55308000000,"NETCASH_FINANCE":143163000000,"END_CASH":150056000000,"DIVI_RATIO":null,"DIVIDEND_RATE":null,"CURRENT_RATIO":1.367974904354,"COMMON_ACS":100000000000,"CURRENTDEBT_DEBT":73.052260773576,"ISSUED_COMMON_SHARES":13204300900,"HK_COMMON_SHARES":13204300900,"PER_SHARES":1000,"TOTAL_MARKET_CAP":2152301046.7,"HKSK_MARKET_CAP":2152301046.7,"PE_TTM":-0.028028656553,"PB_TTM":-0.003597965142,"REPORT_DATE_SQ":"2018-12-31 00:00:00","REPORT_TYPE_SQ":"2018年年报","OPERATE_INCOME_SQ":466196000000,"DPS_HKD":null,"OPERATE_INCOME_QOQ_SQ":10.11056026491,"NET_PROFIT_RATIO_SQ":14.2744682494,"HOLDER_PROFIT_SQ":37390000000,"HOLDER_PROFIT_QOQ_SQ":2.880884902182,"ROE_AVG_SQ":30.181581889436,"PE_TTM_SQ":-0.04058136777,"PB_TTM_SQ":-0.005209323764,"ROA_SQ":2.0533914734,"START_DATE":"2019-01-01 00:00:00","FISCAL_YEAR":"12-31","CURRENCY":"HKD","IS_CNY_CODE":0,"DPS_HKD_LY":null,"ORG_TYPE":"一般企业","PREMIUM_INCOME":null,"PREMIUM_INCOME_YOY":null,"NET_INTEREST_INCOME":null,"NET_INTEREST_INCOME_YOY":null,"FEE_COMMISSION_INCOME":null,"FEE_COMMISSION_INCOME_YOY":null,"ACCOUNTS_RECE_TDAYS":3.579287007161,"INVENTORY_TDAYS":0.284600595918,"CURRENT_ASSETS_TDAYS":0.279066138992,"TOTAL_ASSETS_TDAYS":0.23372016625,"PREMIUM_EXPENSE":null,"LOAN_DEPOSIT":null,"LOAN_EQUITY":null,"LOAN_ASSETS":null,"DEPOSIT_EQUITY":null,"DEPOSIT_ASSETS":null,"EQUITY_MULTIPLIER":6.154391318048,"EQUITY_RATIO":12.683870967742},{"SECUCODE":"03333.HK","SECURITY_CODE":"03333","SECURITY_NAME_ABBR":"中国恒大","ORG_CODE":"10149924","STD_REPORT_DATE":"2019-06-30 00:00:00","REPORT_DATE":"2019-06-30 00:00:00","DATE_TYPE_CODE":"002","REPORT_TYPE":"2019年中报","PER_NETCASH_OPERATE":-3.475184813721,"PER_OI":17.289543384314,"BPS":11.0697265313,"BASIC_EPS":1.136,"DILUTED_EPS":1.125,"OPERATE_INCOME":226976000000,"OPERATE_INCOME_YOY":-24.4289956983,"GROSS_PROFIT":77256000000,"GROSS_PROFIT_YOY":-29.031132014808,"HOLDER_PROFIT":14915000000,"HOLDER_PROFIT_YOY":-51.5825353027,"GROSS_PROFIT_RATIO":34.037078810095,"EPS_TTM":1.637729023169,"OPERATE_INCOME_QOQ":-15.738444774301,"NET_PROFIT_RATIO":11.9206435923,"ROE_AVG":10.685513481371,"GROSS_PROFIT_QOQ":-18.70586633678,"ROA":0.749767252941,"HOLDER_PROFIT_QOQ":-42.497994116074,"ROE_YEARLY":21.371026962742,"ROIC_YEARLY":1.825796490713,"TOTAL_ASSETS":2098540000000,"TOTAL_LIABILITIES":1753247000000,"TAX_EBT":46.901248135646,"OCF_SALES":-20.099922458762,"TOTAL_PARENT_EQUITY":146168000000,"DEBT_ASSET_RATIO":83.5460367684,"OPERATE_PROFIT":60620000000,"PRETAX_PROFIT":50956000000,"NETCASH_OPERATE":-45622000000,"NETCASH_INVEST":-11688000000,"NETCASH_FINANCE":134717000000,"END_CASH":206833000000,"DIVI_RATIO":null,"DIVIDEND_RATE":null,"CURRENT_RATIO":1.403558597092,"COMMON_ACS":100000000000,"CURRENTDEBT_DEBT":71.677008430643,"ISSUED_COMMON_SHARES":13204300900,"HK_COMMON_SHARES":13204300900,"PER_SHARES":1000,"TOTAL_MARKET_CAP":2152301046.7,"HKSK_MARKET_CAP":2152301046.7,"PE_TTM":-0.028028656553,"PB_TTM":-0.003597965142,"REPORT_DATE_SQ":"2018-06-30 00:00:00","REPORT_TYPE_SQ":"2018年中报","OPERATE_INCOME_SQ":300348000000,"DPS_HKD":null,"OPERATE_INCOME_QOQ_SQ":36.128312466642,"NET_PROFIT_RATIO_SQ":17.654853703,"HOLDER_PROFIT_SQ":30805000000,"HOLDER_PROFIT_QOQ_SQ":49.117840144428,"ROE_AVG_SQ":23.647131523496,"PE_TTM_SQ":-0.04058136777,"PB_TTM_SQ":-0.005209323764,"ROA_SQ":1.74451529601,"START_DATE":"2019-01-01 00:00:00","FISCAL_YEAR":"12-31","CURRENCY":"HKD","IS_CNY_CODE":0,"DPS_HKD_LY":null,"ORG_TYPE":"一般企业","PREMIUM_INCOME":null,"PREMIUM_INCOME_YOY":null,"NET_INTEREST_INCOME":null,"NET_INTEREST_INCOME_YOY":null,"FEE_COMMISSION_INCOME":null,"FEE_COMMISSION_INCOME_YOY":null,"ACCOUNTS_RECE_TDAYS":1.740553431822,"INVENTORY_TDAYS":0.131383293559,"CURRENT_ASSETS_TDAYS":0.135931353995,"TOTAL_ASSETS_TDAYS":0.114099344287,"PREMIUM_EXPENSE":null,"LOAN_DEPOSIT":null,"LOAN_EQUITY":null,"LOAN_ASSETS":null,"DEPOSIT_EQUITY":null,"DEPOSIT_ASSETS":null,"EQUITY_MULTIPLIER":6.077563113059,"EQUITY_RATIO":11.994738930546}],"count":37},"success":true,"message":"ok","code":0}