{"version":"4251c8df3b50767d0ae5d1eb168d60e8","result":{"pages":5,"data":[{"SECUCODE":"03339.HK","SECURITY_CODE":"03339","SECURITY_NAME_ABBR":"中国龙工","ORG_CODE":"10010856","STD_REPORT_DATE":"2024-06-30 00:00:00","REPORT_DATE":"2024-06-30 00:00:00","DATE_TYPE_CODE":"002","REPORT_TYPE":"2024年中报","PER_NETCASH_OPERATE":0.073887058714,"PER_OI":1.252328917549,"BPS":2.366664096633,"BASIC_EPS":0.11,"DILUTED_EPS":0.11,"OPERATE_INCOME":5360093000,"OPERATE_INCOME_YOY":-6.3923649629,"GROSS_PROFIT":989459000,"GROSS_PROFIT_YOY":4.765408935552,"HOLDER_PROFIT":458353000,"HOLDER_PROFIT_YOY":49.1068611154,"GROSS_PROFIT_RATIO":18.459735679959,"EPS_TTM":0.186069017079,"OPERATE_INCOME_QOQ":-3.478452996672,"NET_PROFIT_RATIO":8.5541053112,"ROE_AVG":4.558783781936,"GROSS_PROFIT_QOQ":2.439430237726,"ROA":2.991534896025,"HOLDER_PROFIT_QOQ":23.387766484879,"ROE_YEARLY":9.117567563871,"ROIC_YEARLY":8.176039767027,"TOTAL_ASSETS":15019791000,"TOTAL_LIABILITIES":4887563000,"TAX_EBT":22.425230901459,"OCF_SALES":5.899972257944,"TOTAL_PARENT_EQUITY":10129559000,"DEBT_ASSET_RATIO":32.5408189768,"OPERATE_PROFIT":543622000,"PRETAX_PROFIT":591053000,"NETCASH_OPERATE":316244000,"NETCASH_INVEST":-528162000,"NETCASH_FINANCE":-284174000,"END_CASH":2979841000,"DIVI_RATIO":0.389627468012,"DIVIDEND_RATE":4.678362573099,"CURRENT_RATIO":2.424479178526,"COMMON_ACS":20000000000,"CURRENTDEBT_DEBT":98.837273299597,"ISSUED_COMMON_SHARES":4280100000,"HK_COMMON_SHARES":4280100000,"PER_SHARES":1000,"TOTAL_MARKET_CAP":7318971000,"HKSK_MARKET_CAP":7318971000,"PE_TTM":8.30731713217,"PB_TTM":0.65944415273,"REPORT_DATE_SQ":"2023-06-30 00:00:00","REPORT_TYPE_SQ":"2023年中报","OPERATE_INCOME_SQ":5726128000,"DPS_HKD":0.08,"OPERATE_INCOME_QOQ_SQ":-2.521435873005,"NET_PROFIT_RATIO_SQ":5.3684444358,"HOLDER_PROFIT_SQ":307399000,"HOLDER_PROFIT_QOQ_SQ":39.820303955011,"ROE_AVG_SQ":3.170625431624,"PE_TTM_SQ":9.210932196429,"PB_TTM_SQ":0.53615904636,"ROA_SQ":2.014348511931,"START_DATE":"2024-01-01 00:00:00","FISCAL_YEAR":"12-31","CURRENCY":"HKD","IS_CNY_CODE":0,"DPS_HKD_LY":0.08,"ORG_TYPE":"一般企业","PREMIUM_INCOME":null,"PREMIUM_INCOME_YOY":null,"NET_INTEREST_INCOME":null,"NET_INTEREST_INCOME_YOY":null,"FEE_COMMISSION_INCOME":null,"FEE_COMMISSION_INCOME_YOY":null,"ACCOUNTS_RECE_TDAYS":1.817348151923,"INVENTORY_TDAYS":1.657360628416,"CURRENT_ASSETS_TDAYS":0.443112951706,"TOTAL_ASSETS_TDAYS":0.349837467093,"PREMIUM_EXPENSE":null,"LOAN_DEPOSIT":null,"LOAN_EQUITY":null,"LOAN_ASSETS":null,"DEPOSIT_EQUITY":null,"DEPOSIT_ASSETS":null,"EQUITY_MULTIPLIER":1.482377913328,"EQUITY_RATIO":0.482505013298},{"SECUCODE":"03339.HK","SECURITY_CODE":"03339","SECURITY_NAME_ABBR":"中国龙工","ORG_CODE":"10010856","STD_REPORT_DATE":"2023-12-31 00:00:00","REPORT_DATE":"2023-12-31 00:00:00","DATE_TYPE_CODE":"001","REPORT_TYPE":"2023年年报","PER_NETCASH_OPERATE":0.463577720147,"PER_OI":2.458569893227,"BPS":2.331488983902,"BASIC_EPS":0.15,"DILUTED_EPS":0.15,"OPERATE_INCOME":10522925000,"OPERATE_INCOME_YOY":-5.6259716164,"GROSS_PROFIT":1844980000,"GROSS_PROFIT_YOY":-1.180808408667,"HOLDER_PROFIT":645440000,"HOLDER_PROFIT_YOY":61.1770640323,"GROSS_PROFIT_RATIO":17.532957804033,"EPS_TTM":0.150800214948,"OPERATE_INCOME_QOQ":-3.18483942719,"NET_PROFIT_RATIO":6.1346441222,"ROE_AVG":6.543472694885,"GROSS_PROFIT_QOQ":-4.340102878279,"ROA":4.162185962734,"HOLDER_PROFIT_QOQ":15.274434022246,"ROE_YEARLY":6.543472694885,"ROIC_YEARLY":5.212915502132,"TOTAL_ASSETS":15623542000,"TOTAL_LIABILITIES":5642022000,"TAX_EBT":16.451413757981,"OCF_SALES":18.85558435511,"TOTAL_PARENT_EQUITY":9979006000,"DEBT_ASSET_RATIO":36.1123105119,"OPERATE_PROFIT":689496000,"PRETAX_PROFIT":772657000,"NETCASH_OPERATE":1984159000,"NETCASH_INVEST":-58699000,"NETCASH_FINANCE":-458287000,"END_CASH":3470777000,"DIVI_RATIO":0.480752630392,"DIVIDEND_RATE":5.51724137931,"CURRENT_RATIO":2.232155864995,"COMMON_ACS":20000000000,"CURRENTDEBT_DEBT":99.102821647984,"ISSUED_COMMON_SHARES":4280100000,"HK_COMMON_SHARES":4280100000,"PER_SHARES":1000,"TOTAL_MARKET_CAP":6206145000,"HKSK_MARKET_CAP":6206145000,"PE_TTM":7.044216281665,"PB_TTM":0.559177790326,"REPORT_DATE_SQ":"2022-12-31 00:00:00","REPORT_TYPE_SQ":"2022年年报","OPERATE_INCOME_SQ":11150234000,"DPS_HKD":0.08,"OPERATE_INCOME_QOQ_SQ":-3.096501518181,"NET_PROFIT_RATIO_SQ":3.5904179231,"HOLDER_PROFIT_SQ":400454000,"HOLDER_PROFIT_QOQ_SQ":-16.355478875505,"ROE_AVG_SQ":4.014373207171,"PE_TTM_SQ":8.156245303708,"PB_TTM_SQ":0.474766789143,"ROA_SQ":2.503373613105,"START_DATE":"2023-01-01 00:00:00","FISCAL_YEAR":"12-31","CURRENCY":"HKD","IS_CNY_CODE":0,"DPS_HKD_LY":0.1,"ORG_TYPE":"一般企业","PREMIUM_INCOME":null,"PREMIUM_INCOME_YOY":null,"NET_INTEREST_INCOME":null,"NET_INTEREST_INCOME_YOY":null,"FEE_COMMISSION_INCOME":null,"FEE_COMMISSION_INCOME_YOY":null,"ACCOUNTS_RECE_TDAYS":4.067815840241,"INVENTORY_TDAYS":2.683438521409,"CURRENT_ASSETS_TDAYS":0.874477401915,"TOTAL_ASSETS_TDAYS":0.678581598939,"PREMIUM_EXPENSE":null,"LOAN_DEPOSIT":null,"LOAN_EQUITY":null,"LOAN_ASSETS":null,"DEPOSIT_EQUITY":null,"DEPOSIT_ASSETS":null,"EQUITY_MULTIPLIER":1.565246776042,"EQUITY_RATIO":0.56538917804},{"SECUCODE":"03339.HK","SECURITY_CODE":"03339","SECURITY_NAME_ABBR":"中国龙工","ORG_CODE":"10010856","STD_REPORT_DATE":"2023-06-30 00:00:00","REPORT_DATE":"2023-06-30 00:00:00","DATE_TYPE_CODE":"002","REPORT_TYPE":"2023年中报","PER_NETCASH_OPERATE":0.214671152543,"PER_OI":1.337849115675,"BPS":2.252678208453,"BASIC_EPS":0.07,"DILUTED_EPS":0.07,"OPERATE_INCOME":5726128000,"OPERATE_INCOME_YOY":-4.6800928341,"GROSS_PROFIT":944452000,"GROSS_PROFIT_YOY":6.984778956741,"HOLDER_PROFIT":307399000,"HOLDER_PROFIT_YOY":107.7904783793,"GROSS_PROFIT_RATIO":16.49372839727,"EPS_TTM":0.130818438822,"OPERATE_INCOME_QOQ":-2.521435873005,"NET_PROFIT_RATIO":5.3684444358,"ROE_AVG":3.170625431624,"GROSS_PROFIT_QOQ":3.302632100464,"ROA":2.014348511931,"HOLDER_PROFIT_QOQ":39.820303955011,"ROE_YEARLY":6.341250863248,"ROIC_YEARLY":4.956245353001,"TOTAL_ASSETS":15130005000,"TOTAL_LIABILITIES":5485902000,"TAX_EBT":19.033897858667,"OCF_SALES":16.045991287656,"TOTAL_PARENT_EQUITY":9641688000,"DEBT_ASSET_RATIO":36.2584282028,"OPERATE_PROFIT":336851000,"PRETAX_PROFIT":379670000,"NETCASH_OPERATE":918814000,"NETCASH_INVEST":742576000,"NETCASH_FINANCE":-19315000,"END_CASH":3675115000,"DIVI_RATIO":0.554184873731,"DIVIDEND_RATE":5.51724137931,"CURRENT_RATIO":2.181384625079,"COMMON_ACS":20000000000,"CURRENTDEBT_DEBT":98.929984531259,"ISSUED_COMMON_SHARES":4280100000,"HK_COMMON_SHARES":4280100000,"PER_SHARES":1000,"TOTAL_MARKET_CAP":6206145000,"HKSK_MARKET_CAP":6206145000,"PE_TTM":7.044216281665,"PB_TTM":0.559177790326,"REPORT_DATE_SQ":"2022-06-30 00:00:00","REPORT_TYPE_SQ":"2022年中报","OPERATE_INCOME_SQ":6007274000,"DPS_HKD":0.08,"OPERATE_INCOME_QOQ_SQ":-15.952542343169,"NET_PROFIT_RATIO_SQ":2.4609997813,"HOLDER_PROFIT_SQ":147937000,"HOLDER_PROFIT_QOQ_SQ":-62.461707581174,"ROE_AVG_SQ":1.500050065212,"PE_TTM_SQ":8.156245303708,"PB_TTM_SQ":0.474766789143,"ROA_SQ":0.912554907307,"START_DATE":"2023-01-01 00:00:00","FISCAL_YEAR":"12-31","CURRENCY":"HKD","IS_CNY_CODE":0,"DPS_HKD_LY":0.1,"ORG_TYPE":"一般企业","PREMIUM_INCOME":null,"PREMIUM_INCOME_YOY":null,"NET_INTEREST_INCOME":null,"NET_INTEREST_INCOME_YOY":null,"FEE_COMMISSION_INCOME":null,"FEE_COMMISSION_INCOME_YOY":null,"ACCOUNTS_RECE_TDAYS":2.299502963465,"INVENTORY_TDAYS":1.50922664884,"CURRENT_ASSETS_TDAYS":0.488896466833,"TOTAL_ASSETS_TDAYS":0.375226250441,"PREMIUM_EXPENSE":null,"LOAN_DEPOSIT":null,"LOAN_EQUITY":null,"LOAN_ASSETS":null,"DEPOSIT_EQUITY":null,"DEPOSIT_ASSETS":null,"EQUITY_MULTIPLIER":1.568834862092,"EQUITY_RATIO":0.568977340897},{"SECUCODE":"03339.HK","SECURITY_CODE":"03339","SECURITY_NAME_ABBR":"中国龙工","ORG_CODE":"10010856","STD_REPORT_DATE":"2022-12-31 00:00:00","REPORT_DATE":"2022-12-31 00:00:00","DATE_TYPE_CODE":"001","REPORT_TYPE":"2022年年报","PER_NETCASH_OPERATE":0.433804584005,"PER_OI":2.605133992196,"BPS":2.2776909418,"BASIC_EPS":0.09,"DILUTED_EPS":0.09,"OPERATE_INCOME":11150234000,"OPERATE_INCOME_YOY":-18.5550731455,"GROSS_PROFIT":1867026000,"GROSS_PROFIT_YOY":-24.024891166257,"HOLDER_PROFIT":400454000,"HOLDER_PROFIT_YOY":-68.601275068,"GROSS_PROFIT_RATIO":16.744276398146,"EPS_TTM":0.093561832667,"OPERATE_INCOME_QOQ":-3.096501518181,"NET_PROFIT_RATIO":3.5904179231,"ROE_AVG":4.014373207171,"GROSS_PROFIT_QOQ":3.18395724585,"ROA":2.503373613105,"HOLDER_PROFIT_QOQ":-16.355478875505,"ROE_YEARLY":4.014373207171,"ROIC_YEARLY":2.867427809762,"TOTAL_ASSETS":15390930000,"TOTAL_LIABILITIES":5639775000,"TAX_EBT":8.790587892209,"OCF_SALES":16.65191062358,"TOTAL_PARENT_EQUITY":9748745000,"DEBT_ASSET_RATIO":36.6434971766,"OPERATE_PROFIT":340931000,"PRETAX_PROFIT":438924000,"NETCASH_OPERATE":1856727000,"NETCASH_INVEST":-999690000,"NETCASH_FINANCE":-854225000,"END_CASH":2031973000,"DIVI_RATIO":0.774862974923,"DIVIDEND_RATE":5.51724137931,"CURRENT_RATIO":2.381477619429,"COMMON_ACS":20000000000,"CURRENTDEBT_DEBT":86.262324294852,"ISSUED_COMMON_SHARES":4280100000,"HK_COMMON_SHARES":4280100000,"PER_SHARES":1000,"TOTAL_MARKET_CAP":6206145000,"HKSK_MARKET_CAP":6206145000,"PE_TTM":7.044216281665,"PB_TTM":0.559177790326,"REPORT_DATE_SQ":"2021-12-31 00:00:00","REPORT_TYPE_SQ":"2021年年报","OPERATE_INCOME_SQ":13690520000,"DPS_HKD":0.08,"OPERATE_INCOME_QOQ_SQ":-5.958146026683,"NET_PROFIT_RATIO_SQ":9.3161253188,"HOLDER_PROFIT_SQ":1275383000,"HOLDER_PROFIT_QOQ_SQ":-34.93574602462,"ROE_AVG_SQ":12.569028206728,"PE_TTM_SQ":8.156245303708,"PB_TTM_SQ":0.474766789143,"ROA_SQ":7.529613563734,"START_DATE":"2022-01-01 00:00:00","FISCAL_YEAR":"12-31","CURRENCY":"HKD","IS_CNY_CODE":0,"DPS_HKD_LY":0.22,"ORG_TYPE":"一般企业","PREMIUM_INCOME":null,"PREMIUM_INCOME_YOY":null,"NET_INTEREST_INCOME":null,"NET_INTEREST_INCOME_YOY":null,"FEE_COMMISSION_INCOME":null,"FEE_COMMISSION_INCOME_YOY":null,"ACCOUNTS_RECE_TDAYS":3.906451728744,"INVENTORY_TDAYS":2.426236851916,"CURRENT_ASSETS_TDAYS":0.927107668533,"TOTAL_ASSETS_TDAYS":0.697038900237,"PREMIUM_EXPENSE":null,"LOAN_DEPOSIT":null,"LOAN_EQUITY":null,"LOAN_ASSETS":null,"DEPOSIT_EQUITY":null,"DEPOSIT_ASSETS":null,"EQUITY_MULTIPLIER":1.578369946945,"EQUITY_RATIO":0.578512926536},{"SECUCODE":"03339.HK","SECURITY_CODE":"03339","SECURITY_NAME_ABBR":"中国龙工","ORG_CODE":"10010856","STD_REPORT_DATE":"2022-06-30 00:00:00","REPORT_DATE":"2022-06-30 00:00:00","DATE_TYPE_CODE":"002","REPORT_TYPE":"2022年中报","PER_NETCASH_OPERATE":0.133630756291,"PER_OI":1.403535898694,"BPS":2.224716712226,"BASIC_EPS":0.03,"DILUTED_EPS":0.03,"OPERATE_INCOME":6007274000,"OPERATE_INCOME_YOY":-26.6623938198,"GROSS_PROFIT":882791000,"GROSS_PROFIT_YOY":-42.331169314748,"HOLDER_PROFIT":147937000,"HOLDER_PROFIT_YOY":-84.3380483885,"GROSS_PROFIT_RATIO":14.695367649287,"EPS_TTM":0.11185649868,"OPERATE_INCOME_QOQ":-15.952542343169,"NET_PROFIT_RATIO":2.4609997813,"ROE_AVG":1.500050065212,"GROSS_PROFIT_QOQ":-26.369262372132,"ROA":0.912554907307,"HOLDER_PROFIT_QOQ":-62.461707581174,"ROE_YEARLY":3.000100130423,"ROIC_YEARLY":2.123628962744,"TOTAL_ASSETS":15820380000,"TOTAL_LIABILITIES":6295944000,"TAX_EBT":9.571403230838,"OCF_SALES":9.521007365404,"TOTAL_PARENT_EQUITY":9522010000,"DEBT_ASSET_RATIO":39.7964144983,"OPERATE_PROFIT":107930000,"PRETAX_PROFIT":163487000,"NETCASH_OPERATE":571953000,"NETCASH_INVEST":-160967000,"NETCASH_FINANCE":89838000,"END_CASH":2527699000,"DIVI_RATIO":0.648130424746,"DIVIDEND_RATE":5.51724137931,"CURRENT_RATIO":2.133163175371,"COMMON_ACS":20000000000,"CURRENTDEBT_DEBT":88.303517312098,"ISSUED_COMMON_SHARES":4280100000,"HK_COMMON_SHARES":4280100000,"PER_SHARES":1000,"TOTAL_MARKET_CAP":6206145000,"HKSK_MARKET_CAP":6206145000,"PE_TTM":7.044216281665,"PB_TTM":0.559177790326,"REPORT_DATE_SQ":"2021-06-30 00:00:00","REPORT_TYPE_SQ":"2021年中报","OPERATE_INCOME_SQ":8191260000,"DPS_HKD":0.08,"OPERATE_INCOME_QOQ_SQ":13.023250433525,"NET_PROFIT_RATIO_SQ":11.5316447042,"HOLDER_PROFIT_SQ":944563000,"HOLDER_PROFIT_QOQ_SQ":0.048743514688,"ROE_AVG_SQ":9.467451529029,"PE_TTM_SQ":8.156245303708,"PB_TTM_SQ":0.474766789143,"ROA_SQ":5.274868789061,"START_DATE":"2022-01-01 00:00:00","FISCAL_YEAR":"12-31","CURRENCY":"HKD","IS_CNY_CODE":0,"DPS_HKD_LY":0.22,"ORG_TYPE":"一般企业","PREMIUM_INCOME":null,"PREMIUM_INCOME_YOY":null,"NET_INTEREST_INCOME":null,"NET_INTEREST_INCOME_YOY":null,"FEE_COMMISSION_INCOME":null,"FEE_COMMISSION_INCOME_YOY":null,"ACCOUNTS_RECE_TDAYS":1.883661090674,"INVENTORY_TDAYS":1.415275609579,"CURRENT_ASSETS_TDAYS":0.493870574569,"TOTAL_ASSETS_TDAYS":0.370560939335,"PREMIUM_EXPENSE":null,"LOAN_DEPOSIT":null,"LOAN_EQUITY":null,"LOAN_ASSETS":null,"DEPOSIT_EQUITY":null,"DEPOSIT_ASSETS":null,"EQUITY_MULTIPLIER":1.661030637406,"EQUITY_RATIO":0.661199053561},{"SECUCODE":"03339.HK","SECURITY_CODE":"03339","SECURITY_NAME_ABBR":"中国龙工","ORG_CODE":"10010856","STD_REPORT_DATE":"2021-12-31 00:00:00","REPORT_DATE":"2021-12-31 00:00:00","DATE_TYPE_CODE":"001","REPORT_TYPE":"2021年年报","PER_NETCASH_OPERATE":0.098054718348,"PER_OI":3.198644891475,"BPS":2.383651082919,"BASIC_EPS":0.3,"DILUTED_EPS":0.3,"OPERATE_INCOME":13690520000,"OPERATE_INCOME_YOY":6.2891601286,"GROSS_PROFIT":2457418000,"GROSS_PROFIT_YOY":-18.359372274748,"HOLDER_PROFIT":1275383000,"HOLDER_PROFIT_YOY":-34.9040314204,"GROSS_PROFIT_RATIO":17.949778386796,"EPS_TTM":0.2979797201,"OPERATE_INCOME_QOQ":-5.958146026683,"NET_PROFIT_RATIO":9.3161253188,"ROE_AVG":12.569028206728,"GROSS_PROFIT_QOQ":-19.430318096112,"ROA":7.529613563734,"HOLDER_PROFIT_QOQ":-34.93574602462,"ROE_YEARLY":12.569028206728,"ROIC_YEARLY":8.775809819047,"TOTAL_ASSETS":16602217000,"TOTAL_LIABILITIES":6397428000,"TAX_EBT":12.215941353681,"OCF_SALES":3.065508103418,"TOTAL_PARENT_EQUITY":10202265000,"DEBT_ASSET_RATIO":38.5335765699,"OPERATE_PROFIT":1301045000,"PRETAX_PROFIT":1452913000,"NETCASH_OPERATE":419684000,"NETCASH_INVEST":-105644000,"NETCASH_FINANCE":-1070655000,"END_CASH":2025005000,"DIVI_RATIO":0.243297094096,"DIVIDEND_RATE":5.51724137931,"CURRENT_RATIO":2.203131797586,"COMMON_ACS":20000000000,"CURRENTDEBT_DEBT":88.460206195365,"ISSUED_COMMON_SHARES":4280100000,"HK_COMMON_SHARES":4280100000,"PER_SHARES":1000,"TOTAL_MARKET_CAP":6206145000,"HKSK_MARKET_CAP":6206145000,"PE_TTM":7.044216281665,"PB_TTM":0.559177790326,"REPORT_DATE_SQ":"2020-12-31 00:00:00","REPORT_TYPE_SQ":"2020年年报","OPERATE_INCOME_SQ":12880448000,"DPS_HKD":0.08,"OPERATE_INCOME_QOQ_SQ":12.023796923227,"NET_PROFIT_RATIO_SQ":15.2149133322,"HOLDER_PROFIT_SQ":1959235000,"HOLDER_PROFIT_QOQ_SQ":15.358232963886,"ROE_AVG_SQ":20.444646419955,"PE_TTM_SQ":8.156245303708,"PB_TTM_SQ":0.474766789143,"ROA_SQ":12.286709817174,"START_DATE":"2021-01-01 00:00:00","FISCAL_YEAR":"12-31","CURRENCY":"HKD","IS_CNY_CODE":0,"DPS_HKD_LY":0.33,"ORG_TYPE":"一般企业","PREMIUM_INCOME":null,"PREMIUM_INCOME_YOY":null,"NET_INTEREST_INCOME":null,"NET_INTEREST_INCOME_YOY":null,"FEE_COMMISSION_INCOME":null,"FEE_COMMISSION_INCOME_YOY":null,"ACCOUNTS_RECE_TDAYS":4.250108615798,"INVENTORY_TDAYS":2.874765226226,"CURRENT_ASSETS_TDAYS":1.066602387291,"TOTAL_ASSETS_TDAYS":0.808261715003,"PREMIUM_EXPENSE":null,"LOAN_DEPOSIT":null,"LOAN_EQUITY":null,"LOAN_ASSETS":null,"DEPOSIT_EQUITY":null,"DEPOSIT_ASSETS":null,"EQUITY_MULTIPLIER":1.626904485727,"EQUITY_RATIO":0.627059579417},{"SECUCODE":"03339.HK","SECURITY_CODE":"03339","SECURITY_NAME_ABBR":"中国龙工","ORG_CODE":"10010856","STD_REPORT_DATE":"2021-06-30 00:00:00","REPORT_DATE":"2021-06-30 00:00:00","DATE_TYPE_CODE":"002","REPORT_TYPE":"2021年中报","PER_NETCASH_OPERATE":0.104423027499,"PER_OI":1.913801079414,"BPS":2.30417700521,"BASIC_EPS":0.22,"DILUTED_EPS":0.22,"OPERATE_INCOME":8191260000,"OPERATE_INCOME_YOY":25.7522674528,"GROSS_PROFIT":1530794000,"GROSS_PROFIT_YOY":2.683822740249,"HOLDER_PROFIT":944563000,"HOLDER_PROFIT_YOY":0.101207281,"GROSS_PROFIT_RATIO":18.688138332808,"EPS_TTM":0.457977617345,"OPERATE_INCOME_QOQ":13.023250433525,"NET_PROFIT_RATIO":11.5316447042,"ROE_AVG":9.467451529029,"GROSS_PROFIT_QOQ":1.329216891586,"ROA":5.274868789061,"HOLDER_PROFIT_QOQ":0.048743514688,"ROE_YEARLY":18.934903058059,"ROIC_YEARLY":12.684546073104,"TOTAL_ASSETS":18539470000,"TOTAL_LIABILITIES":8674857000,"TAX_EBT":14.280723151783,"OCF_SALES":5.456315633981,"TOTAL_PARENT_EQUITY":9862108000,"DEBT_ASSET_RATIO":46.7912890714,"OPERATE_PROFIT":1028675000,"PRETAX_PROFIT":1101954000,"NETCASH_OPERATE":446941000,"NETCASH_INVEST":57790000,"NETCASH_FINANCE":-46780000,"END_CASH":3241892000,"DIVI_RATIO":0.158299439218,"DIVIDEND_RATE":5.51724137931,"CURRENT_RATIO":1.771982471584,"COMMON_ACS":20000000000,"CURRENTDEBT_DEBT":91.52124352021,"ISSUED_COMMON_SHARES":4280100000,"HK_COMMON_SHARES":4280100000,"PER_SHARES":1000,"TOTAL_MARKET_CAP":6206145000,"HKSK_MARKET_CAP":6206145000,"PE_TTM":7.044216281665,"PB_TTM":0.559177790326,"REPORT_DATE_SQ":"2020-06-30 00:00:00","REPORT_TYPE_SQ":"2020年中报","OPERATE_INCOME_SQ":6513807000,"DPS_HKD":0.08,"OPERATE_INCOME_QOQ_SQ":-2.093585530573,"NET_PROFIT_RATIO_SQ":14.4897753341,"HOLDER_PROFIT_SQ":943608000,"HOLDER_PROFIT_QOQ_SQ":3.345918991362,"ROE_AVG_SQ":10.418692981851,"PE_TTM_SQ":8.156245303708,"PB_TTM_SQ":0.474766789143,"ROA_SQ":6.151387585404,"START_DATE":"2021-01-01 00:00:00","FISCAL_YEAR":"12-31","CURRENCY":"HKD","IS_CNY_CODE":0,"DPS_HKD_LY":0.33,"ORG_TYPE":"一般企业","PREMIUM_INCOME":null,"PREMIUM_INCOME_YOY":null,"NET_INTEREST_INCOME":null,"NET_INTEREST_INCOME_YOY":null,"FEE_COMMISSION_INCOME":null,"FEE_COMMISSION_INCOME_YOY":null,"ACCOUNTS_RECE_TDAYS":2.31017362134,"INVENTORY_TDAYS":1.783936959115,"CURRENT_ASSETS_TDAYS":0.600714520311,"TOTAL_ASSETS_TDAYS":0.457437161069,"PREMIUM_EXPENSE":null,"LOAN_DEPOSIT":null,"LOAN_EQUITY":null,"LOAN_ASSETS":null,"DEPOSIT_EQUITY":null,"DEPOSIT_ASSETS":null,"EQUITY_MULTIPLIER":1.879391517945,"EQUITY_RATIO":0.87961488558},{"SECUCODE":"03339.HK","SECURITY_CODE":"03339","SECURITY_NAME_ABBR":"中国龙工","ORG_CODE":"10010856","STD_REPORT_DATE":"2020-12-31 00:00:00","REPORT_DATE":"2020-12-31 00:00:00","DATE_TYPE_CODE":"001","REPORT_TYPE":"2020年年报","PER_NETCASH_OPERATE":0.25011705334,"PER_OI":3.009380154669,"BPS":2.357840704656,"BASIC_EPS":0.46,"DILUTED_EPS":0.46,"OPERATE_INCOME":12880448000,"OPERATE_INCOME_YOY":9.67848292,"GROSS_PROFIT":3010043000,"GROSS_PROFIT_YOY":7.086041871823,"HOLDER_PROFIT":1959235000,"HOLDER_PROFIT_YOY":19.2180259887,"GROSS_PROFIT_RATIO":23.369086230541,"EPS_TTM":0.457754491717,"OPERATE_INCOME_QOQ":12.023796923227,"NET_PROFIT_RATIO":15.2149133322,"ROE_AVG":20.444646419955,"GROSS_PROFIT_QOQ":10.239046845066,"ROA":12.286709817174,"HOLDER_PROFIT_QOQ":15.358232963886,"ROE_YEARLY":20.444646419955,"ROIC_YEARLY":14.728578615316,"TOTAL_ASSETS":17274236000,"TOTAL_LIABILITIES":7179961000,"TAX_EBT":15.075323968466,"OCF_SALES":8.311248180188,"TOTAL_PARENT_EQUITY":10091794000,"DEBT_ASSET_RATIO":41.5645647078,"OPERATE_PROFIT":2176787000,"PRETAX_PROFIT":2307632000,"NETCASH_OPERATE":1070526000,"NETCASH_INVEST":362272000,"NETCASH_FINANCE":-1153936000,"END_CASH":2780567000,"DIVI_RATIO":0.158376599928,"DIVIDEND_RATE":5.51724137931,"CURRENT_RATIO":1.860864041646,"COMMON_ACS":20000000000,"CURRENTDEBT_DEBT":98.820634262498,"ISSUED_COMMON_SHARES":4280100000,"HK_COMMON_SHARES":4280100000,"PER_SHARES":1000,"TOTAL_MARKET_CAP":6206145000,"HKSK_MARKET_CAP":6206145000,"PE_TTM":7.044216281665,"PB_TTM":0.559177790326,"REPORT_DATE_SQ":"2019-12-31 00:00:00","REPORT_TYPE_SQ":"2019年年报","OPERATE_INCOME_SQ":11743824000,"DPS_HKD":0.08,"OPERATE_INCOME_QOQ_SQ":-1.97024071074,"NET_PROFIT_RATIO_SQ":13.9983279722,"HOLDER_PROFIT_SQ":1643405000,"HOLDER_PROFIT_QOQ_SQ":23.694118036676,"ROE_AVG_SQ":19.021894036196,"PE_TTM_SQ":8.156245303708,"PB_TTM_SQ":0.474766789143,"ROA_SQ":11.456271425111,"START_DATE":"2020-01-01 00:00:00","FISCAL_YEAR":"12-31","CURRENCY":"HKD","IS_CNY_CODE":0,"DPS_HKD_LY":0.25,"ORG_TYPE":"一般企业","PREMIUM_INCOME":null,"PREMIUM_INCOME_YOY":null,"NET_INTEREST_INCOME":null,"NET_INTEREST_INCOME_YOY":null,"FEE_COMMISSION_INCOME":null,"FEE_COMMISSION_INCOME_YOY":null,"ACCOUNTS_RECE_TDAYS":4.74230727315,"INVENTORY_TDAYS":2.920390233338,"CURRENT_ASSETS_TDAYS":1.071881064619,"TOTAL_ASSETS_TDAYS":0.807755715324,"PREMIUM_EXPENSE":null,"LOAN_DEPOSIT":null,"LOAN_EQUITY":null,"LOAN_ASSETS":null,"DEPOSIT_EQUITY":null,"DEPOSIT_ASSETS":null,"EQUITY_MULTIPLIER":1.711290409663,"EQUITY_RATIO":0.711465275649},{"SECUCODE":"03339.HK","SECURITY_CODE":"03339","SECURITY_NAME_ABBR":"中国龙工","ORG_CODE":"10010856","STD_REPORT_DATE":"2020-06-30 00:00:00","REPORT_DATE":"2020-06-30 00:00:00","DATE_TYPE_CODE":"002","REPORT_TYPE":"2020年中报","PER_NETCASH_OPERATE":0.095013901544,"PER_OI":1.521881965375,"BPS":2.111937571552,"BASIC_EPS":0.22,"DILUTED_EPS":0.22,"OPERATE_INCOME":6513807000,"OPERATE_INCOME_YOY":-3.6372612052,"GROSS_PROFIT":1490784000,"GROSS_PROFIT_YOY":-5.116858104646,"HOLDER_PROFIT":943608000,"HOLDER_PROFIT_YOY":6.1879023791,"GROSS_PROFIT_RATIO":22.886523963636,"EPS_TTM":0.396811289456,"OPERATE_INCOME_QOQ":-2.093585530573,"NET_PROFIT_RATIO":14.4897753341,"ROE_AVG":10.418692981851,"GROSS_PROFIT_QOQ":-2.860152607881,"ROA":6.151387585404,"HOLDER_PROFIT_QOQ":3.345918991362,"ROE_YEARLY":20.837385963702,"ROIC_YEARLY":14.83662885122,"TOTAL_ASSETS":16061814000,"TOTAL_LIABILITIES":7020314000,"TAX_EBT":16.10756807445,"OCF_SALES":6.243184669119,"TOTAL_PARENT_EQUITY":9039304000,"DEBT_ASSET_RATIO":43.7081017125,"OPERATE_PROFIT":1064603000,"PRETAX_PROFIT":1125055000,"NETCASH_OPERATE":406669000,"NETCASH_INVEST":-113611000,"NETCASH_FINANCE":-61843000,"END_CASH":2733009000,"DIVI_RATIO":0.182700447105,"DIVIDEND_RATE":5.51724137931,"CURRENT_RATIO":1.801922928387,"COMMON_ACS":20000000000,"CURRENTDEBT_DEBT":98.480238918088,"ISSUED_COMMON_SHARES":4280100000,"HK_COMMON_SHARES":4280100000,"PER_SHARES":1000,"TOTAL_MARKET_CAP":6206145000,"HKSK_MARKET_CAP":6206145000,"PE_TTM":7.044216281665,"PB_TTM":0.559177790326,"REPORT_DATE_SQ":"2019-06-30 00:00:00","REPORT_TYPE_SQ":"2019年中报","OPERATE_INCOME_SQ":6759674000,"DPS_HKD":0.08,"OPERATE_INCOME_QOQ_SQ":0.93981319675,"NET_PROFIT_RATIO_SQ":13.149731777,"HOLDER_PROFIT_SQ":888621000,"HOLDER_PROFIT_QOQ_SQ":16.150216764711,"ROE_AVG_SQ":10.742944850136,"PE_TTM_SQ":8.156245303708,"PB_TTM_SQ":0.474766789143,"ROA_SQ":6.196250401812,"START_DATE":"2020-01-01 00:00:00","FISCAL_YEAR":"12-31","CURRENCY":"HKD","IS_CNY_CODE":0,"DPS_HKD_LY":0.25,"ORG_TYPE":"一般企业","PREMIUM_INCOME":null,"PREMIUM_INCOME_YOY":null,"NET_INTEREST_INCOME":null,"NET_INTEREST_INCOME_YOY":null,"FEE_COMMISSION_INCOME":null,"FEE_COMMISSION_INCOME_YOY":null,"ACCOUNTS_RECE_TDAYS":2.496880531805,"INVENTORY_TDAYS":1.707118529322,"CURRENT_ASSETS_TDAYS":0.559417738293,"TOTAL_ASSETS_TDAYS":0.424635563852,"PREMIUM_EXPENSE":null,"LOAN_DEPOSIT":null,"LOAN_EQUITY":null,"LOAN_ASSETS":null,"DEPOSIT_EQUITY":null,"DEPOSIT_ASSETS":null,"EQUITY_MULTIPLIER":1.77645457059,"EQUITY_RATIO":0.776643201733}],"count":43},"success":true,"message":"ok","code":0}