{"version":"2172e2654e7046b3bfd15180c13868a7","result":{"pages":6,"data":[{"SECUCODE":"03330.HK","SECURITY_CODE":"03330","SECURITY_NAME_ABBR":"灵宝黄金","ORG_CODE":"10010855","STD_REPORT_DATE":"2024-06-30 00:00:00","REPORT_DATE":"2024-06-30 00:00:00","DATE_TYPE_CODE":"002","REPORT_TYPE":"2024年中报","PER_NETCASH_OPERATE":0.135175904131,"PER_OI":3.442951702033,"BPS":2.283136043179,"BASIC_EPS":0.1254,"DILUTED_EPS":0.1254,"OPERATE_INCOME":4281228000,"OPERATE_INCOME_YOY":-26.6735096512,"GROSS_PROFIT":407686000,"GROSS_PROFIT_YOY":14.719620908559,"HOLDER_PROFIT":152538000,"HOLDER_PROFIT_YOY":8.6824555404,"GROSS_PROFIT_RATIO":9.522641634596,"EPS_TTM":0.265600611023,"OPERATE_INCOME_QOQ":-14.784527839793,"NET_PROFIT_RATIO":3.5657526299,"ROE_AVG":5.545650602707,"GROSS_PROFIT_QOQ":5.393333958827,"ROA":2.070049864239,"HOLDER_PROFIT_QOQ":3.83108758119,"ROE_YEARLY":11.091301205415,"ROIC_YEARLY":4.178679946902,"TOTAL_ASSETS":7901466000,"TOTAL_LIABILITIES":5289355000,"TAX_EBT":16.356822328517,"OCF_SALES":3.926163241014,"TOTAL_PARENT_EQUITY":2839025000,"DEBT_ASSET_RATIO":66.9414384622,"OPERATE_PROFIT":256570000,"PRETAX_PROFIT":182511000,"NETCASH_OPERATE":168088000,"NETCASH_INVEST":-1115185000,"NETCASH_FINANCE":1027061000,"END_CASH":331854000,"DIVI_RATIO":0.243634775804,"DIVIDEND_RATE":1.337191011236,"CURRENT_RATIO":0.871979524383,"COMMON_ACS":null,"CURRENTDEBT_DEBT":84.518584969245,"ISSUED_COMMON_SHARES":1243476055,"HK_COMMON_SHARES":1062078997,"PER_SHARES":2000,"TOTAL_MARKET_CAP":6640162133.7,"HKSK_MARKET_CAP":5671501843.98,"PE_TTM":18.147392607148,"PB_TTM":2.134656502209,"REPORT_DATE_SQ":"2023-06-30 00:00:00","REPORT_TYPE_SQ":"2023年中报","OPERATE_INCOME_SQ":5838583000,"DPS_HKD":0.071406,"OPERATE_INCOME_QOQ_SQ":19.313564525721,"NET_PROFIT_RATIO_SQ":2.0632917268,"HOLDER_PROFIT_SQ":140352000,"HOLDER_PROFIT_QOQ_SQ":-16.238729175513,"ROE_AVG_SQ":6.491257970293,"PE_TTM_SQ":9.352509534782,"PB_TTM_SQ":0.8212115704,"ROA_SQ":1.987053824465,"START_DATE":"2024-01-01 00:00:00","FISCAL_YEAR":"12-31","CURRENCY":"HKD","IS_CNY_CODE":0,"DPS_HKD_LY":0.071406,"ORG_TYPE":"一般企业","PREMIUM_INCOME":null,"PREMIUM_INCOME_YOY":null,"NET_INTEREST_INCOME":null,"NET_INTEREST_INCOME_YOY":null,"FEE_COMMISSION_INCOME":null,"FEE_COMMISSION_INCOME_YOY":null,"ACCOUNTS_RECE_TDAYS":8.763409748953,"INVENTORY_TDAYS":2.55282514639,"CURRENT_ASSETS_TDAYS":1.247675268494,"TOTAL_ASSETS_TDAYS":0.580993289552,"PREMIUM_EXPENSE":null,"LOAN_DEPOSIT":null,"LOAN_EQUITY":null,"LOAN_ASSETS":null,"DEPOSIT_EQUITY":null,"DEPOSIT_ASSETS":null,"EQUITY_MULTIPLIER":3.024935004678,"EQUITY_RATIO":1.863088560333},{"SECUCODE":"03330.HK","SECURITY_CODE":"03330","SECURITY_NAME_ABBR":"灵宝黄金","ORG_CODE":"10010855","STD_REPORT_DATE":"2023-12-31 00:00:00","REPORT_DATE":"2023-12-31 00:00:00","DATE_TYPE_CODE":"001","REPORT_TYPE":"2023年年报","PER_NETCASH_OPERATE":0.394445621671,"PER_OI":8.896530324534,"BPS":2.140894462178,"BASIC_EPS":0.3235,"DILUTED_EPS":0.3235,"OPERATE_INCOME":10533681000,"OPERATE_INCOME_YOY":4.0213764773,"GROSS_PROFIT":969901000,"GROSS_PROFIT_YOY":23.538372769873,"HOLDER_PROFIT":318082000,"HOLDER_PROFIT_YOY":32.4116858572,"GROSS_PROFIT_RATIO":9.20761697644,"EPS_TTM":0.268645515152,"OPERATE_INCOME_QOQ":-12.816805959293,"NET_PROFIT_RATIO":2.7913034389,"ROE_AVG":13.346441362967,"GROSS_PROFIT_QOQ":33.05179261007,"ROA":4.629996696519,"HOLDER_PROFIT_QOQ":58.082231267363,"ROE_YEARLY":13.346441362967,"ROIC_YEARLY":4.629432676111,"TOTAL_ASSETS":6836150000,"TOTAL_LIABILITIES":4399596000,"TAX_EBT":29.698136215286,"OCF_SALES":4.433701761046,"TOTAL_PARENT_EQUITY":2662151000,"DEBT_ASSET_RATIO":64.3578037346,"OPERATE_PROFIT":581649000,"PRETAX_PROFIT":418235000,"NETCASH_OPERATE":467032000,"NETCASH_INVEST":-436987000,"NETCASH_FINANCE":53051000,"END_CASH":256724000,"DIVI_RATIO":0.240873350458,"DIVIDEND_RATE":1.451341463415,"CURRENT_RATIO":0.799864124056,"COMMON_ACS":null,"CURRENTDEBT_DEBT":84.242325886286,"ISSUED_COMMON_SHARES":1243476055,"HK_COMMON_SHARES":1062078997,"PER_SHARES":2000,"TOTAL_MARKET_CAP":6117902190.6,"HKSK_MARKET_CAP":5225428665.24,"PE_TTM":16.720069593103,"PB_TTM":1.966762170575,"REPORT_DATE_SQ":"2022-12-31 00:00:00","REPORT_TYPE_SQ":"2022年年报","OPERATE_INCOME_SQ":10126458000,"DPS_HKD":0.071406,"OPERATE_INCOME_QOQ_SQ":44.684685662948,"NET_PROFIT_RATIO_SQ":2.273944157,"HOLDER_PROFIT_SQ":240222000,"HOLDER_PROFIT_QOQ_SQ":-6.817379566093,"ROE_AVG_SQ":11.911566946594,"PE_TTM_SQ":8.064439359333,"PB_TTM_SQ":0.708110575674,"ROA_SQ":3.45449216857,"START_DATE":"2023-01-01 00:00:00","FISCAL_YEAR":"12-31","CURRENCY":"HKD","IS_CNY_CODE":0,"DPS_HKD_LY":null,"ORG_TYPE":"一般企业","PREMIUM_INCOME":null,"PREMIUM_INCOME_YOY":null,"NET_INTEREST_INCOME":null,"NET_INTEREST_INCOME_YOY":null,"FEE_COMMISSION_INCOME":null,"FEE_COMMISSION_INCOME_YOY":null,"ACCOUNTS_RECE_TDAYS":26.539184526486,"INVENTORY_TDAYS":6.660865089655,"CURRENT_ASSETS_TDAYS":3.384772464842,"TOTAL_ASSETS_TDAYS":1.533280985161,"PREMIUM_EXPENSE":null,"LOAN_DEPOSIT":null,"LOAN_EQUITY":null,"LOAN_ASSETS":null,"DEPOSIT_EQUITY":null,"DEPOSIT_ASSETS":null,"EQUITY_MULTIPLIER":2.805663244077,"EQUITY_RATIO":1.6526470512},{"SECUCODE":"03330.HK","SECURITY_CODE":"03330","SECURITY_NAME_ABBR":"灵宝黄金","ORG_CODE":"10010855","STD_REPORT_DATE":"2023-06-30 00:00:00","REPORT_DATE":"2023-06-30 00:00:00","DATE_TYPE_CODE":"002","REPORT_TYPE":"2023年中报","PER_NETCASH_OPERATE":0.248618138263,"PER_OI":6.755671554418,"BPS":1.785274425731,"BASIC_EPS":0.1624,"DILUTED_EPS":0.1624,"OPERATE_INCOME":5838583000,"OPERATE_INCOME_YOY":50.3703123748,"GROSS_PROFIT":355376000,"GROSS_PROFIT_YOY":-13.641400493789,"HOLDER_PROFIT":140352000,"HOLDER_PROFIT_YOY":-21.7488751735,"GROSS_PROFIT_RATIO":6.08668233371,"EPS_TTM":0.232818295206,"OPERATE_INCOME_QOQ":19.313564525721,"NET_PROFIT_RATIO":2.0632917268,"ROE_AVG":6.491257970293,"GROSS_PROFIT_QOQ":-7.15016284529,"ROA":1.987053824465,"HOLDER_PROFIT_QOQ":-16.238729175513,"ROE_YEARLY":12.982515940587,"ROIC_YEARLY":3.96417969129,"TOTAL_ASSETS":7222740000,"TOTAL_LIABILITIES":5235563000,"TAX_EBT":38.173223982017,"OCF_SALES":3.680139513303,"TOTAL_PARENT_EQUITY":2219946000,"DEBT_ASSET_RATIO":72.4872139936,"OPERATE_PROFIT":282644000,"PRETAX_PROFIT":194846000,"NETCASH_OPERATE":214868000,"NETCASH_INVEST":-178127000,"NETCASH_FINANCE":19149000,"END_CASH":230191000,"DIVI_RATIO":0.277940121771,"DIVIDEND_RATE":1.451341463415,"CURRENT_RATIO":0.757897280603,"COMMON_ACS":null,"CURRENTDEBT_DEBT":87.653285807085,"ISSUED_COMMON_SHARES":1243476055,"HK_COMMON_SHARES":1062078997,"PER_SHARES":2000,"TOTAL_MARKET_CAP":6117902190.6,"HKSK_MARKET_CAP":5225428665.24,"PE_TTM":16.720069593103,"PB_TTM":1.966762170575,"REPORT_DATE_SQ":"2022-06-30 00:00:00","REPORT_TYPE_SQ":"2022年中报","OPERATE_INCOME_SQ":3882803000,"DPS_HKD":0.071406,"OPERATE_INCOME_QOQ_SQ":31.297969407259,"NET_PROFIT_RATIO_SQ":4.6590568721,"HOLDER_PROFIT_SQ":179361000,"HOLDER_PROFIT_QOQ_SQ":98.265731469091,"ROE_AVG_SQ":8.966471900945,"PE_TTM_SQ":8.064439359333,"PB_TTM_SQ":0.708110575674,"ROA_SQ":2.423084943068,"START_DATE":"2023-01-01 00:00:00","FISCAL_YEAR":"12-31","CURRENCY":"HKD","IS_CNY_CODE":0,"DPS_HKD_LY":null,"ORG_TYPE":"一般企业","PREMIUM_INCOME":null,"PREMIUM_INCOME_YOY":null,"NET_INTEREST_INCOME":null,"NET_INTEREST_INCOME_YOY":null,"FEE_COMMISSION_INCOME":null,"FEE_COMMISSION_INCOME_YOY":null,"ACCOUNTS_RECE_TDAYS":15.933040428987,"INVENTORY_TDAYS":3.994304161007,"CURRENT_ASSETS_TDAYS":1.733107598672,"TOTAL_ASSETS_TDAYS":0.826605868075,"PREMIUM_EXPENSE":null,"LOAN_DEPOSIT":null,"LOAN_EQUITY":null,"LOAN_ASSETS":null,"DEPOSIT_EQUITY":null,"DEPOSIT_ASSETS":null,"EQUITY_MULTIPLIER":3.634673710497,"EQUITY_RATIO":2.358419078662},{"SECUCODE":"03330.HK","SECURITY_CODE":"03330","SECURITY_NAME_ABBR":"灵宝黄金","ORG_CODE":"10010855","STD_REPORT_DATE":"2022-12-31 00:00:00","REPORT_DATE":"2022-12-31 00:00:00","DATE_TYPE_CODE":"001","REPORT_TYPE":"2022年年报","PER_NETCASH_OPERATE":0.641364863177,"PER_OI":11.717059474466,"BPS":1.69234702312,"BASIC_EPS":0.278,"DILUTED_EPS":0.278,"OPERATE_INCOME":10126458000,"OPERATE_INCOME_YOY":89.9680543187,"GROSS_PROFIT":785101000,"GROSS_PROFIT_YOY":33.563736581549,"HOLDER_PROFIT":240222000,"HOLDER_PROFIT_YOY":84.7492040054,"GROSS_PROFIT_RATIO":7.752967523294,"EPS_TTM":0.277954587979,"OPERATE_INCOME_QOQ":44.684685662948,"NET_PROFIT_RATIO":2.273944157,"ROE_AVG":11.911566946594,"GROSS_PROFIT_QOQ":1.443543270765,"ROA":3.45449216857,"HOLDER_PROFIT_QOQ":-6.817379566093,"ROE_YEARLY":11.911566946594,"ROIC_YEARLY":3.441256702906,"TOTAL_ASSETS":6903903000,"TOTAL_LIABILITIES":5005321000,"TAX_EBT":24.873086509977,"OCF_SALES":5.47376980184,"TOTAL_PARENT_EQUITY":2104393000,"DEBT_ASSET_RATIO":72.4998743464,"OPERATE_PROFIT":441817000,"PRETAX_PROFIT":306508000,"NETCASH_OPERATE":554299000,"NETCASH_INVEST":-406831000,"NETCASH_FINANCE":-135664000,"END_CASH":173010000,"DIVI_RATIO":0.232806178126,"DIVIDEND_RATE":1.451341463415,"CURRENT_RATIO":0.724627033064,"COMMON_ACS":null,"CURRENTDEBT_DEBT":89.870779516439,"ISSUED_COMMON_SHARES":1243476055,"HK_COMMON_SHARES":1062078997,"PER_SHARES":2000,"TOTAL_MARKET_CAP":6117902190.6,"HKSK_MARKET_CAP":5225428665.24,"PE_TTM":16.720069593103,"PB_TTM":1.966762170575,"REPORT_DATE_SQ":"2021-12-31 00:00:00","REPORT_TYPE_SQ":"2021年年报","OPERATE_INCOME_SQ":5330611000,"DPS_HKD":0.071406,"OPERATE_INCOME_QOQ_SQ":1.545157270276,"NET_PROFIT_RATIO_SQ":2.2068577129,"HOLDER_PROFIT_SQ":130026000,"HOLDER_PROFIT_QOQ_SQ":14.992969143827,"ROE_AVG_SQ":7.005373393902,"PE_TTM_SQ":8.064439359333,"PB_TTM_SQ":0.708110575674,"ROA_SQ":1.897000209577,"START_DATE":"2022-01-01 00:00:00","FISCAL_YEAR":"12-31","CURRENCY":"HKD","IS_CNY_CODE":0,"DPS_HKD_LY":null,"ORG_TYPE":"一般企业","PREMIUM_INCOME":null,"PREMIUM_INCOME_YOY":null,"NET_INTEREST_INCOME":null,"NET_INTEREST_INCOME_YOY":null,"FEE_COMMISSION_INCOME":null,"FEE_COMMISSION_INCOME_YOY":null,"ACCOUNTS_RECE_TDAYS":35.318159465125,"INVENTORY_TDAYS":6.673320205328,"CURRENT_ASSETS_TDAYS":3.118005761245,"TOTAL_ASSETS_TDAYS":1.456226734285,"PREMIUM_EXPENSE":null,"LOAN_DEPOSIT":null,"LOAN_EQUITY":null,"LOAN_ASSETS":null,"DEPOSIT_EQUITY":null,"DEPOSIT_ASSETS":null,"EQUITY_MULTIPLIER":3.636347021087,"EQUITY_RATIO":2.378510572883},{"SECUCODE":"03330.HK","SECURITY_CODE":"03330","SECURITY_NAME_ABBR":"灵宝黄金","ORG_CODE":"10010855","STD_REPORT_DATE":"2022-06-30 00:00:00","REPORT_DATE":"2022-06-30 00:00:00","DATE_TYPE_CODE":"002","REPORT_TYPE":"2022年中报","PER_NETCASH_OPERATE":0.198759827217,"PER_OI":4.4926897123,"BPS":1.666033689728,"BASIC_EPS":0.208,"DILUTED_EPS":0.208,"OPERATE_INCOME":3882803000,"OPERATE_INCOME_YOY":75.3409681047,"GROSS_PROFIT":411512000,"GROSS_PROFIT_YOY":82.575323989654,"HOLDER_PROFIT":179361000,"HOLDER_PROFIT_YOY":247.6662143826,"GROSS_PROFIT_RATIO":10.598322912597,"EPS_TTM":0.298290160423,"OPERATE_INCOME_QOQ":31.297969407259,"NET_PROFIT_RATIO":4.6590568721,"ROE_AVG":8.966471900945,"GROSS_PROFIT_QOQ":31.663122437522,"ROA":2.423084943068,"HOLDER_PROFIT_QOQ":98.265731469091,"ROE_YEARLY":17.932943801891,"ROIC_YEARLY":4.853910581756,"TOTAL_ASSETS":7800450000,"TOTAL_LIABILITIES":5916503000,"TAX_EBT":25.589947144356,"OCF_SALES":4.424071991291,"TOTAL_PARENT_EQUITY":2071673000,"DEBT_ASSET_RATIO":75.8482267049,"OPERATE_PROFIT":302516000,"PRETAX_PROFIT":243115000,"NETCASH_OPERATE":171778000,"NETCASH_INVEST":-98239000,"NETCASH_FINANCE":-2108000,"END_CASH":232025000,"DIVI_RATIO":0.21693489731,"DIVIDEND_RATE":1.451341463415,"CURRENT_RATIO":0.756104759538,"COMMON_ACS":null,"CURRENTDEBT_DEBT":90.310239004358,"ISSUED_COMMON_SHARES":1243476055,"HK_COMMON_SHARES":1062078997,"PER_SHARES":2000,"TOTAL_MARKET_CAP":6117902190.6,"HKSK_MARKET_CAP":5225428665.24,"PE_TTM":16.720069593103,"PB_TTM":1.966762170575,"REPORT_DATE_SQ":"2021-06-30 00:00:00","REPORT_TYPE_SQ":"2021年中报","OPERATE_INCOME_SQ":2214430000,"DPS_HKD":0.071406,"OPERATE_INCOME_QOQ_SQ":-6.258077085372,"NET_PROFIT_RATIO_SQ":1.8458023058,"HOLDER_PROFIT_SQ":51590000,"HOLDER_PROFIT_QOQ_SQ":26.056856187291,"ROE_AVG_SQ":2.846561558894,"PE_TTM_SQ":8.064439359333,"PB_TTM_SQ":0.708110575674,"ROA_SQ":0.780643550498,"START_DATE":"2022-01-01 00:00:00","FISCAL_YEAR":"12-31","CURRENCY":"HKD","IS_CNY_CODE":0,"DPS_HKD_LY":null,"ORG_TYPE":"一般企业","PREMIUM_INCOME":null,"PREMIUM_INCOME_YOY":null,"NET_INTEREST_INCOME":null,"NET_INTEREST_INCOME_YOY":null,"FEE_COMMISSION_INCOME":null,"FEE_COMMISSION_INCOME_YOY":null,"ACCOUNTS_RECE_TDAYS":15.011397333148,"INVENTORY_TDAYS":2.233020719486,"CURRENT_ASSETS_TDAYS":1.067306533317,"TOTAL_ASSETS_TDAYS":0.524548897821,"PREMIUM_EXPENSE":null,"LOAN_DEPOSIT":null,"LOAN_EQUITY":null,"LOAN_ASSETS":null,"DEPOSIT_EQUITY":null,"DEPOSIT_ASSETS":null,"EQUITY_MULTIPLIER":4.140482720591,"EQUITY_RATIO":2.855905830698},{"SECUCODE":"03330.HK","SECURITY_CODE":"03330","SECURITY_NAME_ABBR":"灵宝黄金","ORG_CODE":"10010855","STD_REPORT_DATE":"2021-12-31 00:00:00","REPORT_DATE":"2021-12-31 00:00:00","DATE_TYPE_CODE":"001","REPORT_TYPE":"2021年年报","PER_NETCASH_OPERATE":0.774444551889,"PER_OI":6.167910450252,"BPS":1.551321388332,"BASIC_EPS":0.15,"DILUTED_EPS":0.15,"OPERATE_INCOME":5330611000,"OPERATE_INCOME_YOY":-4.8096169482,"GROSS_PROFIT":587810000,"GROSS_PROFIT_YOY":-10.207704164013,"HOLDER_PROFIT":130026000,"HOLDER_PROFIT_YOY":44.9565217391,"GROSS_PROFIT_RATIO":11.027066128067,"EPS_TTM":0.150449680947,"OPERATE_INCOME_QOQ":1.545157270276,"NET_PROFIT_RATIO":2.2068577129,"ROE_AVG":7.005373393902,"GROSS_PROFIT_QOQ":-9.004922753026,"ROA":1.897000209577,"HOLDER_PROFIT_QOQ":14.992969143827,"ROE_YEARLY":7.005373393902,"ROIC_YEARLY":1.902412024819,"TOTAL_ASSETS":7003901000,"TOTAL_LIABILITIES":5255705000,"TAX_EBT":31.948260801657,"OCF_SALES":12.556027817449,"TOTAL_PARENT_EQUITY":1929031000,"DEBT_ASSET_RATIO":75.0396814575,"OPERATE_PROFIT":305326000,"PRETAX_PROFIT":172867000,"NETCASH_OPERATE":670313000,"NETCASH_INVEST":-353843000,"NETCASH_FINANCE":-287803000,"END_CASH":160145000,"DIVI_RATIO":0.430107560963,"DIVIDEND_RATE":1.451341463415,"CURRENT_RATIO":0.679790642702,"COMMON_ACS":null,"CURRENTDEBT_DEBT":90.569999648002,"ISSUED_COMMON_SHARES":1243476055,"HK_COMMON_SHARES":1062078997,"PER_SHARES":2000,"TOTAL_MARKET_CAP":6117902190.6,"HKSK_MARKET_CAP":5225428665.24,"PE_TTM":16.720069593103,"PB_TTM":1.966762170575,"REPORT_DATE_SQ":"2020-12-31 00:00:00","REPORT_TYPE_SQ":"2020年年报","OPERATE_INCOME_SQ":5599947000,"DPS_HKD":0.071406,"OPERATE_INCOME_QOQ_SQ":-4.741227094301,"NET_PROFIT_RATIO_SQ":1.0235989733,"HOLDER_PROFIT_SQ":89700000,"HOLDER_PROFIT_QOQ_SQ":173.64108795061,"ROE_AVG_SQ":5.221971634856,"PE_TTM_SQ":8.064439359333,"PB_TTM_SQ":0.708110575674,"ROA_SQ":1.419647028585,"START_DATE":"2021-01-01 00:00:00","FISCAL_YEAR":"12-31","CURRENCY":"HKD","IS_CNY_CODE":0,"DPS_HKD_LY":null,"ORG_TYPE":"一般企业","PREMIUM_INCOME":null,"PREMIUM_INCOME_YOY":null,"NET_INTEREST_INCOME":null,"NET_INTEREST_INCOME_YOY":null,"FEE_COMMISSION_INCOME":null,"FEE_COMMISSION_INCOME_YOY":null,"ACCOUNTS_RECE_TDAYS":29.929597709216,"INVENTORY_TDAYS":2.876120016191,"CURRENT_ASSETS_TDAYS":1.565250316648,"TOTAL_ASSETS_TDAYS":0.777703704195,"PREMIUM_EXPENSE":null,"LOAN_DEPOSIT":null,"LOAN_EQUITY":null,"LOAN_ASSETS":null,"DEPOSIT_EQUITY":null,"DEPOSIT_ASSETS":null,"EQUITY_MULTIPLIER":4.006359126777,"EQUITY_RATIO":2.724531124694},{"SECUCODE":"03330.HK","SECURITY_CODE":"03330","SECURITY_NAME_ABBR":"灵宝黄金","ORG_CODE":"10010855","STD_REPORT_DATE":"2021-06-30 00:00:00","REPORT_DATE":"2021-06-30 00:00:00","DATE_TYPE_CODE":"002","REPORT_TYPE":"2021年中报","PER_NETCASH_OPERATE":0.667481176442,"PER_OI":2.562258986512,"BPS":1.480990319512,"BASIC_EPS":0.06,"DILUTED_EPS":0.06,"OPERATE_INCOME":2214430000,"OPERATE_INCOME_YOY":-13.6633735938,"GROSS_PROFIT":225393000,"GROSS_PROFIT_YOY":-3.697136460354,"HOLDER_PROFIT":51590000,"HOLDER_PROFIT_YOY":82.8330439097,"GROSS_PROFIT_RATIO":10.178375473598,"EPS_TTM":0.130833808421,"OPERATE_INCOME_QOQ":-6.258077085372,"NET_PROFIT_RATIO":1.8458023058,"ROE_AVG":2.846561558894,"GROSS_PROFIT_QOQ":-1.321809319115,"ROA":0.780643550498,"HOLDER_PROFIT_QOQ":26.056856187291,"ROE_YEARLY":5.693123117788,"ROIC_YEARLY":1.561798274938,"TOTAL_ASSETS":6512610000,"TOTAL_LIABILITIES":4852284000,"TAX_EBT":38.172742399032,"OCF_SALES":26.05049606445,"TOTAL_PARENT_EQUITY":1841576000,"DEBT_ASSET_RATIO":74.5059814729,"OPERATE_PROFIT":99656000,"PRETAX_PROFIT":66110000,"NETCASH_OPERATE":576870000,"NETCASH_INVEST":-77406000,"NETCASH_FINANCE":-506200000,"END_CASH":125889000,"DIVI_RATIO":0.494593454864,"DIVIDEND_RATE":1.451341463415,"CURRENT_RATIO":0.693856874297,"COMMON_ACS":null,"CURRENTDEBT_DEBT":94.037241018869,"ISSUED_COMMON_SHARES":1243476055,"HK_COMMON_SHARES":1062078997,"PER_SHARES":2000,"TOTAL_MARKET_CAP":6117902190.6,"HKSK_MARKET_CAP":5225428665.24,"PE_TTM":16.720069593103,"PB_TTM":1.966762170575,"REPORT_DATE_SQ":"2020-06-30 00:00:00","REPORT_TYPE_SQ":"2020年中报","OPERATE_INCOME_SQ":2564879000,"DPS_HKD":0.071406,"OPERATE_INCOME_QOQ_SQ":0.07338675535,"NET_PROFIT_RATIO_SQ":0.7782823283,"HOLDER_PROFIT_SQ":28217000,"HOLDER_PROFIT_QOQ_SQ":47.834708053892,"ROE_AVG_SQ":1.698003640685,"PE_TTM_SQ":8.064439359333,"PB_TTM_SQ":0.708110575674,"ROA_SQ":0.438745775146,"START_DATE":"2021-01-01 00:00:00","FISCAL_YEAR":"12-31","CURRENCY":"HKD","IS_CNY_CODE":0,"DPS_HKD_LY":null,"ORG_TYPE":"一般企业","PREMIUM_INCOME":null,"PREMIUM_INCOME_YOY":null,"NET_INTEREST_INCOME":null,"NET_INTEREST_INCOME_YOY":null,"FEE_COMMISSION_INCOME":null,"FEE_COMMISSION_INCOME_YOY":null,"ACCOUNTS_RECE_TDAYS":12.699167316603,"INVENTORY_TDAYS":1.257272004379,"CURRENT_ASSETS_TDAYS":0.656967937053,"TOTAL_ASSETS_TDAYS":0.335080538385,"PREMIUM_EXPENSE":null,"LOAN_DEPOSIT":null,"LOAN_EQUITY":null,"LOAN_ASSETS":null,"DEPOSIT_EQUITY":null,"DEPOSIT_ASSETS":null,"EQUITY_MULTIPLIER":3.922488716077,"EQUITY_RATIO":2.634854059784},{"SECUCODE":"03330.HK","SECURITY_CODE":"03330","SECURITY_NAME_ABBR":"灵宝黄金","ORG_CODE":"10010855","STD_REPORT_DATE":"2020-12-31 00:00:00","REPORT_DATE":"2020-12-31 00:00:00","DATE_TYPE_CODE":"001","REPORT_TYPE":"2020年年报","PER_NETCASH_OPERATE":0.43671900142,"PER_OI":6.479552085523,"BPS":1.434002683711,"BASIC_EPS":0.104,"DILUTED_EPS":0.104,"OPERATE_INCOME":5599947000,"OPERATE_INCOME_YOY":-4.6713197717,"GROSS_PROFIT":654633000,"GROSS_PROFIT_YOY":81.770801517179,"HOLDER_PROFIT":89700000,"HOLDER_PROFIT_YOY":138.4150885217,"GROSS_PROFIT_RATIO":11.689985637364,"EPS_TTM":0.103789521949,"OPERATE_INCOME_QOQ":-4.741227094301,"NET_PROFIT_RATIO":1.0235989733,"ROE_AVG":5.221971634856,"GROSS_PROFIT_QOQ":41.140059247377,"ROA":1.419647028585,"HOLDER_PROFIT_QOQ":173.64108795061,"ROE_YEARLY":5.221971634856,"ROIC_YEARLY":1.445853045237,"TOTAL_ASSETS":6704690000,"TOTAL_LIABILITIES":5093669000,"TAX_EBT":53.098996048013,"OCF_SALES":6.739956646018,"TOTAL_PARENT_EQUITY":1783148000,"DEBT_ASSET_RATIO":75.9717302366,"OPERATE_PROFIT":286739000,"PRETAX_PROFIT":122217000,"NETCASH_OPERATE":377434000,"NETCASH_INVEST":-294650000,"NETCASH_FINANCE":-268178000,"END_CASH":132709000,"DIVI_RATIO":0.62346896011,"DIVIDEND_RATE":1.451341463415,"CURRENT_RATIO":0.729887517779,"COMMON_ACS":null,"CURRENTDEBT_DEBT":96.167674028289,"ISSUED_COMMON_SHARES":1243476055,"HK_COMMON_SHARES":1062078997,"PER_SHARES":2000,"TOTAL_MARKET_CAP":6117902190.6,"HKSK_MARKET_CAP":5225428665.24,"PE_TTM":16.720069593103,"PB_TTM":1.966762170575,"REPORT_DATE_SQ":"2019-12-31 00:00:00","REPORT_TYPE_SQ":"2019年年报","OPERATE_INCOME_SQ":5874357000,"DPS_HKD":0.071406,"OPERATE_INCOME_QOQ_SQ":37.624912671827,"NET_PROFIT_RATIO_SQ":-4.2871245312,"HOLDER_PROFIT_SQ":-233502000,"HOLDER_PROFIT_QOQ_SQ":-129.927405835217,"ROE_AVG_SQ":-12.55797256362,"PE_TTM_SQ":8.064439359333,"PB_TTM_SQ":0.708110575674,"ROA_SQ":-3.301531911825,"START_DATE":"2020-01-01 00:00:00","FISCAL_YEAR":"12-31","CURRENCY":"HKD","IS_CNY_CODE":0,"DPS_HKD_LY":null,"ORG_TYPE":"一般企业","PREMIUM_INCOME":null,"PREMIUM_INCOME_YOY":null,"NET_INTEREST_INCOME":null,"NET_INTEREST_INCOME_YOY":null,"FEE_COMMISSION_INCOME":null,"FEE_COMMISSION_INCOME_YOY":null,"ACCOUNTS_RECE_TDAYS":29.699591096403,"INVENTORY_TDAYS":3.036570078759,"CURRENT_ASSETS_TDAYS":1.731182524784,"TOTAL_ASSETS_TDAYS":0.886281841559,"PREMIUM_EXPENSE":null,"LOAN_DEPOSIT":null,"LOAN_EQUITY":null,"LOAN_ASSETS":null,"DEPOSIT_EQUITY":null,"DEPOSIT_ASSETS":null,"EQUITY_MULTIPLIER":4.161764495932,"EQUITY_RATIO":2.856559859305},{"SECUCODE":"03330.HK","SECURITY_CODE":"03330","SECURITY_NAME_ABBR":"灵宝黄金","ORG_CODE":"10010855","STD_REPORT_DATE":"2020-06-30 00:00:00","REPORT_DATE":"2020-06-30 00:00:00","DATE_TYPE_CODE":"002","REPORT_TYPE":"2020年中报","PER_NETCASH_OPERATE":-0.007603132093,"PER_OI":2.967754350811,"BPS":1.343985670878,"BASIC_EPS":0.033,"DILUTED_EPS":0.033,"OPERATE_INCOME":2564879000,"OPERATE_INCOME_YOY":0.1683610824,"GROSS_PROFIT":234046000,"GROSS_PROFIT_YOY":79.524430467132,"HOLDER_PROFIT":28217000,"HOLDER_PROFIT_YOY":133.8017202137,"GROSS_PROFIT_RATIO":9.125030849408,"EPS_TTM":-0.140939691194,"OPERATE_INCOME_QOQ":0.07338675535,"NET_PROFIT_RATIO":0.7782823283,"ROE_AVG":1.698003640685,"GROSS_PROFIT_QOQ":28.78753380611,"ROA":0.438745775146,"HOLDER_PROFIT_QOQ":47.834708053892,"ROE_YEARLY":3.396007281371,"ROIC_YEARLY":0.901089845447,"TOTAL_ASSETS":6930320000,"TOTAL_LIABILITIES":5418904000,"TAX_EBT":61.26666278596,"OCF_SALES":-0.256191422675,"TOTAL_PARENT_EQUITY":1671214000,"DEBT_ASSET_RATIO":78.191252352,"OPERATE_PROFIT":113499000,"PRETAX_PROFIT":51537000,"NETCASH_OPERATE":-6571000,"NETCASH_INVEST":-109723000,"NETCASH_FINANCE":124787000,"END_CASH":327294000,"DIVI_RATIO":-0.459129325259,"DIVIDEND_RATE":1.451341463415,"CURRENT_RATIO":0.728227961022,"COMMON_ACS":null,"CURRENTDEBT_DEBT":97.268119162104,"ISSUED_COMMON_SHARES":1243476055,"HK_COMMON_SHARES":1062078997,"PER_SHARES":2000,"TOTAL_MARKET_CAP":6117902190.6,"HKSK_MARKET_CAP":5225428665.24,"PE_TTM":16.720069593103,"PB_TTM":1.966762170575,"REPORT_DATE_SQ":"2019-06-30 00:00:00","REPORT_TYPE_SQ":"2019年中报","OPERATE_INCOME_SQ":2560568000,"DPS_HKD":0.071406,"OPERATE_INCOME_QOQ_SQ":12.870591221844,"NET_PROFIT_RATIO_SQ":-3.567294444,"HOLDER_PROFIT_SQ":-83478000,"HOLDER_PROFIT_QOQ_SQ":-2.001351483743,"ROE_AVG_SQ":-4.307477016005,"PE_TTM_SQ":8.064439359333,"PB_TTM_SQ":0.708110575674,"ROA_SQ":-1.137139705005,"START_DATE":"2020-01-01 00:00:00","FISCAL_YEAR":"12-31","CURRENCY":"HKD","IS_CNY_CODE":0,"DPS_HKD_LY":null,"ORG_TYPE":"一般企业","PREMIUM_INCOME":null,"PREMIUM_INCOME_YOY":null,"NET_INTEREST_INCOME":null,"NET_INTEREST_INCOME_YOY":null,"FEE_COMMISSION_INCOME":null,"FEE_COMMISSION_INCOME_YOY":null,"ACCOUNTS_RECE_TDAYS":11.06560075241,"INVENTORY_TDAYS":1.469238491007,"CURRENT_ASSETS_TDAYS":0.761931624922,"TOTAL_ASSETS_TDAYS":0.398812710426,"PREMIUM_EXPENSE":null,"LOAN_DEPOSIT":null,"LOAN_EQUITY":null,"LOAN_ASSETS":null,"DEPOSIT_EQUITY":null,"DEPOSIT_ASSETS":null,"EQUITY_MULTIPLIER":4.585316021536,"EQUITY_RATIO":3.242495575073}],"count":52},"success":true,"message":"ok","code":0}