{"version":"1ee530e9e83eb7a154723c7dbdb1bd71","result":{"pages":3,"data":[{"SECUCODE":"03332.HK","SECURITY_CODE":"03332","SECURITY_NAME_ABBR":"中生联合","ORG_CODE":"10371504","STD_REPORT_DATE":"2024-06-30 00:00:00","REPORT_DATE":"2024-06-30 00:00:00","DATE_TYPE_CODE":"002","REPORT_TYPE":"2024年中报","PER_NETCASH_OPERATE":-0.034119259869,"PER_OI":0.391196911815,"BPS":0.43216284944,"BASIC_EPS":0.0353,"DILUTED_EPS":0.0353,"OPERATE_INCOME":370189000,"OPERATE_INCOME_YOY":69.0901201297,"GROSS_PROFIT":268686000,"GROSS_PROFIT_YOY":84.199304846196,"HOLDER_PROFIT":33409000,"HOLDER_PROFIT_YOY":20.0812306808,"GROSS_PROFIT_RATIO":72.580762799543,"EPS_TTM":0.061491176403,"OPERATE_INCOME_QOQ":26.820921379036,"NET_PROFIT_RATIO":9.0248494688,"ROE_AVG":8.489957104231,"GROSS_PROFIT_QOQ":32.349989595872,"ROA":6.343248159245,"HOLDER_PROFIT_QOQ":10.621269153264,"ROE_YEARLY":16.979914208461,"ROIC_YEARLY":15.560093987458,"TOTAL_ASSETS":547953000,"TOTAL_LIABILITIES":138998000,"TAX_EBT":17.167084025488,"OCF_SALES":-8.721761046384,"TOTAL_PARENT_EQUITY":408955000,"DEBT_ASSET_RATIO":25.3667741576,"OPERATE_PROFIT":42056000,"PRETAX_PROFIT":40333000,"NETCASH_OPERATE":-32287000,"NETCASH_INVEST":-5135000,"NETCASH_FINANCE":-2272000,"END_CASH":76978000,"DIVI_RATIO":null,"DIVIDEND_RATE":null,"CURRENT_RATIO":3.420972889333,"COMMON_ACS":null,"CURRENTDEBT_DEBT":66.952761910243,"ISSUED_COMMON_SHARES":946298370,"HK_COMMON_SHARES":946298370,"PER_SHARES":2000,"TOTAL_MARKET_CAP":567779022,"HKSK_MARKET_CAP":567779022,"PE_TTM":8.806252968337,"PB_TTM":1.267133444508,"REPORT_DATE_SQ":"2023-06-30 00:00:00","REPORT_TYPE_SQ":"2023年中报","OPERATE_INCOME_SQ":218930000,"DPS_HKD":null,"OPERATE_INCOME_QOQ_SQ":34.989867237158,"NET_PROFIT_RATIO_SQ":12.7081715617,"HOLDER_PROFIT_SQ":27822000,"HOLDER_PROFIT_QOQ_SQ":231.686087322757,"ROE_AVG_SQ":8.243067077507,"PE_TTM_SQ":12.126036234886,"PB_TTM_SQ":0.645831125455,"ROA_SQ":6.201685167848,"START_DATE":"2024-01-01 00:00:00","FISCAL_YEAR":"12-31","CURRENCY":"HKD","IS_CNY_CODE":0,"DPS_HKD_LY":null,"ORG_TYPE":"一般企业","PREMIUM_INCOME":null,"PREMIUM_INCOME_YOY":null,"NET_INTEREST_INCOME":null,"NET_INTEREST_INCOME_YOY":null,"FEE_COMMISSION_INCOME":null,"FEE_COMMISSION_INCOME_YOY":null,"ACCOUNTS_RECE_TDAYS":9.170244125989,"INVENTORY_TDAYS":0.739066328332,"CURRENT_ASSETS_TDAYS":1.246679463865,"TOTAL_ASSETS_TDAYS":0.702864704967,"PREMIUM_EXPENSE":null,"LOAN_DEPOSIT":null,"LOAN_EQUITY":null,"LOAN_ASSETS":null,"DEPOSIT_EQUITY":null,"DEPOSIT_ASSETS":null,"EQUITY_MULTIPLIER":1.339885806506,"EQUITY_RATIO":0.339885806507},{"SECUCODE":"03332.HK","SECURITY_CODE":"03332","SECURITY_NAME_ABBR":"中生联合","ORG_CODE":"10371504","STD_REPORT_DATE":"2023-12-31 00:00:00","REPORT_DATE":"2023-12-31 00:00:00","DATE_TYPE_CODE":"001","REPORT_TYPE":"2023年年报","PER_NETCASH_OPERATE":0.0497823958,"PER_OI":0.595963194991,"BPS":0.399524095133,"BASIC_EPS":0.0556,"DILUTED_EPS":0.0556,"OPERATE_INCOME":563959000,"OPERATE_INCOME_YOY":105.1871741416,"GROSS_PROFIT":379657000,"GROSS_PROFIT_YOY":137.293040407513,"HOLDER_PROFIT":52602000,"HOLDER_PROFIT_YOY":469.2404885582,"GROSS_PROFIT_RATIO":67.319964749211,"EPS_TTM":0.055587118891,"OPERATE_INCOME_QOQ":52.001908247781,"NET_PROFIT_RATIO":9.3272737912,"ROE_AVG":14.989121901665,"GROSS_PROFIT_QOQ":62.122564363158,"ROA":11.163341489761,"HOLDER_PROFIT_QOQ":180.394456289979,"ROE_YEARLY":14.989121901665,"ROIC_YEARLY":13.999965400641,"TOTAL_ASSETS":505419000,"TOTAL_LIABILITIES":127350000,"TAX_EBT":9.452085449194,"OCF_SALES":8.353266815495,"TOTAL_PARENT_EQUITY":378069000,"DEBT_ASSET_RATIO":25.1969158263,"OPERATE_PROFIT":61373000,"PRETAX_PROFIT":58093000,"NETCASH_OPERATE":47109000,"NETCASH_INVEST":449000,"NETCASH_FINANCE":-4498000,"END_CASH":117557000,"DIVI_RATIO":null,"DIVIDEND_RATE":null,"CURRENT_RATIO":3.35783841757,"COMMON_ACS":null,"CURRENTDEBT_DEBT":64.429524931292,"ISSUED_COMMON_SHARES":946298370,"HK_COMMON_SHARES":946298370,"PER_SHARES":2000,"TOTAL_MARKET_CAP":511001119.8,"HKSK_MARKET_CAP":511001119.8,"PE_TTM":7.925627671504,"PB_TTM":1.140420100058,"REPORT_DATE_SQ":"2022-12-31 00:00:00","REPORT_TYPE_SQ":"2022年年报","OPERATE_INCOME_SQ":274851000,"DPS_HKD":null,"OPERATE_INCOME_QOQ_SQ":9.339470271388,"NET_PROFIT_RATIO_SQ":-5.1831719732,"HOLDER_PROFIT_SQ":-14246000,"HOLDER_PROFIT_QOQ_SQ":52.551292299494,"ROE_AVG_SQ":-4.356281840365,"PE_TTM_SQ":10.726878207784,"PB_TTM_SQ":0.571312149441,"ROA_SQ":-3.444811322466,"START_DATE":"2023-01-01 00:00:00","FISCAL_YEAR":"12-31","CURRENCY":"HKD","IS_CNY_CODE":0,"DPS_HKD_LY":null,"ORG_TYPE":"一般企业","PREMIUM_INCOME":null,"PREMIUM_INCOME_YOY":null,"NET_INTEREST_INCOME":null,"NET_INTEREST_INCOME_YOY":null,"FEE_COMMISSION_INCOME":null,"FEE_COMMISSION_INCOME_YOY":null,"ACCOUNTS_RECE_TDAYS":18.583375895873,"INVENTORY_TDAYS":2.001835629681,"CURRENT_ASSETS_TDAYS":2.400274945096,"TOTAL_ASSETS_TDAYS":1.196849340942,"PREMIUM_EXPENSE":null,"LOAN_DEPOSIT":null,"LOAN_EQUITY":null,"LOAN_ASSETS":null,"DEPOSIT_EQUITY":null,"DEPOSIT_ASSETS":null,"EQUITY_MULTIPLIER":1.336843274641,"EQUITY_RATIO":0.33684327464},{"SECUCODE":"03332.HK","SECURITY_CODE":"03332","SECURITY_NAME_ABBR":"中生联合","ORG_CODE":"10371504","STD_REPORT_DATE":"2023-06-30 00:00:00","REPORT_DATE":"2023-06-30 00:00:00","DATE_TYPE_CODE":"002","REPORT_TYPE":"2023年中报","PER_NETCASH_OPERATE":-0.010699585164,"PER_OI":0.231354091839,"BPS":0.371172572135,"BASIC_EPS":0.0294,"DILUTED_EPS":0.0294,"OPERATE_INCOME":218930000,"OPERATE_INCOME_YOY":78.339850114,"GROSS_PROFIT":145867000,"GROSS_PROFIT_YOY":103.488972280736,"HOLDER_PROFIT":27822000,"HOLDER_PROFIT_YOY":636.6898148148,"GROSS_PROFIT_RATIO":66.627232448728,"EPS_TTM":0.019824614091,"OPERATE_INCOME_QOQ":34.989867237158,"NET_PROFIT_RATIO":12.7081715617,"ROE_AVG":8.243067077507,"GROSS_PROFIT_QOQ":46.36644895153,"ROA":6.201685167848,"HOLDER_PROFIT_QOQ":231.686087322757,"ROE_YEARLY":16.486134155013,"ROIC_YEARLY":14.584379009335,"TOTAL_ASSETS":460253000,"TOTAL_LIABILITIES":109013000,"TAX_EBT":6.809579634902,"OCF_SALES":-4.624765906911,"TOTAL_PARENT_EQUITY":351240000,"DEBT_ASSET_RATIO":23.6854512627,"OPERATE_PROFIT":31497000,"PRETAX_PROFIT":29855000,"NETCASH_OPERATE":-10125000,"NETCASH_INVEST":-493000,"NETCASH_FINANCE":-2211000,"END_CASH":60786000,"DIVI_RATIO":null,"DIVIDEND_RATE":null,"CURRENT_RATIO":3.521347575492,"COMMON_ACS":null,"CURRENTDEBT_DEBT":58.569161476154,"ISSUED_COMMON_SHARES":946298370,"HK_COMMON_SHARES":946298370,"PER_SHARES":2000,"TOTAL_MARKET_CAP":511001119.8,"HKSK_MARKET_CAP":511001119.8,"PE_TTM":7.925627671504,"PB_TTM":1.140420100058,"REPORT_DATE_SQ":"2022-06-30 00:00:00","REPORT_TYPE_SQ":"2022年中报","OPERATE_INCOME_SQ":122760000,"DPS_HKD":null,"OPERATE_INCOME_QOQ_SQ":-0.376894877638,"NET_PROFIT_RATIO_SQ":-4.2228739003,"HOLDER_PROFIT_SQ":-5184000,"HOLDER_PROFIT_QOQ_SQ":5.307976156685,"ROE_AVG_SQ":-1.573837382281,"PE_TTM_SQ":10.726878207784,"PB_TTM_SQ":0.571312149441,"ROA_SQ":-1.337713243206,"START_DATE":"2023-01-01 00:00:00","FISCAL_YEAR":"12-31","CURRENCY":"HKD","IS_CNY_CODE":0,"DPS_HKD_LY":null,"ORG_TYPE":"一般企业","PREMIUM_INCOME":null,"PREMIUM_INCOME_YOY":null,"NET_INTEREST_INCOME":null,"NET_INTEREST_INCOME_YOY":null,"FEE_COMMISSION_INCOME":null,"FEE_COMMISSION_INCOME_YOY":null,"ACCOUNTS_RECE_TDAYS":7.272455487643,"INVENTORY_TDAYS":0.771891457881,"CURRENT_ASSETS_TDAYS":1.044441104981,"TOTAL_ASSETS_TDAYS":0.48800766796,"PREMIUM_EXPENSE":null,"LOAN_DEPOSIT":null,"LOAN_EQUITY":null,"LOAN_ASSETS":null,"DEPOSIT_EQUITY":null,"DEPOSIT_ASSETS":null,"EQUITY_MULTIPLIER":1.310366131421,"EQUITY_RATIO":0.31036613142},{"SECUCODE":"03332.HK","SECURITY_CODE":"03332","SECURITY_NAME_ABBR":"中生联合","ORG_CODE":"10371504","STD_REPORT_DATE":"2022-12-31 00:00:00","REPORT_DATE":"2022-12-31 00:00:00","DATE_TYPE_CODE":"001","REPORT_TYPE":"2022年年报","PER_NETCASH_OPERATE":0.008364169538,"PER_OI":0.290448561166,"BPS":0.342175375405,"BASIC_EPS":-0.0151,"DILUTED_EPS":-0.0151,"OPERATE_INCOME":274851000,"OPERATE_INCOME_YOY":8.9273754087,"GROSS_PROFIT":159995000,"GROSS_PROFIT_YOY":15.267681534261,"HOLDER_PROFIT":-14246000,"HOLDER_PROFIT_YOY":55.0698583909,"GROSS_PROFIT_RATIO":58.211540070802,"EPS_TTM":-0.015054448419,"OPERATE_INCOME_QOQ":9.339470271388,"NET_PROFIT_RATIO":-5.1831719732,"ROE_AVG":-4.356281840365,"GROSS_PROFIT_QOQ":15.667676380645,"ROA":-3.444811322466,"HOLDER_PROFIT_QOQ":52.551292299494,"ROE_YEARLY":-4.356281840365,"ROIC_YEARLY":-4.179851566271,"TOTAL_ASSETS":436987000,"TOTAL_LIABILITIES":113187000,"TAX_EBT":-35.676190476191,"OCF_SALES":2.879742114819,"TOTAL_PARENT_EQUITY":323800000,"DEBT_ASSET_RATIO":25.9016858625,"OPERATE_PROFIT":-10028000,"PRETAX_PROFIT":-10500000,"NETCASH_OPERATE":7915000,"NETCASH_INVEST":-3467000,"NETCASH_FINANCE":-4078000,"END_CASH":73391000,"DIVI_RATIO":null,"DIVIDEND_RATE":null,"CURRENT_RATIO":2.901592608624,"COMMON_ACS":null,"CURRENTDEBT_DEBT":59.191426577257,"ISSUED_COMMON_SHARES":946298370,"HK_COMMON_SHARES":946298370,"PER_SHARES":2000,"TOTAL_MARKET_CAP":511001119.8,"HKSK_MARKET_CAP":511001119.8,"PE_TTM":7.925627671504,"PB_TTM":1.140420100058,"REPORT_DATE_SQ":"2021-12-31 00:00:00","REPORT_TYPE_SQ":"2021年年报","OPERATE_INCOME_SQ":252325000,"DPS_HKD":null,"OPERATE_INCOME_QOQ_SQ":-11.754728330815,"NET_PROFIT_RATIO_SQ":-12.5659367879,"HOLDER_PROFIT_SQ":-31707000,"HOLDER_PROFIT_QOQ_SQ":36.960454897906,"ROE_AVG_SQ":-9.155841624471,"PE_TTM_SQ":10.726878207784,"PB_TTM_SQ":0.571312149441,"ROA_SQ":-7.550696975506,"START_DATE":"2022-01-01 00:00:00","FISCAL_YEAR":"12-31","CURRENCY":"HKD","IS_CNY_CODE":0,"DPS_HKD_LY":null,"ORG_TYPE":"一般企业","PREMIUM_INCOME":null,"PREMIUM_INCOME_YOY":null,"NET_INTEREST_INCOME":null,"NET_INTEREST_INCOME_YOY":null,"FEE_COMMISSION_INCOME":null,"FEE_COMMISSION_INCOME_YOY":null,"ACCOUNTS_RECE_TDAYS":10.102959014887,"INVENTORY_TDAYS":1.698362352593,"CURRENT_ASSETS_TDAYS":1.477757107833,"TOTAL_ASSETS_TDAYS":0.664614514103,"PREMIUM_EXPENSE":null,"LOAN_DEPOSIT":null,"LOAN_EQUITY":null,"LOAN_ASSETS":null,"DEPOSIT_EQUITY":null,"DEPOSIT_ASSETS":null,"EQUITY_MULTIPLIER":1.349558369364,"EQUITY_RATIO":0.349558369364},{"SECUCODE":"03332.HK","SECURITY_CODE":"03332","SECURITY_NAME_ABBR":"中生联合","ORG_CODE":"10371504","STD_REPORT_DATE":"2022-06-30 00:00:00","REPORT_DATE":"2022-06-30 00:00:00","DATE_TYPE_CODE":"002","REPORT_TYPE":"2022年中报","PER_NETCASH_OPERATE":-0.006550787993,"PER_OI":0.129726525895,"BPS":0.347171685396,"BASIC_EPS":-0.0055,"DILUTED_EPS":-0.0055,"OPERATE_INCOME":122760000,"OPERATE_INCOME_YOY":-0.768727114,"GROSS_PROFIT":71683000,"GROSS_PROFIT_YOY":-0.665160816485,"HOLDER_PROFIT":-5184000,"HOLDER_PROFIT_YOY":24.5085190039,"GROSS_PROFIT_RATIO":58.392798957315,"EPS_TTM":-0.031727836538,"OPERATE_INCOME_QOQ":-0.376894877638,"NET_PROFIT_RATIO":-4.2228739003,"ROE_AVG":-1.573837382281,"GROSS_PROFIT_QOQ":-0.345813851286,"ROA":-1.337713243206,"HOLDER_PROFIT_QOQ":5.307976156685,"ROE_YEARLY":-3.147674764562,"ROIC_YEARLY":-3.233603528021,"TOTAL_ASSETS":384942000,"TOTAL_LIABILITIES":56414000,"TAX_EBT":-19.778188539741,"OCF_SALES":-5.049690452916,"TOTAL_PARENT_EQUITY":328528000,"DEBT_ASSET_RATIO":14.6551948086,"OPERATE_PROFIT":-4076000,"PRETAX_PROFIT":-4328000,"NETCASH_OPERATE":-6199000,"NETCASH_INVEST":-1483000,"NETCASH_FINANCE":-2096000,"END_CASH":61731000,"DIVI_RATIO":null,"DIVIDEND_RATE":null,"CURRENT_RATIO":3.732473915668,"COMMON_ACS":null,"CURRENTDEBT_DEBT":82.227815790407,"ISSUED_COMMON_SHARES":946298370,"HK_COMMON_SHARES":946298370,"PER_SHARES":2000,"TOTAL_MARKET_CAP":511001119.8,"HKSK_MARKET_CAP":511001119.8,"PE_TTM":7.925627671504,"PB_TTM":1.140420100058,"REPORT_DATE_SQ":"2021-06-30 00:00:00","REPORT_TYPE_SQ":"2021年中报","OPERATE_INCOME_SQ":123711000,"DPS_HKD":null,"OPERATE_INCOME_QOQ_SQ":-3.571031110362,"NET_PROFIT_RATIO_SQ":-5.5508402648,"HOLDER_PROFIT_SQ":-6867000,"HOLDER_PROFIT_QOQ_SQ":-1.39502066324,"ROE_AVG_SQ":-1.910280519423,"PE_TTM_SQ":10.726878207784,"PB_TTM_SQ":0.571312149441,"ROA_SQ":-1.588678669091,"START_DATE":"2022-01-01 00:00:00","FISCAL_YEAR":"12-31","CURRENCY":"HKD","IS_CNY_CODE":0,"DPS_HKD_LY":null,"ORG_TYPE":"一般企业","PREMIUM_INCOME":null,"PREMIUM_INCOME_YOY":null,"NET_INTEREST_INCOME":null,"NET_INTEREST_INCOME_YOY":null,"FEE_COMMISSION_INCOME":null,"FEE_COMMISSION_INCOME_YOY":null,"ACCOUNTS_RECE_TDAYS":4.71691225913,"INVENTORY_TDAYS":0.774357380554,"CURRENT_ASSETS_TDAYS":0.700029652608,"TOTAL_ASSETS_TDAYS":0.316777927731,"PREMIUM_EXPENSE":null,"LOAN_DEPOSIT":null,"LOAN_EQUITY":null,"LOAN_ASSETS":null,"DEPOSIT_EQUITY":null,"DEPOSIT_ASSETS":null,"EQUITY_MULTIPLIER":1.17171747918,"EQUITY_RATIO":0.17171747918},{"SECUCODE":"03332.HK","SECURITY_CODE":"03332","SECURITY_NAME_ABBR":"中生联合","ORG_CODE":"10371504","STD_REPORT_DATE":"2021-12-31 00:00:00","REPORT_DATE":"2021-12-31 00:00:00","DATE_TYPE_CODE":"001","REPORT_TYPE":"2021年年报","PER_NETCASH_OPERATE":0.000444891393,"PER_OI":0.266644229769,"BPS":0.34898506694,"BASIC_EPS":-0.0335,"DILUTED_EPS":-0.0335,"OPERATE_INCOME":252325000,"OPERATE_INCOME_YOY":-14.9059944355,"GROSS_PROFIT":138803000,"GROSS_PROFIT_YOY":-18.687904208454,"HOLDER_PROFIT":-31707000,"HOLDER_PROFIT_YOY":36.0810402177,"GROSS_PROFIT_RATIO":55.009610621223,"EPS_TTM":-0.033506345361,"OPERATE_INCOME_QOQ":-11.754728330815,"NET_PROFIT_RATIO":-12.5659367879,"ROE_AVG":-9.155841624471,"GROSS_PROFIT_QOQ":-15.197003855154,"ROA":-7.550696975506,"HOLDER_PROFIT_QOQ":36.960454897906,"ROE_YEARLY":-9.155841624471,"ROIC_YEARLY":-9.181519394211,"TOTAL_ASSETS":390112000,"TOTAL_LIABILITIES":59868000,"TAX_EBT":4.205565122813,"OCF_SALES":0.16684831071,"TOTAL_PARENT_EQUITY":330244000,"DEBT_ASSET_RATIO":15.3463620704,"OPERATE_PROFIT":-32414000,"PRETAX_PROFIT":-33099000,"NETCASH_OPERATE":421000,"NETCASH_INVEST":1522000,"NETCASH_FINANCE":-4448000,"END_CASH":72057000,"DIVI_RATIO":null,"DIVIDEND_RATE":null,"CURRENT_RATIO":3.57265576277,"COMMON_ACS":null,"CURRENTDEBT_DEBT":83.027660853879,"ISSUED_COMMON_SHARES":946298370,"HK_COMMON_SHARES":946298370,"PER_SHARES":2000,"TOTAL_MARKET_CAP":511001119.8,"HKSK_MARKET_CAP":511001119.8,"PE_TTM":7.925627671504,"PB_TTM":1.140420100058,"REPORT_DATE_SQ":"2020-12-31 00:00:00","REPORT_TYPE_SQ":"2020年年报","OPERATE_INCOME_SQ":296525000,"DPS_HKD":null,"OPERATE_INCOME_QOQ_SQ":-2.695421327759,"NET_PROFIT_RATIO_SQ":-16.7287749768,"HOLDER_PROFIT_SQ":-49605000,"HOLDER_PROFIT_QOQ_SQ":68.71590471926,"ROE_AVG_SQ":-12.825899500073,"PE_TTM_SQ":10.726878207784,"PB_TTM_SQ":0.571312149441,"ROA_SQ":-9.996463301463,"START_DATE":"2021-01-01 00:00:00","FISCAL_YEAR":"12-31","CURRENCY":"HKD","IS_CNY_CODE":0,"DPS_HKD_LY":null,"ORG_TYPE":"一般企业","PREMIUM_INCOME":null,"PREMIUM_INCOME_YOY":null,"NET_INTEREST_INCOME":null,"NET_INTEREST_INCOME_YOY":null,"FEE_COMMISSION_INCOME":null,"FEE_COMMISSION_INCOME_YOY":null,"ACCOUNTS_RECE_TDAYS":8.515000168731,"INVENTORY_TDAYS":1.58630037449,"CURRENT_ASSETS_TDAYS":1.295356072118,"TOTAL_ASSETS_TDAYS":0.600886118001,"PREMIUM_EXPENSE":null,"LOAN_DEPOSIT":null,"LOAN_EQUITY":null,"LOAN_ASSETS":null,"DEPOSIT_EQUITY":null,"DEPOSIT_ASSETS":null,"EQUITY_MULTIPLIER":1.181284141423,"EQUITY_RATIO":0.181284141423},{"SECUCODE":"03332.HK","SECURITY_CODE":"03332","SECURITY_NAME_ABBR":"中生联合","ORG_CODE":"10371504","STD_REPORT_DATE":"2021-06-30 00:00:00","REPORT_DATE":"2021-06-30 00:00:00","DATE_TYPE_CODE":"002","REPORT_TYPE":"2021年中报","PER_NETCASH_OPERATE":-0.006401786363,"PER_OI":0.130731494338,"BPS":0.376825123349,"BASIC_EPS":-0.0073,"DILUTED_EPS":-0.0073,"OPERATE_INCOME":123711000,"OPERATE_INCOME_YOY":-7.8845867461,"GROSS_PROFIT":72163000,"GROSS_PROFIT_YOY":-8.873595150903,"HOLDER_PROFIT":-6867000,"HOLDER_PROFIT_YOY":-11.2064777328,"GROSS_PROFIT_RATIO":58.33191874611,"EPS_TTM":-0.053151312096,"OPERATE_INCOME_QOQ":-3.571031110362,"NET_PROFIT_RATIO":-5.5508402648,"ROE_AVG":-1.910280519423,"GROSS_PROFIT_QOQ":-4.11648233199,"ROA":-1.588678669091,"HOLDER_PROFIT_QOQ":-1.39502066324,"ROE_YEARLY":-3.820561038845,"ROIC_YEARLY":-3.809603062328,"TOTAL_ASSETS":414761000,"TOTAL_LIABILITIES":58172000,"TAX_EBT":-0.482879719052,"OCF_SALES":-4.8968967998,"TOTAL_PARENT_EQUITY":356589000,"DEBT_ASSET_RATIO":14.0254266915,"OPERATE_PROFIT":-4013000,"PRETAX_PROFIT":-6834000,"NETCASH_OPERATE":-6058000,"NETCASH_INVEST":-887000,"NETCASH_FINANCE":-2352000,"END_CASH":66356000,"DIVI_RATIO":null,"DIVIDEND_RATE":null,"CURRENT_RATIO":4.234582909686,"COMMON_ACS":null,"CURRENTDEBT_DEBT":77.772811661968,"ISSUED_COMMON_SHARES":946298370,"HK_COMMON_SHARES":946298370,"PER_SHARES":2000,"TOTAL_MARKET_CAP":511001119.8,"HKSK_MARKET_CAP":511001119.8,"PE_TTM":7.925627671504,"PB_TTM":1.140420100058,"REPORT_DATE_SQ":"2020-06-30 00:00:00","REPORT_TYPE_SQ":"2020年中报","OPERATE_INCOME_SQ":134300000,"DPS_HKD":null,"OPERATE_INCOME_QOQ_SQ":-5.540384299455,"NET_PROFIT_RATIO_SQ":-4.5979151154,"HOLDER_PROFIT_SQ":-6175000,"HOLDER_PROFIT_QOQ_SQ":18.542777589413,"ROE_AVG_SQ":-1.518633696945,"PE_TTM_SQ":10.726878207784,"PB_TTM_SQ":0.571312149441,"ROA_SQ":-1.188653222213,"START_DATE":"2021-01-01 00:00:00","FISCAL_YEAR":"12-31","CURRENCY":"HKD","IS_CNY_CODE":0,"DPS_HKD_LY":null,"ORG_TYPE":"一般企业","PREMIUM_INCOME":null,"PREMIUM_INCOME_YOY":null,"NET_INTEREST_INCOME":null,"NET_INTEREST_INCOME_YOY":null,"FEE_COMMISSION_INCOME":null,"FEE_COMMISSION_INCOME_YOY":null,"ACCOUNTS_RECE_TDAYS":4.272009945267,"INVENTORY_TDAYS":0.643633957223,"CURRENT_ASSETS_TDAYS":0.613069560111,"TOTAL_ASSETS_TDAYS":0.286205077664,"PREMIUM_EXPENSE":null,"LOAN_DEPOSIT":null,"LOAN_EQUITY":null,"LOAN_ASSETS":null,"DEPOSIT_EQUITY":null,"DEPOSIT_ASSETS":null,"EQUITY_MULTIPLIER":1.163134589121,"EQUITY_RATIO":0.163134589121},{"SECUCODE":"03332.HK","SECURITY_CODE":"03332","SECURITY_NAME_ABBR":"中生联合","ORG_CODE":"10371504","STD_REPORT_DATE":"2020-12-31 00:00:00","REPORT_DATE":"2020-12-31 00:00:00","DATE_TYPE_CODE":"001","REPORT_TYPE":"2020年年报","PER_NETCASH_OPERATE":0.017339140085,"PER_OI":0.313352542285,"BPS":0.382926792952,"BASIC_EPS":-0.0524,"DILUTED_EPS":-0.0524,"OPERATE_INCOME":296525000,"OPERATE_INCOME_YOY":-8.0864689272,"GROSS_PROFIT":170704000,"GROSS_PROFIT_YOY":8.840969662964,"HOLDER_PROFIT":-49605000,"HOLDER_PROFIT_YOY":74.516844928,"GROSS_PROFIT_RATIO":57.56816457297,"EPS_TTM":-0.052420041683,"OPERATE_INCOME_QOQ":-2.695421327759,"NET_PROFIT_RATIO":-16.7287749768,"ROE_AVG":-12.825899500073,"GROSS_PROFIT_QOQ":5.958226001676,"ROA":-9.996463301463,"HOLDER_PROFIT_QOQ":68.71590471926,"ROE_YEARLY":-12.825899500073,"ROIC_YEARLY":-12.281292475743,"TOTAL_ASSETS":449731000,"TOTAL_LIABILITIES":87368000,"TAX_EBT":-12.325075857072,"OCF_SALES":5.53342888458,"TOTAL_PARENT_EQUITY":362363000,"DEBT_ASSET_RATIO":19.426723975,"OPERATE_PROFIT":-27030000,"PRETAX_PROFIT":-44162000,"NETCASH_OPERATE":16408000,"NETCASH_INVEST":-12492000,"NETCASH_FINANCE":-34051000,"END_CASH":77116000,"DIVI_RATIO":null,"DIVIDEND_RATE":null,"CURRENT_RATIO":3.011078601256,"COMMON_ACS":null,"CURRENTDEBT_DEBT":80.58556908708,"ISSUED_COMMON_SHARES":946298370,"HK_COMMON_SHARES":946298370,"PER_SHARES":2000,"TOTAL_MARKET_CAP":511001119.8,"HKSK_MARKET_CAP":511001119.8,"PE_TTM":7.925627671504,"PB_TTM":1.140420100058,"REPORT_DATE_SQ":"2019-12-31 00:00:00","REPORT_TYPE_SQ":"2019年年报","OPERATE_INCOME_SQ":322613000,"DPS_HKD":null,"OPERATE_INCOME_QOQ_SQ":-15.997135789611,"NET_PROFIT_RATIO_SQ":-60.3379281058,"HOLDER_PROFIT_SQ":-194658000,"HOLDER_PROFIT_QOQ_SQ":-22.286439421543,"ROE_AVG_SQ":-38.367445087434,"PE_TTM_SQ":10.726878207784,"PB_TTM_SQ":0.571312149441,"ROA_SQ":-30.327623021249,"START_DATE":"2020-01-01 00:00:00","FISCAL_YEAR":"12-31","CURRENCY":"HKD","IS_CNY_CODE":0,"DPS_HKD_LY":null,"ORG_TYPE":"一般企业","PREMIUM_INCOME":null,"PREMIUM_INCOME_YOY":null,"NET_INTEREST_INCOME":null,"NET_INTEREST_INCOME_YOY":null,"FEE_COMMISSION_INCOME":null,"FEE_COMMISSION_INCOME_YOY":null,"ACCOUNTS_RECE_TDAYS":7.658186983471,"INVENTORY_TDAYS":1.45545298908,"CURRENT_ASSETS_TDAYS":1.245246729141,"TOTAL_ASSETS_TDAYS":0.597560987898,"PREMIUM_EXPENSE":null,"LOAN_DEPOSIT":null,"LOAN_EQUITY":null,"LOAN_ASSETS":null,"DEPOSIT_EQUITY":null,"DEPOSIT_ASSETS":null,"EQUITY_MULTIPLIER":1.241106293965,"EQUITY_RATIO":0.241106293965},{"SECUCODE":"03332.HK","SECURITY_CODE":"03332","SECURITY_NAME_ABBR":"中生联合","ORG_CODE":"10371504","STD_REPORT_DATE":"2020-06-30 00:00:00","REPORT_DATE":"2020-06-30 00:00:00","DATE_TYPE_CODE":"002","REPORT_TYPE":"2020年中报","PER_NETCASH_OPERATE":0.016471549032,"PER_OI":0.141921411108,"BPS":0.42489875577,"BASIC_EPS":-0.0065,"DILUTED_EPS":-0.0065,"OPERATE_INCOME":134300000,"OPERATE_INCOME_YOY":-11.7457647167,"GROSS_PROFIT":79190000,"GROSS_PROFIT_YOY":5.695180385195,"HOLDER_PROFIT":-6175000,"HOLDER_PROFIT_YOY":85.3915306364,"GROSS_PROFIT_RATIO":58.965003723008,"EPS_TTM":-0.167561315782,"OPERATE_INCOME_QOQ":-5.540384299455,"NET_PROFIT_RATIO":-4.5979151154,"ROE_AVG":-1.518633696945,"GROSS_PROFIT_QOQ":2.720641681225,"ROA":-1.188653222213,"HOLDER_PROFIT_QOQ":18.542777589413,"ROE_YEARLY":-3.037267393889,"ROIC_YEARLY":-2.936951848258,"TOTAL_ASSETS":496271000,"TOTAL_LIABILITIES":94190000,"TAX_EBT":-32.881428878847,"OCF_SALES":11.606105733433,"TOTAL_PARENT_EQUITY":402081000,"DEBT_ASSET_RATIO":18.97954948,"OPERATE_PROFIT":-1428000,"PRETAX_PROFIT":-4647000,"NETCASH_OPERATE":15587000,"NETCASH_INVEST":-7985000,"NETCASH_FINANCE":-23920000,"END_CASH":90462000,"DIVI_RATIO":null,"DIVIDEND_RATE":null,"CURRENT_RATIO":2.943132542377,"COMMON_ACS":null,"CURRENTDEBT_DEBT":83.489754751035,"ISSUED_COMMON_SHARES":946298370,"HK_COMMON_SHARES":946298370,"PER_SHARES":2000,"TOTAL_MARKET_CAP":511001119.8,"HKSK_MARKET_CAP":511001119.8,"PE_TTM":7.925627671504,"PB_TTM":1.140420100058,"REPORT_DATE_SQ":"2019-06-30 00:00:00","REPORT_TYPE_SQ":"2019年中报","OPERATE_INCOME_SQ":152174000,"DPS_HKD":null,"OPERATE_INCOME_QOQ_SQ":-15.257977180003,"NET_PROFIT_RATIO_SQ":-27.7774126986,"HOLDER_PROFIT_SQ":-42270000,"HOLDER_PROFIT_QOQ_SQ":-41.072520538476,"ROE_AVG_SQ":-7.254267481163,"PE_TTM_SQ":10.726878207784,"PB_TTM_SQ":0.571312149441,"ROA_SQ":-5.731836302986,"START_DATE":"2020-01-01 00:00:00","FISCAL_YEAR":"12-31","CURRENCY":"HKD","IS_CNY_CODE":0,"DPS_HKD_LY":null,"ORG_TYPE":"一般企业","PREMIUM_INCOME":null,"PREMIUM_INCOME_YOY":null,"NET_INTEREST_INCOME":null,"NET_INTEREST_INCOME_YOY":null,"FEE_COMMISSION_INCOME":null,"FEE_COMMISSION_INCOME_YOY":null,"ACCOUNTS_RECE_TDAYS":3.679905741804,"INVENTORY_TDAYS":0.628130823546,"CURRENT_ASSETS_TDAYS":0.541862182216,"TOTAL_ASSETS_TDAYS":0.258520044928,"PREMIUM_EXPENSE":null,"LOAN_DEPOSIT":null,"LOAN_EQUITY":null,"LOAN_ASSETS":null,"DEPOSIT_EQUITY":null,"DEPOSIT_ASSETS":null,"EQUITY_MULTIPLIER":1.234256281694,"EQUITY_RATIO":0.234256281694}],"count":27},"success":true,"message":"ok","code":0}