{"version":"e7837526e2e35edbc28901b476374ed0","result":{"pages":5,"data":[{"SECUCODE":"03337.HK","SECURITY_CODE":"03337","SECURITY_NAME_ABBR":"安东油田服务","ORG_CODE":"10106399","STD_REPORT_DATE":"2024-06-30 00:00:00","REPORT_DATE":"2024-06-30 00:00:00","DATE_TYPE_CODE":"002","REPORT_TYPE":"2024年中报","PER_NETCASH_OPERATE":0.114972549008,"PER_OI":0.723855125595,"BPS":1.111811788981,"BASIC_EPS":0.0368,"DILUTED_EPS":0.0367,"OPERATE_INCOME":2176321000,"OPERATE_INCOME_YOY":15.0009749334,"GROSS_PROFIT":658643000,"GROSS_PROFIT_YOY":17.752760376441,"HOLDER_PROFIT":105874000,"HOLDER_PROFIT_YOY":8.1759849599,"GROSS_PROFIT_RATIO":30.264055716046,"EPS_TTM":0.068022700241,"OPERATE_INCOME_QOQ":6.401283666133,"NET_PROFIT_RATIO":5.1262198913,"ROE_AVG":3.267547629489,"GROSS_PROFIT_QOQ":7.509498514723,"ROA":1.090373591525,"HOLDER_PROFIT_QOQ":4.071995236956,"ROE_YEARLY":6.535095258979,"ROIC_YEARLY":2.718081225763,"TOTAL_ASSETS":9612892000,"TOTAL_LIABILITIES":6073943000,"TAX_EBT":51.118384443831,"OCF_SALES":15.883364632331,"TOTAL_PARENT_EQUITY":3292795000,"DEBT_ASSET_RATIO":63.1853868742,"OPERATE_PROFIT":306181000,"PRETAX_PROFIT":228231000,"NETCASH_OPERATE":345673000,"NETCASH_INVEST":-67130000,"NETCASH_FINANCE":-96391000,"END_CASH":1773682000,"DIVI_RATIO":0.19014743727,"DIVIDEND_RATE":1.829852564103,"CURRENT_RATIO":1.233329786223,"COMMON_ACS":3500000000,"CURRENTDEBT_DEBT":92.365058414279,"ISSUED_COMMON_SHARES":2961647855,"HK_COMMON_SHARES":2961647855,"PER_SHARES":2000,"TOTAL_MARKET_CAP":2310085326.9,"HKSK_MARKET_CAP":2310085326.9,"PE_TTM":10.190127127556,"PB_TTM":0.640297581889,"REPORT_DATE_SQ":"2023-06-30 00:00:00","REPORT_TYPE_SQ":"2023年中报","OPERATE_INCOME_SQ":1892437000,"DPS_HKD":0.01427285,"OPERATE_INCOME_QOQ_SQ":5.815536775885,"NET_PROFIT_RATIO_SQ":5.4613707088,"HOLDER_PROFIT_SQ":97872000,"HOLDER_PROFIT_QOQ_SQ":2.442054388891,"ROE_AVG_SQ":3.131265221895,"PE_TTM_SQ":3.746624496664,"PB_TTM_SQ":0.358545814931,"ROA_SQ":1.145956476205,"START_DATE":"2024-01-01 00:00:00","FISCAL_YEAR":"12-31","CURRENCY":"HKD","IS_CNY_CODE":0,"DPS_HKD_LY":0.01427285,"ORG_TYPE":"一般企业","PREMIUM_INCOME":null,"PREMIUM_INCOME_YOY":null,"NET_INTEREST_INCOME":null,"NET_INTEREST_INCOME_YOY":null,"FEE_COMMISSION_INCOME":null,"FEE_COMMISSION_INCOME_YOY":null,"ACCOUNTS_RECE_TDAYS":0.915608185912,"INVENTORY_TDAYS":1.681939583615,"CURRENT_ASSETS_TDAYS":0.312179300473,"TOTAL_ASSETS_TDAYS":0.224134626545,"PREMIUM_EXPENSE":null,"LOAN_DEPOSIT":null,"LOAN_EQUITY":null,"LOAN_ASSETS":null,"DEPOSIT_EQUITY":null,"DEPOSIT_ASSETS":null,"EQUITY_MULTIPLIER":2.716312667969,"EQUITY_RATIO":1.844616199915},{"SECUCODE":"03337.HK","SECURITY_CODE":"03337","SECURITY_NAME_ABBR":"安东油田服务","ORG_CODE":"10106399","STD_REPORT_DATE":"2023-12-31 00:00:00","REPORT_DATE":"2023-12-31 00:00:00","DATE_TYPE_CODE":"001","REPORT_TYPE":"2023年年报","PER_NETCASH_OPERATE":0.304924230673,"PER_OI":1.475035743016,"BPS":1.076272114735,"BASIC_EPS":0.0675,"DILUTED_EPS":0.0666,"OPERATE_INCOME":4434798000,"OPERATE_INCOME_YOY":26.1709539243,"GROSS_PROFIT":1322312000,"GROSS_PROFIT_YOY":32.256460984048,"HOLDER_PROFIT":196513000,"HOLDER_PROFIT_YOY":-33.1156189374,"GROSS_PROFIT_RATIO":29.816735734074,"EPS_TTM":0.065361195474,"OPERATE_INCOME_QOQ":19.236699797248,"NET_PROFIT_RATIO":4.9733945041,"ROE_AVG":6.269344153537,"GROSS_PROFIT_QOQ":26.791465745136,"ROA":2.209293495005,"HOLDER_PROFIT_QOQ":-34.710035383823,"ROE_YEARLY":6.269344153537,"ROIC_YEARLY":2.616127579236,"TOTAL_ASSETS":9806874000,"TOTAL_LIABILITIES":6385988000,"TAX_EBT":45.904980538449,"OCF_SALES":20.672328254861,"TOTAL_PARENT_EQUITY":3187539000,"DEBT_ASSET_RATIO":65.1174676049,"OPERATE_PROFIT":600686000,"PRETAX_PROFIT":407727000,"NETCASH_OPERATE":916776000,"NETCASH_INVEST":-276980000,"NETCASH_FINANCE":211826000,"END_CASH":1585886000,"DIVI_RATIO":0.197890231859,"DIVIDEND_RATE":2.378808333333,"CURRENT_RATIO":1.345335462567,"COMMON_ACS":3500000000,"CURRENTDEBT_DEBT":81.751750864549,"ISSUED_COMMON_SHARES":2961647855,"HK_COMMON_SHARES":2961647855,"PER_SHARES":2000,"TOTAL_MARKET_CAP":1776988713,"HKSK_MARKET_CAP":1776988713,"PE_TTM":7.83855932889,"PB_TTM":0.492536601453,"REPORT_DATE_SQ":"2022-12-31 00:00:00","REPORT_TYPE_SQ":"2022年年报","OPERATE_INCOME_SQ":3514912000,"DPS_HKD":0.01427285,"OPERATE_INCOME_QOQ_SQ":10.175485889192,"NET_PROFIT_RATIO_SQ":8.4665277538,"HOLDER_PROFIT_SQ":293810000,"HOLDER_PROFIT_QOQ_SQ":144.650024147751,"ROE_AVG_SQ":10.186007924569,"PE_TTM_SQ":3.700933954022,"PB_TTM_SQ":0.354173304993,"ROA_SQ":3.642537639101,"START_DATE":"2023-01-01 00:00:00","FISCAL_YEAR":"12-31","CURRENCY":"HKD","IS_CNY_CODE":0,"DPS_HKD_LY":null,"ORG_TYPE":"一般企业","PREMIUM_INCOME":null,"PREMIUM_INCOME_YOY":null,"NET_INTEREST_INCOME":null,"NET_INTEREST_INCOME_YOY":null,"FEE_COMMISSION_INCOME":null,"FEE_COMMISSION_INCOME_YOY":null,"ACCOUNTS_RECE_TDAYS":1.981746988423,"INVENTORY_TDAYS":3.376067397998,"CURRENT_ASSETS_TDAYS":0.731488638936,"TOTAL_ASSETS_TDAYS":0.498581283328,"PREMIUM_EXPENSE":null,"LOAN_DEPOSIT":null,"LOAN_EQUITY":null,"LOAN_ASSETS":null,"DEPOSIT_EQUITY":null,"DEPOSIT_ASSETS":null,"EQUITY_MULTIPLIER":2.866764341171,"EQUITY_RATIO":2.00342270322},{"SECUCODE":"03337.HK","SECURITY_CODE":"03337","SECURITY_NAME_ABBR":"安东油田服务","ORG_CODE":"10106399","STD_REPORT_DATE":"2023-06-30 00:00:00","REPORT_DATE":"2023-06-30 00:00:00","DATE_TYPE_CODE":"002","REPORT_TYPE":"2023年中报","PER_NETCASH_OPERATE":0.113475161548,"PER_OI":0.629433903507,"BPS":1.07028288142,"BASIC_EPS":0.0333,"DILUTED_EPS":0.033,"OPERATE_INCOME":1892437000,"OPERATE_INCOME_YOY":12.1094698778,"GROSS_PROFIT":559344000,"GROSS_PROFIT_YOY":8.347506053269,"HOLDER_PROFIT":97872000,"HOLDER_PROFIT_YOY":7.910956261,"GROSS_PROFIT_RATIO":29.556809552973,"EPS_TTM":0.100109099245,"OPERATE_INCOME_QOQ":5.815536775885,"NET_PROFIT_RATIO":5.4613707088,"ROE_AVG":3.131265221895,"GROSS_PROFIT_QOQ":4.310223252641,"ROA":1.145956476205,"HOLDER_PROFIT_QOQ":2.442054388891,"ROE_YEARLY":6.262530443789,"ROIC_YEARLY":2.66663760408,"TOTAL_ASSETS":9098482000,"TOTAL_LIABILITIES":5643292000,"TAX_EBT":46.371697946773,"OCF_SALES":18.02812986641,"TOTAL_PARENT_EQUITY":3169801000,"DEBT_ASSET_RATIO":62.0245443141,"OPERATE_PROFIT":277858000,"PRETAX_PROFIT":192721000,"NETCASH_OPERATE":341171000,"NETCASH_INVEST":-100493000,"NETCASH_FINANCE":173986000,"END_CASH":1167689000,"DIVI_RATIO":0.12920246236,"DIVIDEND_RATE":2.378808333333,"CURRENT_RATIO":1.309537464847,"COMMON_ACS":3500000000,"CURRENTDEBT_DEBT":83.205600560807,"ISSUED_COMMON_SHARES":2961647855,"HK_COMMON_SHARES":2961647855,"PER_SHARES":2000,"TOTAL_MARKET_CAP":1776988713,"HKSK_MARKET_CAP":1776988713,"PE_TTM":7.83855932889,"PB_TTM":0.492536601453,"REPORT_DATE_SQ":"2022-06-30 00:00:00","REPORT_TYPE_SQ":"2022年中报","OPERATE_INCOME_SQ":1688026000,"DPS_HKD":0.01427285,"OPERATE_INCOME_QOQ_SQ":9.123070934605,"NET_PROFIT_RATIO_SQ":5.2442912609,"HOLDER_PROFIT_SQ":90697000,"HOLDER_PROFIT_QOQ_SQ":66.293721786812,"ROE_AVG_SQ":3.265442643231,"PE_TTM_SQ":3.700933954022,"PB_TTM_SQ":0.354173304993,"ROA_SQ":1.098092905486,"START_DATE":"2023-01-01 00:00:00","FISCAL_YEAR":"12-31","CURRENCY":"HKD","IS_CNY_CODE":0,"DPS_HKD_LY":null,"ORG_TYPE":"一般企业","PREMIUM_INCOME":null,"PREMIUM_INCOME_YOY":null,"NET_INTEREST_INCOME":null,"NET_INTEREST_INCOME_YOY":null,"FEE_COMMISSION_INCOME":null,"FEE_COMMISSION_INCOME_YOY":null,"ACCOUNTS_RECE_TDAYS":0.906790783345,"INVENTORY_TDAYS":1.402571482229,"CURRENT_ASSETS_TDAYS":0.336407856865,"TOTAL_ASSETS_TDAYS":0.221580271779,"PREMIUM_EXPENSE":null,"LOAN_DEPOSIT":null,"LOAN_EQUITY":null,"LOAN_ASSETS":null,"DEPOSIT_EQUITY":null,"DEPOSIT_ASSETS":null,"EQUITY_MULTIPLIER":2.633279790692,"EQUITY_RATIO":1.780330058575},{"SECUCODE":"03337.HK","SECURITY_CODE":"03337","SECURITY_NAME_ABBR":"安东油田服务","ORG_CODE":"10106399","STD_REPORT_DATE":"2022-12-31 00:00:00","REPORT_DATE":"2022-12-31 00:00:00","DATE_TYPE_CODE":"001","REPORT_TYPE":"2022年年报","PER_NETCASH_OPERATE":0.325938543676,"PER_OI":1.169077110966,"BPS":1.040459281747,"BASIC_EPS":0.1013,"DILUTED_EPS":0.099,"OPERATE_INCOME":3514912000,"OPERATE_INCOME_YOY":20.2268736194,"GROSS_PROFIT":999809000,"GROSS_PROFIT_YOY":10.811628577129,"HOLDER_PROFIT":293810000,"HOLDER_PROFIT_YOY":306.8376305076,"GROSS_PROFIT_RATIO":28.444780409865,"EPS_TTM":0.097722658767,"OPERATE_INCOME_QOQ":10.175485889192,"NET_PROFIT_RATIO":8.4665277538,"ROE_AVG":10.186007924569,"GROSS_PROFIT_QOQ":2.013415286161,"ROA":3.642537639101,"HOLDER_PROFIT_QOQ":144.650024147751,"ROE_YEARLY":10.186007924569,"ROIC_YEARLY":4.236322213102,"TOTAL_ASSETS":7982795000,"TOTAL_LIABILITIES":4681986000,"TAX_EBT":29.229587493044,"OCF_SALES":27.87998675358,"TOTAL_PARENT_EQUITY":3081474000,"DEBT_ASSET_RATIO":58.6509612235,"OPERATE_PROFIT":665151000,"PRETAX_PROFIT":420502000,"NETCASH_OPERATE":979957000,"NETCASH_INVEST":-343098000,"NETCASH_FINANCE":-1126181000,"END_CASH":727904000,"DIVI_RATIO":0.132357656762,"DIVIDEND_RATE":2.378808333333,"CURRENT_RATIO":1.345801438319,"COMMON_ACS":3500000000,"CURRENTDEBT_DEBT":80.968909347444,"ISSUED_COMMON_SHARES":2961647855,"HK_COMMON_SHARES":2961647855,"PER_SHARES":2000,"TOTAL_MARKET_CAP":1776988713,"HKSK_MARKET_CAP":1776988713,"PE_TTM":7.83855932889,"PB_TTM":0.492536601453,"REPORT_DATE_SQ":"2021-12-31 00:00:00","REPORT_TYPE_SQ":"2021年年报","OPERATE_INCOME_SQ":2923566000,"DPS_HKD":0.01427285,"OPERATE_INCOME_QOQ_SQ":-4.302916412031,"NET_PROFIT_RATIO_SQ":2.5773319296,"HOLDER_PROFIT_SQ":72218000,"HOLDER_PROFIT_QOQ_SQ":89.932409331194,"ROE_AVG_SQ":2.71826724672,"PE_TTM_SQ":3.700933954022,"PB_TTM_SQ":0.354173304993,"ROA_SQ":0.901008241422,"START_DATE":"2022-01-01 00:00:00","FISCAL_YEAR":"12-31","CURRENCY":"HKD","IS_CNY_CODE":0,"DPS_HKD_LY":null,"ORG_TYPE":"一般企业","PREMIUM_INCOME":null,"PREMIUM_INCOME_YOY":null,"NET_INTEREST_INCOME":null,"NET_INTEREST_INCOME_YOY":null,"FEE_COMMISSION_INCOME":null,"FEE_COMMISSION_INCOME_YOY":null,"ACCOUNTS_RECE_TDAYS":1.701769836524,"INVENTORY_TDAYS":2.6773632618,"CURRENT_ASSETS_TDAYS":0.666852466723,"TOTAL_ASSETS_TDAYS":0.435764584532,"PREMIUM_EXPENSE":null,"LOAN_DEPOSIT":null,"LOAN_EQUITY":null,"LOAN_ASSETS":null,"DEPOSIT_EQUITY":null,"DEPOSIT_ASSETS":null,"EQUITY_MULTIPLIER":2.418435904654,"EQUITY_RATIO":1.519398184116},{"SECUCODE":"03337.HK","SECURITY_CODE":"03337","SECURITY_NAME_ABBR":"安东油田服务","ORG_CODE":"10106399","STD_REPORT_DATE":"2022-06-30 00:00:00","REPORT_DATE":"2022-06-30 00:00:00","DATE_TYPE_CODE":"002","REPORT_TYPE":"2022年中报","PER_NETCASH_OPERATE":0.106668068752,"PER_OI":0.561445794181,"BPS":0.968224157764,"BASIC_EPS":0.0313,"DILUTED_EPS":0.0311,"OPERATE_INCOME":1688026000,"OPERATE_INCOME_YOY":18.7657557445,"GROSS_PROFIT":516250000,"GROSS_PROFIT_YOY":17.748623510038,"HOLDER_PROFIT":90697000,"HOLDER_PROFIT_YOY":111.8049555125,"GROSS_PROFIT_RATIO":30.583059739601,"EPS_TTM":0.039943858214,"OPERATE_INCOME_QOQ":9.123070934605,"NET_PROFIT_RATIO":5.2442912609,"ROE_AVG":3.265442643231,"GROSS_PROFIT_QOQ":8.624564981269,"ROA":1.098092905486,"HOLDER_PROFIT_QOQ":66.293721786812,"ROE_YEARLY":6.530885286462,"ROIC_YEARLY":2.606909083697,"TOTAL_ASSETS":8369638000,"TOTAL_LIABILITIES":5364356000,"TAX_EBT":45.739451295756,"OCF_SALES":18.998818738574,"TOTAL_PARENT_EQUITY":2867539000,"DEBT_ASSET_RATIO":64.0930467961,"OPERATE_PROFIT":294699000,"PRETAX_PROFIT":163148000,"NETCASH_OPERATE":320705000,"NETCASH_INVEST":-63238000,"NETCASH_FINANCE":-304206000,"END_CASH":1150929000,"DIVI_RATIO":0.32381303923,"DIVIDEND_RATE":2.378808333333,"CURRENT_RATIO":1.336337447255,"COMMON_ACS":3500000000,"CURRENTDEBT_DEBT":79.366376877299,"ISSUED_COMMON_SHARES":2961647855,"HK_COMMON_SHARES":2961647855,"PER_SHARES":2000,"TOTAL_MARKET_CAP":1776988713,"HKSK_MARKET_CAP":1776988713,"PE_TTM":7.83855932889,"PB_TTM":0.492536601453,"REPORT_DATE_SQ":"2021-06-30 00:00:00","REPORT_TYPE_SQ":"2021年中报","OPERATE_INCOME_SQ":1421307000,"DPS_HKD":0.01427285,"OPERATE_INCOME_QOQ_SQ":-1.056822465744,"NET_PROFIT_RATIO_SQ":3.0530349882,"HOLDER_PROFIT_SQ":42821000,"HOLDER_PROFIT_QOQ_SQ":139.671758273862,"ROE_AVG_SQ":1.627451833663,"PE_TTM_SQ":3.700933954022,"PB_TTM_SQ":0.354173304993,"ROA_SQ":0.555997343688,"START_DATE":"2022-01-01 00:00:00","FISCAL_YEAR":"12-31","CURRENCY":"HKD","IS_CNY_CODE":0,"DPS_HKD_LY":null,"ORG_TYPE":"一般企业","PREMIUM_INCOME":null,"PREMIUM_INCOME_YOY":null,"NET_INTEREST_INCOME":null,"NET_INTEREST_INCOME_YOY":null,"FEE_COMMISSION_INCOME":null,"FEE_COMMISSION_INCOME_YOY":null,"ACCOUNTS_RECE_TDAYS":0.771989117316,"INVENTORY_TDAYS":1.252466799811,"CURRENT_ASSETS_TDAYS":0.303345973153,"TOTAL_ASSETS_TDAYS":0.204373835394,"PREMIUM_EXPENSE":null,"LOAN_DEPOSIT":null,"LOAN_EQUITY":null,"LOAN_ASSETS":null,"DEPOSIT_EQUITY":null,"DEPOSIT_ASSETS":null,"EQUITY_MULTIPLIER":2.784975919069,"EQUITY_RATIO":1.870717712994},{"SECUCODE":"03337.HK","SECURITY_CODE":"03337","SECURITY_NAME_ABBR":"安东油田服务","ORG_CODE":"10106399","STD_REPORT_DATE":"2021-12-31 00:00:00","REPORT_DATE":"2021-12-31 00:00:00","DATE_TYPE_CODE":"001","REPORT_TYPE":"2021年年报","PER_NETCASH_OPERATE":0.251863431259,"PER_OI":0.972392507408,"BPS":0.907407001634,"BASIC_EPS":0.0249,"DILUTED_EPS":0.0246,"OPERATE_INCOME":2923566000,"OPERATE_INCOME_YOY":-5.3142646905,"GROSS_PROFIT":902260000,"GROSS_PROFIT_YOY":11.414607160586,"HOLDER_PROFIT":72218000,"HOLDER_PROFIT_YOY":175.3495263136,"GROSS_PROFIT_RATIO":30.861625836393,"EPS_TTM":0.024020063888,"OPERATE_INCOME_QOQ":-4.302916412031,"NET_PROFIT_RATIO":2.5773319296,"ROE_AVG":2.71826724672,"GROSS_PROFIT_QOQ":8.604877626018,"ROA":0.901008241422,"HOLDER_PROFIT_QOQ":89.932409331194,"ROE_YEARLY":2.71826724672,"ROIC_YEARLY":1.05428776123,"TOTAL_ASSETS":8149365000,"TOTAL_LIABILITIES":5321204000,"TAX_EBT":57.207923491061,"OCF_SALES":25.901416284086,"TOTAL_PARENT_EQUITY":2687420000,"DEBT_ASSET_RATIO":65.2959341004,"OPERATE_PROFIT":429479000,"PRETAX_PROFIT":176084000,"NETCASH_OPERATE":757245000,"NETCASH_INVEST":-221237000,"NETCASH_FINANCE":-232112000,"END_CASH":1173186000,"DIVI_RATIO":0.538480754567,"DIVIDEND_RATE":2.378808333333,"CURRENT_RATIO":1.257762392592,"COMMON_ACS":3500000000,"CURRENTDEBT_DEBT":81.280176441272,"ISSUED_COMMON_SHARES":2961647855,"HK_COMMON_SHARES":2961647855,"PER_SHARES":2000,"TOTAL_MARKET_CAP":1776988713,"HKSK_MARKET_CAP":1776988713,"PE_TTM":7.83855932889,"PB_TTM":0.492536601453,"REPORT_DATE_SQ":"2020-12-31 00:00:00","REPORT_TYPE_SQ":"2020年年报","OPERATE_INCOME_SQ":3087652000,"DPS_HKD":0.01427285,"OPERATE_INCOME_QOQ_SQ":-8.995247943689,"NET_PROFIT_RATIO_SQ":-2.7127409436,"HOLDER_PROFIT_SQ":-95844000,"HOLDER_PROFIT_QOQ_SQ":-397.837165941579,"ROE_AVG_SQ":-3.46742640076,"PE_TTM_SQ":3.700933954022,"PB_TTM_SQ":0.354173304993,"ROA_SQ":-1.102419706816,"START_DATE":"2021-01-01 00:00:00","FISCAL_YEAR":"12-31","CURRENCY":"HKD","IS_CNY_CODE":0,"DPS_HKD_LY":null,"ORG_TYPE":"一般企业","PREMIUM_INCOME":null,"PREMIUM_INCOME_YOY":null,"NET_INTEREST_INCOME":null,"NET_INTEREST_INCOME_YOY":null,"FEE_COMMISSION_INCOME":null,"FEE_COMMISSION_INCOME_YOY":null,"ACCOUNTS_RECE_TDAYS":1.38227816142,"INVENTORY_TDAYS":2.155396446,"CURRENT_ASSETS_TDAYS":0.558269002248,"TOTAL_ASSETS_TDAYS":0.364750763015,"PREMIUM_EXPENSE":null,"LOAN_DEPOSIT":null,"LOAN_EQUITY":null,"LOAN_ASSETS":null,"DEPOSIT_EQUITY":null,"DEPOSIT_ASSETS":null,"EQUITY_MULTIPLIER":2.881506745904,"EQUITY_RATIO":1.980041824501},{"SECUCODE":"03337.HK","SECURITY_CODE":"03337","SECURITY_NAME_ABBR":"安东油田服务","ORG_CODE":"10106399","STD_REPORT_DATE":"2021-06-30 00:00:00","REPORT_DATE":"2021-06-30 00:00:00","DATE_TYPE_CODE":"002","REPORT_TYPE":"2021年中报","PER_NETCASH_OPERATE":0.031014080662,"PER_OI":0.472733735967,"BPS":0.890121016768,"BASIC_EPS":0.0146,"DILUTED_EPS":0.0144,"OPERATE_INCOME":1421307000,"OPERATE_INCOME_YOY":-2.2443185335,"GROSS_PROFIT":438434000,"GROSS_PROFIT_YOY":5.018407935173,"HOLDER_PROFIT":42821000,"HOLDER_PROFIT_YOY":147.0322694023,"GROSS_PROFIT_RATIO":30.847241306769,"EPS_TTM":0.012646637808,"OPERATE_INCOME_QOQ":-1.056822465744,"NET_PROFIT_RATIO":3.0530349882,"ROE_AVG":1.627451833663,"GROSS_PROFIT_QOQ":2.587111735665,"ROA":0.555997343688,"HOLDER_PROFIT_QOQ":139.671758273862,"ROE_YEARLY":3.254903667325,"ROIC_YEARLY":1.259732026365,"TOTAL_ASSETS":7522190000,"TOTAL_LIABILITIES":4747784000,"TAX_EBT":61.502701455859,"OCF_SALES":6.560581211519,"TOTAL_PARENT_EQUITY":2636225000,"DEBT_ASSET_RATIO":63.1170443714,"OPERATE_PROFIT":222393000,"PRETAX_PROFIT":112717000,"NETCASH_OPERATE":93246000,"NETCASH_INVEST":-61182000,"NETCASH_FINANCE":-256039000,"END_CASH":651576000,"DIVI_RATIO":1.022749470933,"DIVIDEND_RATE":2.378808333333,"CURRENT_RATIO":1.707365328421,"COMMON_ACS":3500000000,"CURRENTDEBT_DEBT":59.574213991201,"ISSUED_COMMON_SHARES":2961647855,"HK_COMMON_SHARES":2961647855,"PER_SHARES":2000,"TOTAL_MARKET_CAP":1776988713,"HKSK_MARKET_CAP":1776988713,"PE_TTM":7.83855932889,"PB_TTM":0.492536601453,"REPORT_DATE_SQ":"2020-06-30 00:00:00","REPORT_TYPE_SQ":"2020年中报","OPERATE_INCOME_SQ":1453938000,"DPS_HKD":0.01427285,"OPERATE_INCOME_QOQ_SQ":-5.47848347554,"NET_PROFIT_RATIO_SQ":-6.0406977464,"HOLDER_PROFIT_SQ":-91046000,"HOLDER_PROFIT_QOQ_SQ":-88.018601326219,"ROE_AVG_SQ":-3.182167614456,"PE_TTM_SQ":3.700933954022,"PB_TTM_SQ":0.354173304993,"ROA_SQ":-0.991272661116,"START_DATE":"2021-01-01 00:00:00","FISCAL_YEAR":"12-31","CURRENCY":"HKD","IS_CNY_CODE":0,"DPS_HKD_LY":null,"ORG_TYPE":"一般企业","PREMIUM_INCOME":null,"PREMIUM_INCOME_YOY":null,"NET_INTEREST_INCOME":null,"NET_INTEREST_INCOME_YOY":null,"FEE_COMMISSION_INCOME":null,"FEE_COMMISSION_INCOME_YOY":null,"ACCOUNTS_RECE_TDAYS":0.670174933987,"INVENTORY_TDAYS":1.060385596528,"CURRENT_ASSETS_TDAYS":0.288211044149,"TOTAL_ASSETS_TDAYS":0.184545647361,"PREMIUM_EXPENSE":null,"LOAN_DEPOSIT":null,"LOAN_EQUITY":null,"LOAN_ASSETS":null,"DEPOSIT_EQUITY":null,"DEPOSIT_ASSETS":null,"EQUITY_MULTIPLIER":2.71127945946,"EQUITY_RATIO":1.800978292824},{"SECUCODE":"03337.HK","SECURITY_CODE":"03337","SECURITY_NAME_ABBR":"安东油田服务","ORG_CODE":"10106399","STD_REPORT_DATE":"2020-12-31 00:00:00","REPORT_DATE":"2020-12-31 00:00:00","DATE_TYPE_CODE":"001","REPORT_TYPE":"2020年年报","PER_NETCASH_OPERATE":0.267868713797,"PER_OI":1.026968322344,"BPS":0.886706363677,"BASIC_EPS":-0.0322,"DILUTED_EPS":-0.0322,"OPERATE_INCOME":3087652000,"OPERATE_INCOME_YOY":-13.980928247,"GROSS_PROFIT":809822000,"GROSS_PROFIT_YOY":-36.804491769122,"HOLDER_PROFIT":-95844000,"HOLDER_PROFIT_YOY":-135.6850582501,"GROSS_PROFIT_RATIO":26.227761418709,"EPS_TTM":-0.031878188308,"OPERATE_INCOME_QOQ":-8.995247943689,"NET_PROFIT_RATIO":-2.7127409436,"ROE_AVG":-3.46742640076,"GROSS_PROFIT_QOQ":-28.919398824367,"ROA":-1.102419706816,"HOLDER_PROFIT_QOQ":-397.837165941579,"ROE_YEARLY":-3.46742640076,"ROIC_YEARLY":-1.379761085566,"TOTAL_ASSETS":7881121000,"TOTAL_LIABILITIES":5117400000,"TAX_EBT":372.487719184098,"OCF_SALES":26.083444636896,"TOTAL_PARENT_EQUITY":2626112000,"DEBT_ASSET_RATIO":64.9323871566,"OPERATE_PROFIT":324531000,"PRETAX_PROFIT":30739000,"NETCASH_OPERATE":805366000,"NETCASH_INVEST":-169919000,"NETCASH_FINANCE":-2159344000,"END_CASH":879085000,"DIVI_RATIO":-0.405742697856,"DIVIDEND_RATE":2.378808333333,"CURRENT_RATIO":1.629775517723,"COMMON_ACS":3500000000,"CURRENTDEBT_DEBT":60.355219447376,"ISSUED_COMMON_SHARES":2961647855,"HK_COMMON_SHARES":2961647855,"PER_SHARES":2000,"TOTAL_MARKET_CAP":1776988713,"HKSK_MARKET_CAP":1776988713,"PE_TTM":7.83855932889,"PB_TTM":0.492536601453,"REPORT_DATE_SQ":"2019-12-31 00:00:00","REPORT_TYPE_SQ":"2019年年报","OPERATE_INCOME_SQ":3589497000,"DPS_HKD":0.01427285,"OPERATE_INCOME_QOQ_SQ":4.938133371378,"NET_PROFIT_RATIO_SQ":7.867954758,"HOLDER_PROFIT_SQ":268583000,"HOLDER_PROFIT_QOQ_SQ":-5.03663003663,"ROE_AVG_SQ":9.682134789903,"PE_TTM_SQ":3.700933954022,"PB_TTM_SQ":0.354173304993,"ROA_SQ":3.206307872909,"START_DATE":"2020-01-01 00:00:00","FISCAL_YEAR":"12-31","CURRENCY":"HKD","IS_CNY_CODE":0,"DPS_HKD_LY":null,"ORG_TYPE":"一般企业","PREMIUM_INCOME":null,"PREMIUM_INCOME_YOY":null,"NET_INTEREST_INCOME":null,"NET_INTEREST_INCOME_YOY":null,"FEE_COMMISSION_INCOME":null,"FEE_COMMISSION_INCOME_YOY":null,"ACCOUNTS_RECE_TDAYS":1.424839110704,"INVENTORY_TDAYS":2.685939742258,"CURRENT_ASSETS_TDAYS":0.536298918909,"TOTAL_ASSETS_TDAYS":0.355148826488,"PREMIUM_EXPENSE":null,"LOAN_DEPOSIT":null,"LOAN_EQUITY":null,"LOAN_ASSETS":null,"DEPOSIT_EQUITY":null,"DEPOSIT_ASSETS":null,"EQUITY_MULTIPLIER":2.85163408318,"EQUITY_RATIO":1.948660224697},{"SECUCODE":"03337.HK","SECURITY_CODE":"03337","SECURITY_NAME_ABBR":"安东油田服务","ORG_CODE":"10106399","STD_REPORT_DATE":"2020-06-30 00:00:00","REPORT_DATE":"2020-06-30 00:00:00","DATE_TYPE_CODE":"002","REPORT_TYPE":"2020年中报","PER_NETCASH_OPERATE":0.031725522639,"PER_OI":0.483586967914,"BPS":0.952214827039,"BASIC_EPS":-0.0303,"DILUTED_EPS":-0.0303,"OPERATE_INCOME":1453938000,"OPERATE_INCOME_YOY":-11.9139361246,"GROSS_PROFIT":417483000,"GROSS_PROFIT_YOY":-25.401108218363,"HOLDER_PROFIT":-91046000,"HOLDER_PROFIT_YOY":-162.6361303549,"GROSS_PROFIT_RATIO":28.713947912497,"EPS_TTM":0.010703227117,"OPERATE_INCOME_QOQ":-5.47848347554,"NET_PROFIT_RATIO":-6.0406977464,"ROE_AVG":-3.182167614456,"GROSS_PROFIT_QOQ":-11.093171434034,"ROA":-0.991272661116,"HOLDER_PROFIT_QOQ":-88.018601326219,"ROE_YEARLY":-6.364335228912,"ROIC_YEARLY":-2.525526658202,"TOTAL_ASSETS":8862705000,"TOTAL_LIABILITIES":5983837000,"TAX_EBT":-163.312846649678,"OCF_SALES":6.560458561507,"TOTAL_PARENT_EQUITY":2820125000,"DEBT_ASSET_RATIO":67.5170503813,"OPERATE_PROFIT":177805000,"PRETAX_PROFIT":-33355000,"NETCASH_OPERATE":95385000,"NETCASH_INVEST":-122874000,"NETCASH_FINANCE":-991486000,"END_CASH":1412254000,"DIVI_RATIO":1.208452552309,"DIVIDEND_RATE":2.378808333333,"CURRENT_RATIO":1.542130230023,"COMMON_ACS":3500000000,"CURRENTDEBT_DEBT":63.465381827747,"ISSUED_COMMON_SHARES":2961647855,"HK_COMMON_SHARES":2961647855,"PER_SHARES":2000,"TOTAL_MARKET_CAP":1776988713,"HKSK_MARKET_CAP":1776988713,"PE_TTM":7.83855932889,"PB_TTM":0.492536601453,"REPORT_DATE_SQ":"2019-06-30 00:00:00","REPORT_TYPE_SQ":"2019年中报","OPERATE_INCOME_SQ":1650588000,"DPS_HKD":0.01427285,"OPERATE_INCOME_QOQ_SQ":16.509349130485,"NET_PROFIT_RATIO_SQ":8.8017118748,"HOLDER_PROFIT_SQ":145357000,"HOLDER_PROFIT_QOQ_SQ":27.157713006299,"ROE_AVG_SQ":5.355219844491,"PE_TTM_SQ":3.700933954022,"PB_TTM_SQ":0.354173304993,"ROA_SQ":1.963103136418,"START_DATE":"2020-01-01 00:00:00","FISCAL_YEAR":"12-31","CURRENCY":"HKD","IS_CNY_CODE":0,"DPS_HKD_LY":null,"ORG_TYPE":"一般企业","PREMIUM_INCOME":null,"PREMIUM_INCOME_YOY":null,"NET_INTEREST_INCOME":null,"NET_INTEREST_INCOME_YOY":null,"FEE_COMMISSION_INCOME":null,"FEE_COMMISSION_INCOME_YOY":null,"ACCOUNTS_RECE_TDAYS":0.634730585976,"INVENTORY_TDAYS":1.225270392801,"CURRENT_ASSETS_TDAYS":0.235695860913,"TOTAL_ASSETS_TDAYS":0.158298990659,"PREMIUM_EXPENSE":null,"LOAN_DEPOSIT":null,"LOAN_EQUITY":null,"LOAN_ASSETS":null,"DEPOSIT_EQUITY":null,"DEPOSIT_ASSETS":null,"EQUITY_MULTIPLIER":3.078538161523,"EQUITY_RATIO":2.121833961261}],"count":39},"success":true,"message":"ok","code":0}