{"version":"d61b77be3e531ac8acaf0239d056ad88","result":{"pages":2,"data":[{"SECUCODE":"03348.HK","SECURITY_CODE":"03348","SECURITY_NAME_ABBR":"中国鹏飞集团","ORG_CODE":"10000008618","STD_REPORT_DATE":"2024-06-30 00:00:00","REPORT_DATE":"2024-06-30 00:00:00","DATE_TYPE_CODE":"002","REPORT_TYPE":"2024年中报","PER_NETCASH_OPERATE":0.301418,"PER_OI":1.265414,"BPS":1.796356,"BASIC_EPS":0.0626,"DILUTED_EPS":null,"OPERATE_INCOME":632707000,"OPERATE_INCOME_YOY":-24.994013339,"GROSS_PROFIT":120513000,"GROSS_PROFIT_YOY":-16.557845832151,"HOLDER_PROFIT":31301000,"HOLDER_PROFIT_YOY":-51.0325083696,"GROSS_PROFIT_RATIO":19.047205104416,"EPS_TTM":0.22049,"OPERATE_INCOME_QOQ":-12.1903060369,"NET_PROFIT_RATIO":5.1346041691,"ROE_AVG":3.462681944018,"GROSS_PROFIT_QOQ":-6.384574926781,"ROA":1.272679553389,"HOLDER_PROFIT_QOQ":-22.833284336371,"ROE_YEARLY":6.925363888036,"ROIC_YEARLY":3.185086537715,"TOTAL_ASSETS":2458509000,"TOTAL_LIABILITIES":1560548000,"TAX_EBT":14.971078598163,"OCF_SALES":23.819714338549,"TOTAL_PARENT_EQUITY":898178000,"DEBT_ASSET_RATIO":63.4753828438,"OPERATE_PROFIT":38504000,"PRETAX_PROFIT":38207000,"NETCASH_OPERATE":150709000,"NETCASH_INVEST":38451000,"NETCASH_FINANCE":-36671000,"END_CASH":532613000,"DIVI_RATIO":0.388397614404,"DIVIDEND_RATE":9.45,"CURRENT_RATIO":1.26348426615,"COMMON_ACS":10000000000,"CURRENTDEBT_DEBT":95.61801367212,"ISSUED_COMMON_SHARES":500000000,"HK_COMMON_SHARES":500000000,"PER_SHARES":2000,"TOTAL_MARKET_CAP":500000000,"HKSK_MARKET_CAP":500000000,"PE_TTM":4.077806545649,"PB_TTM":0.508073010027,"REPORT_DATE_SQ":"2023-06-30 00:00:00","REPORT_TYPE_SQ":"2023年中报","OPERATE_INCOME_SQ":843542000,"DPS_HKD":0.0945,"OPERATE_INCOME_QOQ_SQ":-0.98663612643,"NET_PROFIT_RATIO_SQ":7.5738967354,"HOLDER_PROFIT_SQ":63922000,"HOLDER_PROFIT_QOQ_SQ":2.56831942399,"ROE_AVG_SQ":7.820907793991,"PE_TTM_SQ":4.25677073881,"PB_TTM_SQ":0.638119099693,"ROA_SQ":2.163319047594,"START_DATE":"2024-01-01 00:00:00","FISCAL_YEAR":"12-31","CURRENCY":"HKD","IS_CNY_CODE":0,"DPS_HKD_LY":0.0945,"ORG_TYPE":"一般企业","PREMIUM_INCOME":null,"PREMIUM_INCOME_YOY":null,"NET_INTEREST_INCOME":null,"NET_INTEREST_INCOME_YOY":null,"FEE_COMMISSION_INCOME":null,"FEE_COMMISSION_INCOME_YOY":null,"ACCOUNTS_RECE_TDAYS":1.954527691925,"INVENTORY_TDAYS":0.715957212599,"CURRENT_ASSETS_TDAYS":0.337823086138,"TOTAL_ASSETS_TDAYS":0.257254804059,"PREMIUM_EXPENSE":null,"LOAN_DEPOSIT":null,"LOAN_EQUITY":null,"LOAN_ASSETS":null,"DEPOSIT_EQUITY":null,"DEPOSIT_ASSETS":null,"EQUITY_MULTIPLIER":2.737879484742,"EQUITY_RATIO":1.737459612683},{"SECUCODE":"03348.HK","SECURITY_CODE":"03348","SECURITY_NAME_ABBR":"中国鹏飞集团","ORG_CODE":"10000008618","STD_REPORT_DATE":"2023-12-31 00:00:00","REPORT_DATE":"2023-12-31 00:00:00","DATE_TYPE_CODE":"001","REPORT_TYPE":"2023年年报","PER_NETCASH_OPERATE":0.092818,"PER_OI":3.45906,"BPS":1.819454,"BASIC_EPS":0.2857,"DILUTED_EPS":null,"OPERATE_INCOME":1729530000,"OPERATE_INCOME_YOY":8.9526739716,"GROSS_PROFIT":374559000,"GROSS_PROFIT_YOY":29.81271097741,"HOLDER_PROFIT":142866000,"HOLDER_PROFIT_YOY":16.8924889543,"GROSS_PROFIT_RATIO":21.656692858754,"EPS_TTM":0.285732,"OPERATE_INCOME_QOQ":10.038352106439,"NET_PROFIT_RATIO":8.2972252577,"ROE_AVG":16.674486516012,"GROSS_PROFIT_QOQ":32.952936040011,"ROA":5.229489774628,"HOLDER_PROFIT_QOQ":13.965491109533,"ROE_YEARLY":16.674486516012,"ROIC_YEARLY":6.119140914864,"TOTAL_ASSETS":2460404000,"TOTAL_LIABILITIES":1550293000,"TAX_EBT":20.862607122768,"OCF_SALES":2.683330153279,"TOTAL_PARENT_EQUITY":909727000,"DEBT_ASSET_RATIO":63.0096927171,"OPERATE_PROFIT":181940000,"PRETAX_PROFIT":181334000,"NETCASH_OPERATE":46409000,"NETCASH_INVEST":74089000,"NETCASH_FINANCE":-88080000,"END_CASH":378902000,"DIVI_RATIO":0.299713682752,"DIVIDEND_RATE":9.086538461538,"CURRENT_RATIO":1.258063469094,"COMMON_ACS":10000000000,"CURRENTDEBT_DEBT":95.390355242525,"ISSUED_COMMON_SHARES":500000000,"HK_COMMON_SHARES":500000000,"PER_SHARES":2000,"TOTAL_MARKET_CAP":520000000,"HKSK_MARKET_CAP":520000000,"PE_TTM":4.240918807475,"PB_TTM":0.528395930428,"REPORT_DATE_SQ":"2022-12-31 00:00:00","REPORT_TYPE_SQ":"2022年年报","OPERATE_INCOME_SQ":1587414000,"DPS_HKD":0.0945,"OPERATE_INCOME_QOQ_SQ":-13.343574357698,"NET_PROFIT_RATIO_SQ":7.6892354483,"HOLDER_PROFIT_SQ":122220000,"HOLDER_PROFIT_QOQ_SQ":5.527638190955,"ROE_AVG_SQ":16.097443401458,"PE_TTM_SQ":4.293786136538,"PB_TTM_SQ":0.643667961429,"ROA_SQ":4.22379987856,"START_DATE":"2023-01-01 00:00:00","FISCAL_YEAR":"12-31","CURRENCY":"HKD","IS_CNY_CODE":0,"DPS_HKD_LY":0.084,"ORG_TYPE":"一般企业","PREMIUM_INCOME":null,"PREMIUM_INCOME_YOY":null,"NET_INTEREST_INCOME":null,"NET_INTEREST_INCOME_YOY":null,"FEE_COMMISSION_INCOME":null,"FEE_COMMISSION_INCOME_YOY":null,"ACCOUNTS_RECE_TDAYS":4.214844916137,"INVENTORY_TDAYS":1.552191701496,"CURRENT_ASSETS_TDAYS":0.834225465599,"TOTAL_ASSETS_TDAYS":0.633079910539,"PREMIUM_EXPENSE":null,"LOAN_DEPOSIT":null,"LOAN_EQUITY":null,"LOAN_ASSETS":null,"DEPOSIT_EQUITY":null,"DEPOSIT_ASSETS":null,"EQUITY_MULTIPLIER":2.703410902624,"EQUITY_RATIO":1.704129920295},{"SECUCODE":"03348.HK","SECURITY_CODE":"03348","SECURITY_NAME_ABBR":"中国鹏飞集团","ORG_CODE":"10000008618","STD_REPORT_DATE":"2023-06-30 00:00:00","REPORT_DATE":"2023-06-30 00:00:00","DATE_TYPE_CODE":"002","REPORT_TYPE":"2023年中报","PER_NETCASH_OPERATE":-0.077038,"PER_OI":1.687084,"BPS":1.661566,"BASIC_EPS":0.1278,"DILUTED_EPS":null,"OPERATE_INCOME":843542000,"OPERATE_INCOME_YOY":-1.8228499867,"GROSS_PROFIT":144427000,"GROSS_PROFIT_YOY":-4.506023459092,"HOLDER_PROFIT":63922000,"HOLDER_PROFIT_YOY":5.1642729053,"GROSS_PROFIT_RATIO":17.121494839617,"EPS_TTM":0.250718,"OPERATE_INCOME_QOQ":-0.98663612643,"NET_PROFIT_RATIO":7.5738967354,"ROE_AVG":7.820907793991,"GROSS_PROFIT_QOQ":-2.361907270446,"ROA":2.163319047594,"HOLDER_PROFIT_QOQ":2.56831942399,"ROE_YEARLY":15.641815587981,"ROIC_YEARLY":4.941351311394,"TOTAL_ASSETS":2906167000,"TOTAL_LIABILITIES":2075669000,"TAX_EBT":18.084724465985,"OCF_SALES":-4.566340502311,"TOTAL_PARENT_EQUITY":830783000,"DEBT_ASSET_RATIO":71.422908594,"OPERATE_PROFIT":78295000,"PRETAX_PROFIT":77994000,"NETCASH_OPERATE":-38519000,"NETCASH_INVEST":129426000,"NETCASH_FINANCE":-49421000,"END_CASH":388877000,"DIVI_RATIO":0.34157017047,"DIVIDEND_RATE":9.086538461538,"CURRENT_RATIO":1.142158844355,"COMMON_ACS":10000000000,"CURRENTDEBT_DEBT":97.3678847639,"ISSUED_COMMON_SHARES":500000000,"HK_COMMON_SHARES":500000000,"PER_SHARES":2000,"TOTAL_MARKET_CAP":520000000,"HKSK_MARKET_CAP":520000000,"PE_TTM":4.240918807475,"PB_TTM":0.528395930428,"REPORT_DATE_SQ":"2022-06-30 00:00:00","REPORT_TYPE_SQ":"2022年中报","OPERATE_INCOME_SQ":859204000,"DPS_HKD":0.0945,"OPERATE_INCOME_QOQ_SQ":0.368413324245,"NET_PROFIT_RATIO_SQ":7.0525742431,"HOLDER_PROFIT_SQ":60783000,"HOLDER_PROFIT_QOQ_SQ":6.02839801159,"ROE_AVG_SQ":8.343210495071,"PE_TTM_SQ":4.293786136538,"PB_TTM_SQ":0.643667961429,"ROA_SQ":2.148587006144,"START_DATE":"2023-01-01 00:00:00","FISCAL_YEAR":"12-31","CURRENCY":"HKD","IS_CNY_CODE":0,"DPS_HKD_LY":0.084,"ORG_TYPE":"一般企业","PREMIUM_INCOME":null,"PREMIUM_INCOME_YOY":null,"NET_INTEREST_INCOME":null,"NET_INTEREST_INCOME_YOY":null,"FEE_COMMISSION_INCOME":null,"FEE_COMMISSION_INCOME_YOY":null,"ACCOUNTS_RECE_TDAYS":1.851559919181,"INVENTORY_TDAYS":0.68730132124,"CURRENT_ASSETS_TDAYS":0.367211296398,"TOTAL_ASSETS_TDAYS":0.285480816627,"PREMIUM_EXPENSE":null,"LOAN_DEPOSIT":null,"LOAN_EQUITY":null,"LOAN_ASSETS":null,"DEPOSIT_EQUITY":null,"DEPOSIT_ASSETS":null,"EQUITY_MULTIPLIER":3.499306440228,"EQUITY_RATIO":2.498449053483},{"SECUCODE":"03348.HK","SECURITY_CODE":"03348","SECURITY_NAME_ABBR":"中国鹏飞集团","ORG_CODE":"10000008618","STD_REPORT_DATE":"2022-12-31 00:00:00","REPORT_DATE":"2022-12-31 00:00:00","DATE_TYPE_CODE":"001","REPORT_TYPE":"2022年年报","PER_NETCASH_OPERATE":0.087962,"PER_OI":3.174828,"BPS":1.607722,"BASIC_EPS":0.2444,"DILUTED_EPS":null,"OPERATE_INCOME":1587414000,"OPERATE_INCOME_YOY":-13.0243205393,"GROSS_PROFIT":288538000,"GROSS_PROFIT_YOY":-4.786763638284,"HOLDER_PROFIT":122220000,"HOLDER_PROFIT_YOY":11.8892642333,"GROSS_PROFIT_RATIO":18.176606732711,"EPS_TTM":0.24444,"OPERATE_INCOME_QOQ":-13.343574357698,"NET_PROFIT_RATIO":7.6892354483,"ROE_AVG":16.097443401458,"GROSS_PROFIT_QOQ":-11.596898179779,"ROA":4.22379987856,"HOLDER_PROFIT_QOQ":5.527638190955,"ROE_YEARLY":16.097443401458,"ROIC_YEARLY":4.844383782849,"TOTAL_ASSETS":3003456000,"TOTAL_LIABILITIES":2198700000,"TAX_EBT":15.608838740009,"OCF_SALES":2.770606785627,"TOTAL_PARENT_EQUITY":803861000,"DEBT_ASSET_RATIO":73.2056670715,"OPERATE_PROFIT":144749000,"PRETAX_PROFIT":144636000,"NETCASH_OPERATE":43981000,"NETCASH_INVEST":-167758000,"NETCASH_FINANCE":72255000,"END_CASH":345681000,"DIVI_RATIO":0.350342783505,"DIVIDEND_RATE":9.086538461538,"CURRENT_RATIO":1.064665511013,"COMMON_ACS":10000000000,"CURRENTDEBT_DEBT":97.654341201619,"ISSUED_COMMON_SHARES":500000000,"HK_COMMON_SHARES":500000000,"PER_SHARES":2000,"TOTAL_MARKET_CAP":520000000,"HKSK_MARKET_CAP":520000000,"PE_TTM":4.240918807475,"PB_TTM":0.528395930428,"REPORT_DATE_SQ":"2021-12-31 00:00:00","REPORT_TYPE_SQ":"2021年年报","OPERATE_INCOME_SQ":1825124000,"DPS_HKD":0.0945,"OPERATE_INCOME_QOQ_SQ":9.805341892555,"NET_PROFIT_RATIO_SQ":6.0436989487,"HOLDER_PROFIT_SQ":109233000,"HOLDER_PROFIT_QOQ_SQ":-20.476849155504,"ROE_AVG_SQ":16.063097726626,"PE_TTM_SQ":4.293786136538,"PB_TTM_SQ":0.643667961429,"ROA_SQ":4.028131612995,"START_DATE":"2022-01-01 00:00:00","FISCAL_YEAR":"12-31","CURRENCY":"HKD","IS_CNY_CODE":0,"DPS_HKD_LY":0.08,"ORG_TYPE":"一般企业","PREMIUM_INCOME":null,"PREMIUM_INCOME_YOY":null,"NET_INTEREST_INCOME":null,"NET_INTEREST_INCOME_YOY":null,"FEE_COMMISSION_INCOME":null,"FEE_COMMISSION_INCOME_YOY":null,"ACCOUNTS_RECE_TDAYS":3.451331416427,"INVENTORY_TDAYS":1.419029483452,"CURRENT_ASSETS_TDAYS":0.71718773084,"TOTAL_ASSETS_TDAYS":0.548594261203,"PREMIUM_EXPENSE":null,"LOAN_DEPOSIT":null,"LOAN_EQUITY":null,"LOAN_ASSETS":null,"DEPOSIT_EQUITY":null,"DEPOSIT_ASSETS":null,"EQUITY_MULTIPLIER":3.732132472447,"EQUITY_RATIO":2.735174364722},{"SECUCODE":"03348.HK","SECURITY_CODE":"03348","SECURITY_NAME_ABBR":"中国鹏飞集团","ORG_CODE":"10000008618","STD_REPORT_DATE":"2022-06-30 00:00:00","REPORT_DATE":"2022-06-30 00:00:00","DATE_TYPE_CODE":"002","REPORT_TYPE":"2022年中报","PER_NETCASH_OPERATE":-0.022052,"PER_OI":1.718408,"BPS":1.484848,"BASIC_EPS":0.1216,"DILUTED_EPS":null,"OPERATE_INCOME":859204000,"OPERATE_INCOME_YOY":0.7887575075,"GROSS_PROFIT":151242000,"GROSS_PROFIT_YOY":18.252969186142,"HOLDER_PROFIT":60783000,"HOLDER_PROFIT_YOY":12.1498948301,"GROSS_PROFIT_RATIO":17.602571682627,"EPS_TTM":0.231636,"OPERATE_INCOME_QOQ":0.368413324245,"NET_PROFIT_RATIO":7.0525742431,"ROE_AVG":8.343210495071,"GROSS_PROFIT_QOQ":7.703501801719,"ROA":2.148587006144,"HOLDER_PROFIT_QOQ":6.02839801159,"ROE_YEARLY":16.686420990141,"ROIC_YEARLY":4.975953406156,"TOTAL_ASSETS":2874201000,"TOTAL_LIABILITIES":2130909000,"TAX_EBT":14.295008698358,"OCF_SALES":-1.283280804093,"TOTAL_PARENT_EQUITY":742424000,"DEBT_ASSET_RATIO":74.1391781577,"OPERATE_PROFIT":70705000,"PRETAX_PROFIT":70703000,"NETCASH_OPERATE":-11026000,"NETCASH_INVEST":-14285000,"NETCASH_FINANCE":91000,"END_CASH":376157000,"DIVI_RATIO":0.369708465005,"DIVIDEND_RATE":9.086538461538,"CURRENT_RATIO":1.048374917431,"COMMON_ACS":10000000000,"CURRENTDEBT_DEBT":98.254266137127,"ISSUED_COMMON_SHARES":500000000,"HK_COMMON_SHARES":500000000,"PER_SHARES":2000,"TOTAL_MARKET_CAP":520000000,"HKSK_MARKET_CAP":520000000,"PE_TTM":4.240918807475,"PB_TTM":0.528395930428,"REPORT_DATE_SQ":"2021-06-30 00:00:00","REPORT_TYPE_SQ":"2021年中报","OPERATE_INCOME_SQ":852480000,"DPS_HKD":0.0945,"OPERATE_INCOME_QOQ_SQ":5.571289654853,"NET_PROFIT_RATIO_SQ":6.3170983483,"HOLDER_PROFIT_SQ":54198000,"HOLDER_PROFIT_QOQ_SQ":4.110295065069,"ROE_AVG_SQ":8.306117788775,"PE_TTM_SQ":4.293786136538,"PB_TTM_SQ":0.643667961429,"ROA_SQ":2.023389302148,"START_DATE":"2022-01-01 00:00:00","FISCAL_YEAR":"12-31","CURRENCY":"HKD","IS_CNY_CODE":0,"DPS_HKD_LY":0.08,"ORG_TYPE":"一般企业","PREMIUM_INCOME":null,"PREMIUM_INCOME_YOY":null,"NET_INTEREST_INCOME":null,"NET_INTEREST_INCOME_YOY":null,"FEE_COMMISSION_INCOME":null,"FEE_COMMISSION_INCOME_YOY":null,"ACCOUNTS_RECE_TDAYS":1.74070644962,"INVENTORY_TDAYS":0.820914023193,"CURRENT_ASSETS_TDAYS":0.396330546071,"TOTAL_ASSETS_TDAYS":0.303715603051,"PREMIUM_EXPENSE":null,"LOAN_DEPOSIT":null,"LOAN_EQUITY":null,"LOAN_ASSETS":null,"DEPOSIT_EQUITY":null,"DEPOSIT_ASSETS":null,"EQUITY_MULTIPLIER":3.866853134436,"EQUITY_RATIO":2.870204896393},{"SECUCODE":"03348.HK","SECURITY_CODE":"03348","SECURITY_NAME_ABBR":"中国鹏飞集团","ORG_CODE":"10000008618","STD_REPORT_DATE":"2021-12-31 00:00:00","REPORT_DATE":"2021-12-31 00:00:00","DATE_TYPE_CODE":"001","REPORT_TYPE":"2021年年报","PER_NETCASH_OPERATE":0.40986,"PER_OI":3.650248,"BPS":1.429282,"BASIC_EPS":0.2185,"DILUTED_EPS":null,"OPERATE_INCOME":1825124000,"OPERATE_INCOME_YOY":15.9229155459,"GROSS_PROFIT":303044000,"GROSS_PROFIT_YOY":-1.799115996319,"HOLDER_PROFIT":109233000,"HOLDER_PROFIT_YOY":-17.2082130108,"GROSS_PROFIT_RATIO":16.60402252121,"EPS_TTM":0.218466,"OPERATE_INCOME_QOQ":9.805341892555,"NET_PROFIT_RATIO":6.0436989487,"ROE_AVG":16.063097726626,"GROSS_PROFIT_QOQ":-1.541000757017,"ROA":4.028131612995,"HOLDER_PROFIT_QOQ":-20.476849155504,"ROE_YEARLY":16.063097726626,"ROIC_YEARLY":4.916040758408,"TOTAL_ASSETS":2783750000,"TOTAL_LIABILITIES":2068054000,"TAX_EBT":15.100366368031,"OCF_SALES":11.228278188222,"TOTAL_PARENT_EQUITY":714641000,"DEBT_ASSET_RATIO":74.2902200269,"OPERATE_PROFIT":129928000,"PRETAX_PROFIT":129924000,"NETCASH_OPERATE":204930000,"NETCASH_INVEST":-198000000,"NETCASH_FINANCE":-40019000,"END_CASH":393732000,"DIVI_RATIO":0.391995962759,"DIVIDEND_RATE":9.086538461538,"CURRENT_RATIO":1.046512753379,"COMMON_ACS":10000000000,"CURRENTDEBT_DEBT":98.916856136252,"ISSUED_COMMON_SHARES":500000000,"HK_COMMON_SHARES":500000000,"PER_SHARES":2000,"TOTAL_MARKET_CAP":520000000,"HKSK_MARKET_CAP":520000000,"PE_TTM":4.240918807475,"PB_TTM":0.528395930428,"REPORT_DATE_SQ":"2020-12-31 00:00:00","REPORT_TYPE_SQ":"2020年年报","OPERATE_INCOME_SQ":1574429000,"DPS_HKD":0.0945,"OPERATE_INCOME_QOQ_SQ":2.47366773343,"NET_PROFIT_RATIO_SQ":8.384881122,"HOLDER_PROFIT_SQ":131937000,"HOLDER_PROFIT_QOQ_SQ":44.001440702015,"ROE_AVG_SQ":22.288933244022,"PE_TTM_SQ":4.293786136538,"PB_TTM_SQ":0.643667961429,"ROA_SQ":5.207241600942,"START_DATE":"2021-01-01 00:00:00","FISCAL_YEAR":"12-31","CURRENCY":"HKD","IS_CNY_CODE":0,"DPS_HKD_LY":0.09474,"ORG_TYPE":"一般企业","PREMIUM_INCOME":null,"PREMIUM_INCOME_YOY":null,"NET_INTEREST_INCOME":null,"NET_INTEREST_INCOME_YOY":null,"FEE_COMMISSION_INCOME":null,"FEE_COMMISSION_INCOME_YOY":null,"ACCOUNTS_RECE_TDAYS":4.138462410576,"INVENTORY_TDAYS":2.020651513019,"CURRENT_ASSETS_TDAYS":0.865504929723,"TOTAL_ASSETS_TDAYS":0.673042000315,"PREMIUM_EXPENSE":null,"LOAN_DEPOSIT":null,"LOAN_EQUITY":null,"LOAN_ASSETS":null,"DEPOSIT_EQUITY":null,"DEPOSIT_ASSETS":null,"EQUITY_MULTIPLIER":3.889570432132,"EQUITY_RATIO":2.893836205871},{"SECUCODE":"03348.HK","SECURITY_CODE":"03348","SECURITY_NAME_ABBR":"中国鹏飞集团","ORG_CODE":"10000008618","STD_REPORT_DATE":"2021-06-30 00:00:00","REPORT_DATE":"2021-06-30 00:00:00","DATE_TYPE_CODE":"002","REPORT_TYPE":"2021年中报","PER_NETCASH_OPERATE":0.042614,"PER_OI":1.70496,"BPS":1.319212,"BASIC_EPS":0.1084,"DILUTED_EPS":null,"OPERATE_INCOME":852480000,"OPERATE_INCOME_YOY":11.4696821503,"GROSS_PROFIT":127897000,"GROSS_PROFIT_YOY":-0.628564324895,"HOLDER_PROFIT":54198000,"HOLDER_PROFIT_YOY":11.1184008201,"GROSS_PROFIT_RATIO":15.00293262012,"EPS_TTM":0.27472,"OPERATE_INCOME_QOQ":5.571289654853,"NET_PROFIT_RATIO":6.3170983483,"ROE_AVG":8.306117788775,"GROSS_PROFIT_QOQ":-0.262155050616,"ROA":2.023389302148,"HOLDER_PROFIT_QOQ":4.110295065069,"ROE_YEARLY":16.612235577549,"ROIC_YEARLY":5.066372394917,"TOTAL_ASSETS":2717393000,"TOTAL_LIABILITIES":2058150000,"TAX_EBT":14.570807620921,"OCF_SALES":2.499413475976,"TOTAL_PARENT_EQUITY":659606000,"DEBT_ASSET_RATIO":75.7398727383,"OPERATE_PROFIT":63039000,"PRETAX_PROFIT":63037000,"NETCASH_OPERATE":21307000,"NETCASH_INVEST":-110583000,"NETCASH_FINANCE":-9000,"END_CASH":343697000,"DIVI_RATIO":0.311727540769,"DIVIDEND_RATE":9.086538461538,"CURRENT_RATIO":1.041980462693,"COMMON_ACS":10000000000,"CURRENTDEBT_DEBT":98.366834292933,"ISSUED_COMMON_SHARES":500000000,"HK_COMMON_SHARES":500000000,"PER_SHARES":2000,"TOTAL_MARKET_CAP":520000000,"HKSK_MARKET_CAP":520000000,"PE_TTM":4.240918807475,"PB_TTM":0.528395930428,"REPORT_DATE_SQ":"2020-06-30 00:00:00","REPORT_TYPE_SQ":"2020年中报","OPERATE_INCOME_SQ":764764000,"DPS_HKD":0.0945,"OPERATE_INCOME_QOQ_SQ":4.842084145363,"NET_PROFIT_RATIO_SQ":6.2747461962,"HOLDER_PROFIT_SQ":48775000,"HOLDER_PROFIT_QOQ_SQ":16.072718059163,"ROE_AVG_SQ":8.862405141376,"PE_TTM_SQ":4.293786136538,"PB_TTM_SQ":0.643667961429,"ROA_SQ":1.945071034473,"START_DATE":"2021-01-01 00:00:00","FISCAL_YEAR":"12-31","CURRENCY":"HKD","IS_CNY_CODE":0,"DPS_HKD_LY":0.09474,"ORG_TYPE":"一般企业","PREMIUM_INCOME":null,"PREMIUM_INCOME_YOY":null,"NET_INTEREST_INCOME":null,"NET_INTEREST_INCOME_YOY":null,"FEE_COMMISSION_INCOME":null,"FEE_COMMISSION_INCOME_YOY":null,"ACCOUNTS_RECE_TDAYS":1.805273640375,"INVENTORY_TDAYS":1.050297622715,"CURRENT_ASSETS_TDAYS":0.407280774487,"TOTAL_ASSETS_TDAYS":0.318258775655,"PREMIUM_EXPENSE":null,"LOAN_DEPOSIT":null,"LOAN_EQUITY":null,"LOAN_ASSETS":null,"DEPOSIT_EQUITY":null,"DEPOSIT_ASSETS":null,"EQUITY_MULTIPLIER":4.121989918737,"EQUITY_RATIO":3.120271798619},{"SECUCODE":"03348.HK","SECURITY_CODE":"03348","SECURITY_NAME_ABBR":"中国鹏飞集团","ORG_CODE":"10000008618","STD_REPORT_DATE":"2020-12-31 00:00:00","REPORT_DATE":"2020-12-31 00:00:00","DATE_TYPE_CODE":"001","REPORT_TYPE":"2020年年报","PER_NETCASH_OPERATE":0.385262,"PER_OI":3.148858,"BPS":1.290816,"BASIC_EPS":0.2639,"DILUTED_EPS":null,"OPERATE_INCOME":1574429000,"OPERATE_INCOME_YOY":7.4355289519,"GROSS_PROFIT":308596000,"GROSS_PROFIT_YOY":-2.279333996213,"HOLDER_PROFIT":131937000,"HOLDER_PROFIT_YOY":67.1463862672,"GROSS_PROFIT_RATIO":19.600502785454,"EPS_TTM":0.263874,"OPERATE_INCOME_QOQ":2.47366773343,"NET_PROFIT_RATIO":8.384881122,"ROE_AVG":22.288933244022,"GROSS_PROFIT_QOQ":2.958339032926,"ROA":5.207241600942,"HOLDER_PROFIT_QOQ":44.001440702015,"ROE_YEARLY":22.288933244022,"ROIC_YEARLY":6.602934604238,"TOTAL_ASSETS":2639757000,"TOTAL_LIABILITIES":1994366000,"TAX_EBT":15.443936307854,"OCF_SALES":12.234975346618,"TOTAL_PARENT_EQUITY":645408000,"DEBT_ASSET_RATIO":75.5511208039,"OPERATE_PROFIT":156130000,"PRETAX_PROFIT":156126000,"NETCASH_OPERATE":192631000,"NETCASH_INVEST":-211847000,"NETCASH_FINANCE":-26831000,"END_CASH":434795000,"DIVI_RATIO":0.324540462493,"DIVIDEND_RATE":9.086538461538,"CURRENT_RATIO":1.050612860664,"COMMON_ACS":10000000000,"CURRENTDEBT_DEBT":99.110795109824,"ISSUED_COMMON_SHARES":500000000,"HK_COMMON_SHARES":500000000,"PER_SHARES":2000,"TOTAL_MARKET_CAP":520000000,"HKSK_MARKET_CAP":520000000,"PE_TTM":4.240918807475,"PB_TTM":0.528395930428,"REPORT_DATE_SQ":"2019-12-31 00:00:00","REPORT_TYPE_SQ":"2019年年报","OPERATE_INCOME_SQ":1465464000,"DPS_HKD":0.0945,"OPERATE_INCOME_QOQ_SQ":44.210052932442,"NET_PROFIT_RATIO_SQ":5.452539264,"HOLDER_PROFIT_SQ":78935000,"HOLDER_PROFIT_QOQ_SQ":8.866852398422,"ROE_AVG_SQ":18.896584083635,"PE_TTM_SQ":4.293786136538,"PB_TTM_SQ":0.643667961429,"ROA_SQ":3.834265122663,"START_DATE":"2020-01-01 00:00:00","FISCAL_YEAR":"12-31","CURRENCY":"HKD","IS_CNY_CODE":0,"DPS_HKD_LY":0.05472,"ORG_TYPE":"一般企业","PREMIUM_INCOME":null,"PREMIUM_INCOME_YOY":null,"NET_INTEREST_INCOME":null,"NET_INTEREST_INCOME_YOY":null,"FEE_COMMISSION_INCOME":null,"FEE_COMMISSION_INCOME_YOY":null,"ACCOUNTS_RECE_TDAYS":2.651359546125,"INVENTORY_TDAYS":1.849659535917,"CURRENT_ASSETS_TDAYS":0.740786450031,"TOTAL_ASSETS_TDAYS":0.621389919926,"PREMIUM_EXPENSE":null,"LOAN_DEPOSIT":null,"LOAN_EQUITY":null,"LOAN_ASSETS":null,"DEPOSIT_EQUITY":null,"DEPOSIT_ASSETS":null,"EQUITY_MULTIPLIER":4.09016704602,"EQUITY_RATIO":3.090085651247},{"SECUCODE":"03348.HK","SECURITY_CODE":"03348","SECURITY_NAME_ABBR":"中国鹏飞集团","ORG_CODE":"10000008618","STD_REPORT_DATE":"2020-06-30 00:00:00","REPORT_DATE":"2020-06-30 00:00:00","DATE_TYPE_CODE":"002","REPORT_TYPE":"2020年中报","PER_NETCASH_OPERATE":0.279322,"PER_OI":1.529528,"BPS":1.124492,"BASIC_EPS":0.0976,"DILUTED_EPS":null,"OPERATE_INCOME":764764000,"OPERATE_INCOME_YOY":10.2275134944,"GROSS_PROFIT":128706000,"GROSS_PROFIT_YOY":-11.096835692231,"HOLDER_PROFIT":48775000,"HOLDER_PROFIT_YOY":35.1557304367,"GROSS_PROFIT_RATIO":16.829505572961,"EPS_TTM":0.183244,"OPERATE_INCOME_QOQ":4.842084145363,"NET_PROFIT_RATIO":6.2747461962,"ROE_AVG":8.862405141376,"GROSS_PROFIT_QOQ":-5.087177083795,"ROA":1.945071034473,"HOLDER_PROFIT_QOQ":16.072718059163,"ROE_YEARLY":17.724810282752,"ROIC_YEARLY":4.924562815689,"TOTAL_ASSETS":2587555000,"TOTAL_LIABILITIES":2026191000,"TAX_EBT":15.57975476312,"OCF_SALES":18.261973628466,"TOTAL_PARENT_EQUITY":562246000,"DEBT_ASSET_RATIO":78.3052340916,"OPERATE_PROFIT":56845000,"PRETAX_PROFIT":56843000,"NETCASH_OPERATE":139661000,"NETCASH_INVEST":-207478000,"NETCASH_FINANCE":-1821000,"END_CASH":417999000,"DIVI_RATIO":0.467342941652,"DIVIDEND_RATE":9.086538461538,"CURRENT_RATIO":1.146728933056,"COMMON_ACS":10000000000,"CURRENTDEBT_DEBT":99.584984831144,"ISSUED_COMMON_SHARES":500000000,"HK_COMMON_SHARES":500000000,"PER_SHARES":2000,"TOTAL_MARKET_CAP":520000000,"HKSK_MARKET_CAP":520000000,"PE_TTM":4.240918807475,"PB_TTM":0.528395930428,"REPORT_DATE_SQ":"2019-06-30 00:00:00","REPORT_TYPE_SQ":"2019年中报","OPERATE_INCOME_SQ":693805000,"DPS_HKD":0.0945,"OPERATE_INCOME_QOQ_SQ":0,"NET_PROFIT_RATIO_SQ":5.2053530891,"HOLDER_PROFIT_SQ":36088000,"HOLDER_PROFIT_QOQ_SQ":0,"ROE_AVG_SQ":null,"PE_TTM_SQ":4.293786136538,"PB_TTM_SQ":0.643667961429,"ROA_SQ":null,"START_DATE":"2020-01-01 00:00:00","FISCAL_YEAR":"12-31","CURRENCY":"HKD","IS_CNY_CODE":0,"DPS_HKD_LY":0.05472,"ORG_TYPE":"一般企业","PREMIUM_INCOME":null,"PREMIUM_INCOME_YOY":null,"NET_INTEREST_INCOME":null,"NET_INTEREST_INCOME_YOY":null,"FEE_COMMISSION_INCOME":null,"FEE_COMMISSION_INCOME_YOY":null,"ACCOUNTS_RECE_TDAYS":1.021806603843,"INVENTORY_TDAYS":0.952036551278,"CURRENT_ASSETS_TDAYS":0.340813793626,"TOTAL_ASSETS_TDAYS":0.304975972241,"PREMIUM_EXPENSE":null,"LOAN_DEPOSIT":null,"LOAN_EQUITY":null,"LOAN_ASSETS":null,"DEPOSIT_EQUITY":null,"DEPOSIT_ASSETS":null,"EQUITY_MULTIPLIER":4.60940673074,"EQUITY_RATIO":3.603744624239}],"count":14},"success":true,"message":"ok","code":0}