{"version":"f34b291d97ef13c09a4ff146249ac44f","result":{"pages":3,"data":[{"SECUCODE":"03347.HK","SECURITY_CODE":"03347","SECURITY_NAME_ABBR":"泰格医药","ORG_CODE":"10181893","STD_REPORT_DATE":"2024-09-30 00:00:00","REPORT_DATE":"2024-09-30 00:00:00","DATE_TYPE_CODE":"004","REPORT_TYPE":"2024年三季报","PER_NETCASH_OPERATE":0.669137599649,"PER_OI":5.858863215289,"BPS":24.354010665339,"BASIC_EPS":0.94,"DILUTED_EPS":0.94,"OPERATE_INCOME":5067615359.89,"OPERATE_INCOME_YOY":-10.3152792474,"GROSS_PROFIT":1970281936.66,"GROSS_PROFIT_YOY":-13.567362399986,"HOLDER_PROFIT":813428915.46,"HOLDER_PROFIT_YOY":-56.7233986892,"GROSS_PROFIT_RATIO":38.879863540053,"EPS_TTM":1.110275822873,"OPERATE_INCOME_QOQ":-3.274672954618,"NET_PROFIT_RATIO":17.8217053352,"ROE_AVG":3.865028568224,"GROSS_PROFIT_QOQ":-6.03289798862,"ROA":2.7133591417,"HOLDER_PROFIT_QOQ":-15.091469099678,"ROE_YEARLY":5.153371424299,"ROIC_YEARLY":3.710857653625,"TOTAL_ASSETS":30276592021.3,"TOTAL_LIABILITIES":5857792870.1,"TAX_EBT":16.919825361855,"OCF_SALES":11.420945925197,"TOTAL_PARENT_EQUITY":21064966698.75,"DEBT_ASSET_RATIO":19.3475965392,"OPERATE_PROFIT":1118436051.33,"PRETAX_PROFIT":1087064971.75,"NETCASH_OPERATE":578769609.95,"NETCASH_INVEST":-5723116899.53,"NETCASH_FINANCE":-272001685.95,"END_CASH":1961886856.08,"DIVI_RATIO":0.509030361066,"DIVIDEND_RATE":1.979841269841,"CURRENT_RATIO":1.365415826839,"COMMON_ACS":null,"CURRENTDEBT_DEBT":81.861169610597,"ISSUED_COMMON_SHARES":864948570,"HK_COMMON_SHARES":123124800,"PER_SHARES":100,"TOTAL_MARKET_CAP":27245879955,"HKSK_MARKET_CAP":3878431200,"PE_TTM":24.998269964311,"PB_TTM":1.166394537243,"REPORT_DATE_SQ":"2023-09-30 00:00:00","REPORT_TYPE_SQ":"2023年三季报","OPERATE_INCOME_SQ":5650477938.01,"DPS_HKD":0.62365,"OPERATE_INCOME_QOQ_SQ":1.77473072371,"NET_PROFIT_RATIO_SQ":35.8880610452,"HOLDER_PROFIT_SQ":1879604430.16,"HOLDER_PROFIT_QOQ_SQ":3.553245415538,"ROE_AVG_SQ":9.239036124889,"PE_TTM_SQ":8.944445780446,"PB_TTM_SQ":0.986447193945,"ROA_SQ":6.535599563506,"START_DATE":"2024-01-01 00:00:00","FISCAL_YEAR":"12-31","CURRENCY":"HKD","IS_CNY_CODE":0,"DPS_HKD_LY":0.62365,"ORG_TYPE":"一般企业","PREMIUM_INCOME":null,"PREMIUM_INCOME_YOY":null,"NET_INTEREST_INCOME":null,"NET_INTEREST_INCOME_YOY":null,"FEE_COMMISSION_INCOME":null,"FEE_COMMISSION_INCOME_YOY":null,"ACCOUNTS_RECE_TDAYS":4.044653057871,"INVENTORY_TDAYS":135.865462500407,"CURRENT_ASSETS_TDAYS":0.56654558351,"TOTAL_ASSETS_TDAYS":0.169040713971,"PREMIUM_EXPENSE":null,"LOAN_DEPOSIT":null,"LOAN_EQUITY":null,"LOAN_ASSETS":null,"DEPOSIT_EQUITY":null,"DEPOSIT_ASSETS":null,"EQUITY_MULTIPLIER":1.239888654386,"EQUITY_RATIO":0.278082227894},{"SECUCODE":"03347.HK","SECURITY_CODE":"03347","SECURITY_NAME_ABBR":"泰格医药","ORG_CODE":"10181893","STD_REPORT_DATE":"2024-06-30 00:00:00","REPORT_DATE":"2024-06-30 00:00:00","DATE_TYPE_CODE":"002","REPORT_TYPE":"2024年中报","PER_NETCASH_OPERATE":0.20501610253,"PER_OI":3.882594110064,"BPS":24.00740208882,"BASIC_EPS":0.57,"DILUTED_EPS":0.57,"OPERATE_INCOME":3358244223.39,"OPERATE_INCOME_YOY":-9.5020308795,"GROSS_PROFIT":1333047589.69,"GROSS_PROFIT_YOY":-9.995316792479,"HOLDER_PROFIT":492848850.97,"HOLDER_PROFIT_YOY":-64.5007769173,"GROSS_PROFIT_RATIO":39.69477801541,"EPS_TTM":1.307613983072,"OPERATE_INCOME_QOQ":-2.876360916746,"NET_PROFIT_RATIO":16.6032800723,"ROE_AVG":2.358583102741,"GROSS_PROFIT_QOQ":-2.218612846853,"ROA":1.640154427495,"HOLDER_PROFIT_QOQ":-33.199286939161,"ROE_YEARLY":4.717166205481,"ROIC_YEARLY":4.603101921344,"TOTAL_ASSETS":30417116409.84,"TOTAL_LIABILITIES":6349640259.95,"TAX_EBT":19.202403999983,"OCF_SALES":5.280389778531,"TOTAL_PARENT_EQUITY":20765168106.14,"DEBT_ASSET_RATIO":20.8752209591,"OPERATE_PROFIT":673984443.74,"PRETAX_PROFIT":690093172.97,"NETCASH_OPERATE":177328384.71,"NETCASH_INVEST":-4621810702.7,"NETCASH_FINANCE":206210010.51,"END_CASH":3163142928.55,"DIVI_RATIO":0.432210201418,"DIVIDEND_RATE":1.786962750716,"CURRENT_RATIO":1.433990739102,"COMMON_ACS":null,"CURRENTDEBT_DEBT":83.979809639672,"ISSUED_COMMON_SHARES":864948570,"HK_COMMON_SHARES":123124800,"PER_SHARES":100,"TOTAL_MARKET_CAP":30186705093,"HKSK_MARKET_CAP":4297055520,"PE_TTM":27.696495928713,"PB_TTM":1.292291090469,"REPORT_DATE_SQ":"2023-06-30 00:00:00","REPORT_TYPE_SQ":"2023年中报","OPERATE_INCOME_SQ":3710850371.59,"DPS_HKD":0.62365,"OPERATE_INCOME_QOQ_SQ":1.837177795831,"NET_PROFIT_RATIO_SQ":37.9452147082,"HOLDER_PROFIT_SQ":1388337006.2,"HOLDER_PROFIT_QOQ_SQ":7.080634319771,"ROE_AVG_SQ":6.895666767825,"PE_TTM_SQ":12.063799703877,"PB_TTM_SQ":1.330468276996,"ROA_SQ":4.861704000574,"START_DATE":"2024-01-01 00:00:00","FISCAL_YEAR":"12-31","CURRENCY":"HKD","IS_CNY_CODE":0,"DPS_HKD_LY":0.62365,"ORG_TYPE":"一般企业","PREMIUM_INCOME":null,"PREMIUM_INCOME_YOY":null,"NET_INTEREST_INCOME":null,"NET_INTEREST_INCOME_YOY":null,"FEE_COMMISSION_INCOME":null,"FEE_COMMISSION_INCOME_YOY":null,"ACCOUNTS_RECE_TDAYS":2.575862469819,"INVENTORY_TDAYS":88.951323499025,"CURRENT_ASSETS_TDAYS":0.35371091332,"TOTAL_ASSETS_TDAYS":0.111759195964,"PREMIUM_EXPENSE":null,"LOAN_DEPOSIT":null,"LOAN_EQUITY":null,"LOAN_ASSETS":null,"DEPOSIT_EQUITY":null,"DEPOSIT_ASSETS":null,"EQUITY_MULTIPLIER":1.263826594047,"EQUITY_RATIO":0.305783234092},{"SECUCODE":"03347.HK","SECURITY_CODE":"03347","SECURITY_NAME_ABBR":"泰格医药","ORG_CODE":"10181893","STD_REPORT_DATE":"2024-03-31 00:00:00","REPORT_DATE":"2024-03-31 00:00:00","DATE_TYPE_CODE":"003","REPORT_TYPE":"2024年一季报","PER_NETCASH_OPERATE":0.165292811136,"PER_OI":1.902991344495,"BPS":24.431313398264,"BASIC_EPS":0.27,"DILUTED_EPS":0.27,"OPERATE_INCOME":1660204321.44,"OPERATE_INCOME_YOY":-8.0000744674,"GROSS_PROFIT":628123651.29,"GROSS_PROFIT_YOY":-12.214686025435,"HOLDER_PROFIT":235072002.7,"HOLDER_PROFIT_YOY":-58.6472167022,"GROSS_PROFIT_RATIO":37.834117354013,"EPS_TTM":1.940725068569,"OPERATE_INCOME_QOQ":-1.955123122183,"NET_PROFIT_RATIO":18.827223213,"ROE_AVG":1.115179245289,"GROSS_PROFIT_QOQ":-3.098522784908,"ROA":0.786839664708,"HOLDER_PROFIT_QOQ":-16.451119594948,"ROE_YEARLY":4.460716981157,"ROIC_YEARLY":4.93426769754,"TOTAL_ASSETS":30070185491.17,"TOTAL_LIABILITIES":5536893616.67,"TAX_EBT":13.74137677431,"OCF_SALES":8.685946555357,"TOTAL_PARENT_EQUITY":21131829587.05,"DEBT_ASSET_RATIO":18.4132339932,"OPERATE_PROFIT":340443846.2,"PRETAX_PROFIT":362364203.95,"NETCASH_OPERATE":144204460.07,"NETCASH_INVEST":-119716564.11,"NETCASH_FINANCE":2424771.97,"END_CASH":7421779976.61,"DIVI_RATIO":0.291212862735,"DIVIDEND_RATE":1.786962750716,"CURRENT_RATIO":2.612431520544,"COMMON_ACS":null,"CURRENTDEBT_DEBT":80.62127985032,"ISSUED_COMMON_SHARES":864948570,"HK_COMMON_SHARES":123124800,"PER_SHARES":100,"TOTAL_MARKET_CAP":30186705093,"HKSK_MARKET_CAP":4297055520,"PE_TTM":27.696495928713,"PB_TTM":1.292291090469,"REPORT_DATE_SQ":"2023-03-31 00:00:00","REPORT_TYPE_SQ":"2023年一季报","OPERATE_INCOME_SQ":1804571375.28,"DPS_HKD":0.62365,"OPERATE_INCOME_QOQ_SQ":-0.187532817649,"NET_PROFIT_RATIO_SQ":31.4936648146,"HOLDER_PROFIT_SQ":568455092.87,"HOLDER_PROFIT_QOQ_SQ":2.481952364135,"ROE_AVG_SQ":2.858464492761,"PE_TTM_SQ":12.063799703877,"PB_TTM_SQ":1.330468276996,"ROA_SQ":2.044117282902,"START_DATE":"2024-01-01 00:00:00","FISCAL_YEAR":"12-31","CURRENCY":"HKD","IS_CNY_CODE":0,"DPS_HKD_LY":0.62365,"ORG_TYPE":"一般企业","PREMIUM_INCOME":null,"PREMIUM_INCOME_YOY":null,"NET_INTEREST_INCOME":null,"NET_INTEREST_INCOME_YOY":null,"FEE_COMMISSION_INCOME":null,"FEE_COMMISSION_INCOME_YOY":null,"ACCOUNTS_RECE_TDAYS":1.34381966777,"INVENTORY_TDAYS":43.850793396534,"CURRENT_ASSETS_TDAYS":0.144342536401,"TOTAL_ASSETS_TDAYS":0.055570829219,"PREMIUM_EXPENSE":null,"LOAN_DEPOSIT":null,"LOAN_EQUITY":null,"LOAN_ASSETS":null,"DEPOSIT_EQUITY":null,"DEPOSIT_ASSETS":null,"EQUITY_MULTIPLIER":1.225688979897,"EQUITY_RATIO":0.262016764514},{"SECUCODE":"03347.HK","SECURITY_CODE":"03347","SECURITY_NAME_ABBR":"泰格医药","ORG_CODE":"10181893","STD_REPORT_DATE":"2023-12-31 00:00:00","REPORT_DATE":"2023-12-31 00:00:00","DATE_TYPE_CODE":"001","REPORT_TYPE":"2023年年报","PER_NETCASH_OPERATE":1.067481144536,"PER_OI":8.463875273031,"BPS":24.358837890211,"BASIC_EPS":2.34,"DILUTED_EPS":2.34,"OPERATE_INCOME":7384039000,"OPERATE_INCOME_YOY":4.21380597,"GROSS_PROFIT":2820661000,"GROSS_PROFIT_YOY":1.264322671718,"HOLDER_PROFIT":2026507000,"HOLDER_PROFIT_YOY":0.5168926326,"GROSS_PROFIT_RATIO":38.199432586962,"EPS_TTM":2.322861849446,"OPERATE_INCOME_QOQ":0.738191290817,"NET_PROFIT_RATIO":29.1383211817,"ROE_AVG":9.958855791622,"GROSS_PROFIT_QOQ":-2.615888838054,"ROA":7.094711870707,"HOLDER_PROFIT_QOQ":-11.546094250088,"ROE_YEARLY":9.958855791622,"ROIC_YEARLY":11.43551276205,"TOTAL_ASSETS":29680742349.17,"TOTAL_LIABILITIES":5227180203.91,"TAX_EBT":13.597591510049,"OCF_SALES":12.612203158732,"TOTAL_PARENT_EQUITY":21026774725.75,"DEBT_ASSET_RATIO":17.6113549449,"OPERATE_PROFIT":2504905000,"PRETAX_PROFIT":2490191000,"NETCASH_OPERATE":931290000,"NETCASH_INVEST":-1315076000,"NETCASH_FINANCE":-7807000,"END_CASH":7399941000,"DIVI_RATIO":0.243305086411,"DIVIDEND_RATE":2.103372681282,"CURRENT_RATIO":2.740450287129,"COMMON_ACS":null,"CURRENTDEBT_DEBT":79.177226155015,"ISSUED_COMMON_SHARES":864948570,"HK_COMMON_SHARES":123124800,"PER_SHARES":100,"TOTAL_MARKET_CAP":25645725100.5,"HKSK_MARKET_CAP":3650650320,"PE_TTM":23.530117601328,"PB_TTM":1.097892000928,"REPORT_DATE_SQ":"2022-12-31 00:00:00","REPORT_TYPE_SQ":"2022年年报","OPERATE_INCOME_SQ":7085471000,"DPS_HKD":0.62365,"OPERATE_INCOME_QOQ_SQ":-1.924975688394,"NET_PROFIT_RATIO_SQ":32.1963070627,"HOLDER_PROFIT_SQ":2016086000,"HOLDER_PROFIT_QOQ_SQ":-25.404953738927,"ROE_AVG_SQ":10.663198313171,"PE_TTM_SQ":10.995291730105,"PB_TTM_SQ":1.212626801034,"ROA_SQ":7.877230934637,"START_DATE":"2023-01-01 00:00:00","FISCAL_YEAR":"12-31","CURRENCY":"HKD","IS_CNY_CODE":0,"DPS_HKD_LY":0.61556,"ORG_TYPE":"一般企业","PREMIUM_INCOME":null,"PREMIUM_INCOME_YOY":null,"NET_INTEREST_INCOME":null,"NET_INTEREST_INCOME_YOY":null,"FEE_COMMISSION_INCOME":null,"FEE_COMMISSION_INCOME_YOY":null,"ACCOUNTS_RECE_TDAYS":6.034713556246,"INVENTORY_TDAYS":200.139379851761,"CURRENT_ASSETS_TDAYS":0.657904073388,"TOTAL_ASSETS_TDAYS":0.258511957507,"PREMIUM_EXPENSE":null,"LOAN_DEPOSIT":null,"LOAN_EQUITY":null,"LOAN_ASSETS":null,"DEPOSIT_EQUITY":null,"DEPOSIT_ASSETS":null,"EQUITY_MULTIPLIER":1.213759492381,"EQUITY_RATIO":0.248596385898},{"SECUCODE":"03347.HK","SECURITY_CODE":"03347","SECURITY_NAME_ABBR":"泰格医药","ORG_CODE":"10181893","STD_REPORT_DATE":"2023-09-30 00:00:00","REPORT_DATE":"2023-09-30 00:00:00","DATE_TYPE_CODE":"004","REPORT_TYPE":"2023年三季报","PER_NETCASH_OPERATE":0.771011501296,"PER_OI":6.476799553785,"BPS":24.348127423542,"BASIC_EPS":2.17,"DILUTED_EPS":2.17,"OPERATE_INCOME":5650477938.01,"OPERATE_INCOME_YOY":4.5219800651,"GROSS_PROFIT":2279557805.21,"GROSS_PROFIT_YOY":5.117850415369,"HOLDER_PROFIT":1879604430.16,"HOLDER_PROFIT_YOY":17.1342147416,"GROSS_PROFIT_RATIO":40.342743219573,"EPS_TTM":2.626070414589,"OPERATE_INCOME_QOQ":1.77473072371,"NET_PROFIT_RATIO":35.8880610452,"ROE_AVG":9.239036124889,"GROSS_PROFIT_QOQ":2.224549667925,"ROA":6.535599563506,"HOLDER_PROFIT_QOQ":3.553245415538,"ROE_YEARLY":12.318714833185,"ROIC_YEARLY":10.523810892251,"TOTAL_ASSETS":30072449412.86,"TOTAL_LIABILITIES":5521215888.56,"TAX_EBT":12.383937391707,"OCF_SALES":11.904205076799,"TOTAL_PARENT_EQUITY":21059877997.17,"DEBT_ASSET_RATIO":18.3597146104,"OPERATE_PROFIT":2208709992.14,"PRETAX_PROFIT":2314469415.05,"NETCASH_OPERATE":672644481.56,"NETCASH_INVEST":-1592504848.56,"NETCASH_FINANCE":474861241.52,"END_CASH":7359948816.68,"DIVI_RATIO":0.215212851819,"DIVIDEND_RATE":1.786962750716,"CURRENT_RATIO":2.683794167333,"COMMON_ACS":null,"CURRENTDEBT_DEBT":77.375855827007,"ISSUED_COMMON_SHARES":864948570,"HK_COMMON_SHARES":123124800,"PER_SHARES":100,"TOTAL_MARKET_CAP":30186705093,"HKSK_MARKET_CAP":4297055520,"PE_TTM":27.696495928713,"PB_TTM":1.292291090469,"REPORT_DATE_SQ":"2022-09-30 00:00:00","REPORT_TYPE_SQ":"2022年三季报","OPERATE_INCOME_SQ":5406018843.59,"DPS_HKD":0.62365,"OPERATE_INCOME_QOQ_SQ":7.008496506488,"NET_PROFIT_RATIO_SQ":32.7826162138,"HOLDER_PROFIT_SQ":1604658753.47,"HOLDER_PROFIT_QOQ_SQ":-3.858914475334,"ROE_AVG_SQ":8.586432176384,"PE_TTM_SQ":12.063799703877,"PB_TTM_SQ":1.330468276996,"ROA_SQ":6.30747463195,"START_DATE":"2023-01-01 00:00:00","FISCAL_YEAR":"12-31","CURRENCY":"HKD","IS_CNY_CODE":0,"DPS_HKD_LY":0.61556,"ORG_TYPE":"一般企业","PREMIUM_INCOME":null,"PREMIUM_INCOME_YOY":null,"NET_INTEREST_INCOME":null,"NET_INTEREST_INCOME_YOY":null,"FEE_COMMISSION_INCOME":null,"FEE_COMMISSION_INCOME_YOY":null,"ACCOUNTS_RECE_TDAYS":4.73946036262,"INVENTORY_TDAYS":136.356371377701,"CURRENT_ASSETS_TDAYS":0.500694483645,"TOTAL_ASSETS_TDAYS":0.19647358004,"PREMIUM_EXPENSE":null,"LOAN_DEPOSIT":null,"LOAN_EQUITY":null,"LOAN_ASSETS":null,"DEPOSIT_EQUITY":null,"DEPOSIT_ASSETS":null,"EQUITY_MULTIPLIER":1.22488547808,"EQUITY_RATIO":0.262167515372},{"SECUCODE":"03347.HK","SECURITY_CODE":"03347","SECURITY_NAME_ABBR":"泰格医药","ORG_CODE":"10181893","STD_REPORT_DATE":"2023-06-30 00:00:00","REPORT_DATE":"2023-06-30 00:00:00","DATE_TYPE_CODE":"002","REPORT_TYPE":"2023年中报","PER_NETCASH_OPERATE":0.289428847554,"PER_OI":4.25352232051,"BPS":23.860950484027,"BASIC_EPS":1.61,"DILUTED_EPS":1.61,"OPERATE_INCOME":3710850371.59,"OPERATE_INCOME_YOY":3.24524812,"GROSS_PROFIT":1481086919.24,"GROSS_PROFIT_YOY":4.424852307788,"HOLDER_PROFIT":1388337006.2,"HOLDER_PROFIT_YOY":16.4708339905,"GROSS_PROFIT_RATIO":39.513372946899,"EPS_TTM":2.535961479576,"OPERATE_INCOME_QOQ":1.837177795831,"NET_PROFIT_RATIO":37.9452147082,"ROE_AVG":6.895666767825,"GROSS_PROFIT_QOQ":1.369496962129,"ROA":4.861704000574,"HOLDER_PROFIT_QOQ":7.080634319771,"ROE_YEARLY":13.79133353565,"ROIC_YEARLY":15.969160775562,"TOTAL_ASSETS":29666675000,"TOTAL_LIABILITIES":5708826000,"TAX_EBT":11.947327424904,"OCF_SALES":6.804451810232,"TOTAL_PARENT_EQUITY":20638495000,"DEBT_ASSET_RATIO":19.2432283025,"OPERATE_PROFIT":1511050512.04,"PRETAX_PROFIT":1599145093,"NETCASH_OPERATE":375041255.34,"NETCASH_INVEST":-708559919.98,"NETCASH_FINANCE":621070202.92,"END_CASH":8096171691.12,"DIVI_RATIO":0.222859892609,"DIVIDEND_RATE":1.786962750716,"CURRENT_RATIO":2.584416770086,"COMMON_ACS":null,"CURRENTDEBT_DEBT":81.159418766661,"ISSUED_COMMON_SHARES":864948570,"HK_COMMON_SHARES":123124800,"PER_SHARES":100,"TOTAL_MARKET_CAP":30186705093,"HKSK_MARKET_CAP":4297055520,"PE_TTM":27.696495928713,"PB_TTM":1.292291090469,"REPORT_DATE_SQ":"2022-06-30 00:00:00","REPORT_TYPE_SQ":"2022年中报","OPERATE_INCOME_SQ":3594209000,"DPS_HKD":0.62365,"OPERATE_INCOME_QOQ_SQ":10.14647342416,"NET_PROFIT_RATIO_SQ":36.6596934124,"HOLDER_PROFIT_SQ":1192004000,"HOLDER_PROFIT_QOQ_SQ":-4.447482245428,"ROE_AVG_SQ":6.462320851798,"PE_TTM_SQ":12.063799703877,"PB_TTM_SQ":1.330468276996,"ROA_SQ":4.821598130731,"START_DATE":"2023-01-01 00:00:00","FISCAL_YEAR":"12-31","CURRENCY":"HKD","IS_CNY_CODE":0,"DPS_HKD_LY":0.61556,"ORG_TYPE":"一般企业","PREMIUM_INCOME":null,"PREMIUM_INCOME_YOY":null,"NET_INTEREST_INCOME":null,"NET_INTEREST_INCOME_YOY":null,"FEE_COMMISSION_INCOME":null,"FEE_COMMISSION_INCOME_YOY":null,"ACCOUNTS_RECE_TDAYS":2.871346253435,"INVENTORY_TDAYS":92.111293499672,"CURRENT_ASSETS_TDAYS":0.321572400953,"TOTAL_ASSETS_TDAYS":0.129947226722,"PREMIUM_EXPENSE":null,"LOAN_DEPOSIT":null,"LOAN_EQUITY":null,"LOAN_ASSETS":null,"DEPOSIT_EQUITY":null,"DEPOSIT_ASSETS":null,"EQUITY_MULTIPLIER":1.238286250156,"EQUITY_RATIO":0.276610576498},{"SECUCODE":"03347.HK","SECURITY_CODE":"03347","SECURITY_NAME_ABBR":"泰格医药","ORG_CODE":"10181893","STD_REPORT_DATE":"2023-03-31 00:00:00","REPORT_DATE":"2023-03-31 00:00:00","DATE_TYPE_CODE":"003","REPORT_TYPE":"2023年一季报","PER_NETCASH_OPERATE":0.032677239822,"PER_OI":2.068470526991,"BPS":23.290417595754,"BASIC_EPS":0.66,"DILUTED_EPS":0.66,"OPERATE_INCOME":1804571375.28,"OPERATE_INCOME_YOY":-0.7309468838,"GROSS_PROFIT":715522475.06,"GROSS_PROFIT_YOY":1.370682838451,"HOLDER_PROFIT":568455092.87,"HOLDER_PROFIT_YOY":9.6521359382,"GROSS_PROFIT_RATIO":39.650549978882,"EPS_TTM":2.368272746688,"OPERATE_INCOME_QOQ":-0.187532817649,"NET_PROFIT_RATIO":31.4936648146,"ROE_AVG":2.858464492761,"GROSS_PROFIT_QOQ":0.347338921551,"ROA":2.044117282902,"HOLDER_PROFIT_QOQ":2.481952364135,"ROE_YEARLY":11.433857971046,"ROIC_YEARLY":13.399273488555,"TOTAL_ASSETS":28172127699.99,"TOTAL_LIABILITIES":4853582844.27,"TAX_EBT":9.941409090076,"OCF_SALES":1.579777879142,"TOTAL_PARENT_EQUITY":20145013394.15,"DEBT_ASSET_RATIO":17.2283147938,"OPERATE_PROFIT":615101066.67,"PRETAX_PROFIT":631062128.03,"NETCASH_OPERATE":28508219.4,"NETCASH_INVEST":-547512821.57,"NETCASH_FINANCE":302161242.23,"END_CASH":7554786166.26,"DIVI_RATIO":0.238639786651,"DIVIDEND_RATE":1.786962750716,"CURRENT_RATIO":2.953721250905,"COMMON_ACS":null,"CURRENTDEBT_DEBT":78.2307641095,"ISSUED_COMMON_SHARES":864948570,"HK_COMMON_SHARES":123124800,"PER_SHARES":100,"TOTAL_MARKET_CAP":30186705093,"HKSK_MARKET_CAP":4297055520,"PE_TTM":27.696495928713,"PB_TTM":1.292291090469,"REPORT_DATE_SQ":"2022-03-31 00:00:00","REPORT_TYPE_SQ":"2022年一季报","OPERATE_INCOME_SQ":1817858958.69,"DPS_HKD":0.62365,"OPERATE_INCOME_QOQ_SQ":17.567937132711,"NET_PROFIT_RATIO_SQ":31.5739841007,"HOLDER_PROFIT_SQ":518416798.73,"HOLDER_PROFIT_QOQ_SQ":2.185979253232,"ROE_AVG_SQ":2.833619526143,"PE_TTM_SQ":12.063799703877,"PB_TTM_SQ":1.330468276996,"ROA_SQ":2.135844823221,"START_DATE":"2023-01-01 00:00:00","FISCAL_YEAR":"12-31","CURRENCY":"HKD","IS_CNY_CODE":0,"DPS_HKD_LY":0.61556,"ORG_TYPE":"一般企业","PREMIUM_INCOME":null,"PREMIUM_INCOME_YOY":null,"NET_INTEREST_INCOME":null,"NET_INTEREST_INCOME_YOY":null,"FEE_COMMISSION_INCOME":null,"FEE_COMMISSION_INCOME_YOY":null,"ACCOUNTS_RECE_TDAYS":1.590765077256,"INVENTORY_TDAYS":48.049212954101,"CURRENT_ASSETS_TDAYS":0.161696889306,"TOTAL_ASSETS_TDAYS":0.064890887296,"PREMIUM_EXPENSE":null,"LOAN_DEPOSIT":null,"LOAN_EQUITY":null,"LOAN_ASSETS":null,"DEPOSIT_EQUITY":null,"DEPOSIT_ASSETS":null,"EQUITY_MULTIPLIER":1.208142612427,"EQUITY_RATIO":0.240932222248},{"SECUCODE":"03347.HK","SECURITY_CODE":"03347","SECURITY_NAME_ABBR":"泰格医药","ORG_CODE":"10181893","STD_REPORT_DATE":"2022-12-31 00:00:00","REPORT_DATE":"2022-12-31 00:00:00","DATE_TYPE_CODE":"001","REPORT_TYPE":"2022年年报","PER_NETCASH_OPERATE":1.299320640048,"PER_OI":8.121644914752,"BPS":22.693193191822,"BASIC_EPS":2.33,"DILUTED_EPS":2.33,"OPERATE_INCOME":7085471000,"OPERATE_INCOME_YOY":35.9052336436,"GROSS_PROFIT":2785444000,"GROSS_PROFIT_YOY":23.901147537629,"HOLDER_PROFIT":2016086000,"HOLDER_PROFIT_YOY":-29.9751067956,"GROSS_PROFIT_RATIO":39.312051379506,"EPS_TTM":2.310916890296,"OPERATE_INCOME_QOQ":-1.924975688394,"NET_PROFIT_RATIO":32.1963070627,"ROE_AVG":10.663198313171,"GROSS_PROFIT_QOQ":-1.538516987654,"ROA":7.877230934637,"HOLDER_PROFIT_QOQ":-25.404953738927,"ROE_YEARLY":10.663198313171,"ROIC_YEARLY":13.740775381507,"TOTAL_ASSETS":27446510000,"TOTAL_LIABILITIES":4765482000,"TAX_EBT":12.087192166825,"OCF_SALES":15.998244859093,"TOTAL_PARENT_EQUITY":19628445000,"DEBT_ASSET_RATIO":17.3627976745,"OPERATE_PROFIT":2638328000,"PRETAX_PROFIT":2594912000,"NETCASH_OPERATE":1133551000,"NETCASH_INVEST":-2565410000,"NETCASH_FINANCE":809249000,"END_CASH":7782741000,"DIVI_RATIO":0.244562712477,"DIVIDEND_RATE":2.103372681282,"CURRENT_RATIO":2.977597947645,"COMMON_ACS":null,"CURRENTDEBT_DEBT":78.262156902492,"ISSUED_COMMON_SHARES":864948570,"HK_COMMON_SHARES":123124800,"PER_SHARES":100,"TOTAL_MARKET_CAP":25645725100.5,"HKSK_MARKET_CAP":3650650320,"PE_TTM":23.530117601328,"PB_TTM":1.097892000928,"REPORT_DATE_SQ":"2021-12-31 00:00:00","REPORT_TYPE_SQ":"2021年年报","OPERATE_INCOME_SQ":5213538000,"DPS_HKD":0.62365,"OPERATE_INCOME_QOQ_SQ":21.617619953826,"NET_PROFIT_RATIO_SQ":65.1503451207,"HOLDER_PROFIT_SQ":2879099000,"HOLDER_PROFIT_QOQ_SQ":30.019598122081,"ROE_AVG_SQ":16.768542689893,"PE_TTM_SQ":10.995291730105,"PB_TTM_SQ":1.212626801034,"ROA_SQ":13.314604735859,"START_DATE":"2022-01-01 00:00:00","FISCAL_YEAR":"12-31","CURRENCY":"HKD","IS_CNY_CODE":0,"DPS_HKD_LY":0.579615,"ORG_TYPE":"一般企业","PREMIUM_INCOME":null,"PREMIUM_INCOME_YOY":null,"NET_INTEREST_INCOME":null,"NET_INTEREST_INCOME_YOY":null,"FEE_COMMISSION_INCOME":null,"FEE_COMMISSION_INCOME_YOY":null,"ACCOUNTS_RECE_TDAYS":6.627231105229,"INVENTORY_TDAYS":303.899572423054,"CURRENT_ASSETS_TDAYS":0.645452651088,"TOTAL_ASSETS_TDAYS":0.276842810017,"PREMIUM_EXPENSE":null,"LOAN_DEPOSIT":null,"LOAN_EQUITY":null,"LOAN_ASSETS":null,"DEPOSIT_EQUITY":null,"DEPOSIT_ASSETS":null,"EQUITY_MULTIPLIER":1.210108730522,"EQUITY_RATIO":0.242784489551},{"SECUCODE":"03347.HK","SECURITY_CODE":"03347","SECURITY_NAME_ABBR":"泰格医药","ORG_CODE":"10181893","STD_REPORT_DATE":"2022-09-30 00:00:00","REPORT_DATE":"2022-09-30 00:00:00","DATE_TYPE_CODE":"004","REPORT_TYPE":"2022年三季报","PER_NETCASH_OPERATE":0.946067097606,"PER_OI":6.196447871462,"BPS":22.187619535344,"BASIC_EPS":1.86,"DILUTED_EPS":1.86,"OPERATE_INCOME":5406018843.59,"OPERATE_INCOME_YOY":59.2340112897,"GROSS_PROFIT":2168573459.41,"GROSS_PROFIT_YOY":36.58384016122,"HOLDER_PROFIT":1604658753.47,"HOLDER_PROFIT_YOY":-9.9037851888,"GROSS_PROFIT_RATIO":40.114056612683,"EPS_TTM":3.097878007517,"OPERATE_INCOME_QOQ":7.008496506488,"NET_PROFIT_RATIO":32.7826162138,"ROE_AVG":8.586432176384,"GROSS_PROFIT_QOQ":4.794956881335,"ROA":6.30747463195,"HOLDER_PROFIT_QOQ":-3.858914475334,"ROE_YEARLY":11.448576235179,"ROIC_YEARLY":11.000236163714,"TOTAL_ASSETS":27140006778.09,"TOTAL_LIABILITIES":4945848302.81,"TAX_EBT":11.653368415116,"OCF_SALES":15.267894077888,"TOTAL_PARENT_EQUITY":19191149788.8,"DEBT_ASSET_RATIO":18.223460087,"OPERATE_PROFIT":1887089158.25,"PRETAX_PROFIT":2006001109.66,"NETCASH_OPERATE":825385230.87,"NETCASH_INVEST":-2410641100.18,"NETCASH_FINANCE":793767270.67,"END_CASH":7684266836.05,"DIVI_RATIO":0.182435880828,"DIVIDEND_RATE":1.786962750716,"CURRENT_RATIO":2.718705750455,"COMMON_ACS":null,"CURRENTDEBT_DEBT":82.06309640783,"ISSUED_COMMON_SHARES":864948570,"HK_COMMON_SHARES":123124800,"PER_SHARES":100,"TOTAL_MARKET_CAP":30186705093,"HKSK_MARKET_CAP":4297055520,"PE_TTM":27.696495928713,"PB_TTM":1.292291090469,"REPORT_DATE_SQ":"2021-09-30 00:00:00","REPORT_TYPE_SQ":"2021年三季报","OPERATE_INCOME_SQ":3395015172.83,"DPS_HKD":0.62365,"OPERATE_INCOME_QOQ_SQ":12.910501540565,"NET_PROFIT_RATIO_SQ":64.3803049899,"HOLDER_PROFIT_SQ":1781050132.72,"HOLDER_PROFIT_QOQ_SQ":10.753049765301,"ROE_AVG_SQ":10.685064247518,"PE_TTM_SQ":12.063799703877,"PB_TTM_SQ":1.330468276996,"ROA_SQ":8.591392708533,"START_DATE":"2022-01-01 00:00:00","FISCAL_YEAR":"12-31","CURRENCY":"HKD","IS_CNY_CODE":0,"DPS_HKD_LY":0.579615,"ORG_TYPE":"一般企业","PREMIUM_INCOME":null,"PREMIUM_INCOME_YOY":null,"NET_INTEREST_INCOME":null,"NET_INTEREST_INCOME_YOY":null,"FEE_COMMISSION_INCOME":null,"FEE_COMMISSION_INCOME_YOY":null,"ACCOUNTS_RECE_TDAYS":5.850810079846,"INVENTORY_TDAYS":157.202134375139,"CURRENT_ASSETS_TDAYS":0.494053560099,"TOTAL_ASSETS_TDAYS":0.212495813468,"PREMIUM_EXPENSE":null,"LOAN_DEPOSIT":null,"LOAN_EQUITY":null,"LOAN_ASSETS":null,"DEPOSIT_EQUITY":null,"DEPOSIT_ASSETS":null,"EQUITY_MULTIPLIER":1.222844597074,"EQUITY_RATIO":0.257715059141}],"count":25},"success":true,"message":"ok","code":0}