{"version":"6d875e53523ccc46641a4e7e3b273477","result":{"pages":4,"data":[{"SECUCODE":"03363.HK","SECURITY_CODE":"03363","SECURITY_NAME_ABBR":"正业国际","ORG_CODE":"10158418","STD_REPORT_DATE":"2024-06-30 00:00:00","REPORT_DATE":"2024-06-30 00:00:00","DATE_TYPE_CODE":"002","REPORT_TYPE":"2024年中报","PER_NETCASH_OPERATE":-0.59644,"PER_OI":2.32366,"BPS":2.208124,"BASIC_EPS":0.03,"DILUTED_EPS":null,"OPERATE_INCOME":1161830000,"OPERATE_INCOME_YOY":-0.266966539,"GROSS_PROFIT":163598000,"GROSS_PROFIT_YOY":24.214538441681,"HOLDER_PROFIT":15026000,"HOLDER_PROFIT_YOY":196.4255919913,"GROSS_PROFIT_RATIO":14.081061773237,"EPS_TTM":0.026112,"OPERATE_INCOME_QOQ":-0.130097380608,"NET_PROFIT_RATIO":1.5825895355,"ROE_AVG":1.370299001686,"GROSS_PROFIT_QOQ":11.812026844842,"ROA":0.500708025674,"HOLDER_PROFIT_QOQ":174.380447786703,"ROE_YEARLY":2.740598003372,"ROIC_YEARLY":1.212467206559,"TOTAL_ASSETS":3009453000,"TOTAL_LIABILITIES":1620428000,"TAX_EBT":4.423536750182,"OCF_SALES":-25.668127006533,"TOTAL_PARENT_EQUITY":1104062000,"DEBT_ASSET_RATIO":53.8446023247,"OPERATE_PROFIT":42373000,"PRETAX_PROFIT":19238000,"NETCASH_OPERATE":-298220000,"NETCASH_INVEST":-96428000,"NETCASH_FINANCE":364989000,"END_CASH":224256000,"DIVI_RATIO":0.381756280637,"DIVIDEND_RATE":2.894736842105,"CURRENT_RATIO":1.263729051009,"COMMON_ACS":1000000000,"CURRENTDEBT_DEBT":68.542014825713,"ISSUED_COMMON_SHARES":500000000,"HK_COMMON_SHARES":500000000,"PER_SHARES":2000,"TOTAL_MARKET_CAP":190000000,"HKSK_MARKET_CAP":190000000,"PE_TTM":13.575500186784,"PB_TTM":0.15706473006,"REPORT_DATE_SQ":"2023-06-30 00:00:00","REPORT_TYPE_SQ":"2023年中报","OPERATE_INCOME_SQ":1164940000,"DPS_HKD":0.011,"OPERATE_INCOME_QOQ_SQ":-13.59534990048,"NET_PROFIT_RATIO_SQ":-1.6692705204,"HOLDER_PROFIT_SQ":-15583000,"HOLDER_PROFIT_QOQ_SQ":-121.956028579303,"ROE_AVG_SQ":-1.409081763907,"PE_TTM_SQ":-18.263759509718,"PB_TTM_SQ":0.201506229818,"ROA_SQ":-0.533542052601,"START_DATE":"2024-01-01 00:00:00","FISCAL_YEAR":"12-31","CURRENCY":"HKD","IS_CNY_CODE":0,"DPS_HKD_LY":0.011,"ORG_TYPE":"一般企业","PREMIUM_INCOME":null,"PREMIUM_INCOME_YOY":null,"NET_INTEREST_INCOME":null,"NET_INTEREST_INCOME_YOY":null,"FEE_COMMISSION_INCOME":null,"FEE_COMMISSION_INCOME_YOY":null,"ACCOUNTS_RECE_TDAYS":1.313490915011,"INVENTORY_TDAYS":4.825582210405,"CURRENT_ASSETS_TDAYS":0.82954882577,"TOTAL_ASSETS_TDAYS":0.387154003373,"PREMIUM_EXPENSE":null,"LOAN_DEPOSIT":null,"LOAN_EQUITY":null,"LOAN_ASSETS":null,"DEPOSIT_EQUITY":null,"DEPOSIT_ASSETS":null,"EQUITY_MULTIPLIER":2.166593833802,"EQUITY_RATIO":1.467696560519},{"SECUCODE":"03363.HK","SECURITY_CODE":"03363","SECURITY_NAME_ABBR":"正业国际","ORG_CODE":"10158418","STD_REPORT_DATE":"2023-12-31 00:00:00","REPORT_DATE":"2023-12-31 00:00:00","DATE_TYPE_CODE":"001","REPORT_TYPE":"2023年年报","PER_NETCASH_OPERATE":0.595596,"PER_OI":4.781034,"BPS":2.178072,"BASIC_EPS":-0.04,"DILUTED_EPS":null,"OPERATE_INCOME":2390517000,"OPERATE_INCOME_YOY":-20.6850993561,"GROSS_PROFIT":269996000,"GROSS_PROFIT_YOY":-20.991425979575,"HOLDER_PROFIT":-17553000,"HOLDER_PROFIT_YOY":-137.2145779888,"GROSS_PROFIT_RATIO":11.294460570663,"EPS_TTM":-0.035106,"OPERATE_INCOME_QOQ":-8.205286923158,"NET_PROFIT_RATIO":-0.7045337891,"ROE_AVG":-1.593753192069,"GROSS_PROFIT_QOQ":7.461522234914,"ROA":-0.587438887932,"HOLDER_PROFIT_QOQ":-69.49594438007,"ROE_YEARLY":-1.593753192069,"ROIC_YEARLY":-0.720583215497,"TOTAL_ASSETS":2992448000,"TOTAL_LIABILITIES":1621810000,"TAX_EBT":4.729041746804,"OCF_SALES":12.457472588566,"TOTAL_PARENT_EQUITY":1089036000,"DEBT_ASSET_RATIO":54.1967646556,"OPERATE_PROFIT":34756000,"PRETAX_PROFIT":-17678000,"NETCASH_OPERATE":297798000,"NETCASH_INVEST":-150039000,"NETCASH_FINANCE":244887000,"END_CASH":253915000,"DIVI_RATIO":-0.283952030992,"DIVIDEND_RATE":2.682926829268,"CURRENT_RATIO":1.042240076129,"COMMON_ACS":1000000000,"CURRENTDEBT_DEBT":82.678180551359,"ISSUED_COMMON_SHARES":500000000,"HK_COMMON_SHARES":500000000,"PER_SHARES":2000,"TOTAL_MARKET_CAP":205000000,"HKSK_MARKET_CAP":205000000,"PE_TTM":14.64725020153,"PB_TTM":0.16946457717,"REPORT_DATE_SQ":"2022-12-31 00:00:00","REPORT_TYPE_SQ":"2022年年报","OPERATE_INCOME_SQ":3013957000,"DPS_HKD":0.011,"OPERATE_INCOME_QOQ_SQ":-14.457462699487,"NET_PROFIT_RATIO_SQ":2.2762103109,"HOLDER_PROFIT_SQ":47167000,"HOLDER_PROFIT_QOQ_SQ":-68.794162013391,"ROE_AVG_SQ":4.239328315382,"PE_TTM_SQ":-17.122274540361,"PB_TTM_SQ":0.188912090454,"ROA_SQ":1.567637282095,"START_DATE":"2023-01-01 00:00:00","FISCAL_YEAR":"12-31","CURRENCY":"HKD","IS_CNY_CODE":0,"DPS_HKD_LY":0.016,"ORG_TYPE":"一般企业","PREMIUM_INCOME":null,"PREMIUM_INCOME_YOY":null,"NET_INTEREST_INCOME":null,"NET_INTEREST_INCOME_YOY":null,"FEE_COMMISSION_INCOME":null,"FEE_COMMISSION_INCOME_YOY":null,"ACCOUNTS_RECE_TDAYS":2.916657160095,"INVENTORY_TDAYS":9.779625098868,"CURRENT_ASSETS_TDAYS":1.711954665213,"TOTAL_ASSETS_TDAYS":0.800024296737,"PREMIUM_EXPENSE":null,"LOAN_DEPOSIT":null,"LOAN_EQUITY":null,"LOAN_ASSETS":null,"DEPOSIT_EQUITY":null,"DEPOSIT_ASSETS":null,"EQUITY_MULTIPLIER":2.183251887079,"EQUITY_RATIO":1.489216150798},{"SECUCODE":"03363.HK","SECURITY_CODE":"03363","SECURITY_NAME_ABBR":"正业国际","ORG_CODE":"10158418","STD_REPORT_DATE":"2023-06-30 00:00:00","REPORT_DATE":"2023-06-30 00:00:00","DATE_TYPE_CODE":"002","REPORT_TYPE":"2023年中报","PER_NETCASH_OPERATE":0.21981,"PER_OI":2.32988,"BPS":2.196212,"BASIC_EPS":-0.03,"DILUTED_EPS":null,"OPERATE_INCOME":1164940000,"OPERATE_INCOME_YOY":-26.0213704469,"GROSS_PROFIT":131706000,"GROSS_PROFIT_YOY":-40.722904580376,"HOLDER_PROFIT":-15583000,"HOLDER_PROFIT_YOY":-137.1554601812,"GROSS_PROFIT_RATIO":11.305818325407,"EPS_TTM":-0.020712,"OPERATE_INCOME_QOQ":-13.59534990048,"NET_PROFIT_RATIO":-1.6692705204,"ROE_AVG":-1.409081763907,"GROSS_PROFIT_QOQ":-26.477335908466,"ROA":-0.533542052601,"HOLDER_PROFIT_QOQ":-121.956028579303,"ROE_YEARLY":-2.818163527813,"ROIC_YEARLY":-1.312898854215,"TOTAL_ASSETS":2857676000,"TOTAL_LIABILITIES":1474566000,"TAX_EBT":2.21261188776,"OCF_SALES":9.434391470805,"TOTAL_PARENT_EQUITY":1098106000,"DEBT_ASSET_RATIO":51.6001814061,"OPERATE_PROFIT":6214000,"PRETAX_PROFIT":-19886000,"NETCASH_OPERATE":109905000,"NETCASH_INVEST":-73318000,"NETCASH_FINANCE":-76461000,"END_CASH":239966000,"DIVI_RATIO":-0.481287176516,"DIVIDEND_RATE":2.682926829268,"CURRENT_RATIO":1.048386083136,"COMMON_ACS":1000000000,"CURRENTDEBT_DEBT":80.932355689742,"ISSUED_COMMON_SHARES":500000000,"HK_COMMON_SHARES":500000000,"PER_SHARES":2000,"TOTAL_MARKET_CAP":205000000,"HKSK_MARKET_CAP":205000000,"PE_TTM":14.64725020153,"PB_TTM":0.16946457717,"REPORT_DATE_SQ":"2022-06-30 00:00:00","REPORT_TYPE_SQ":"2022年中报","OPERATE_INCOME_SQ":1574698000,"DPS_HKD":0.011,"OPERATE_INCOME_QOQ_SQ":-0.97430894638,"NET_PROFIT_RATIO_SQ":3.5404883984,"HOLDER_PROFIT_SQ":41940000,"HOLDER_PROFIT_QOQ_SQ":-6.026448480176,"ROE_AVG_SQ":3.703337418719,"PE_TTM_SQ":-17.122274540361,"PB_TTM_SQ":0.188912090454,"ROA_SQ":1.369486380566,"START_DATE":"2023-01-01 00:00:00","FISCAL_YEAR":"12-31","CURRENCY":"HKD","IS_CNY_CODE":0,"DPS_HKD_LY":0.016,"ORG_TYPE":"一般企业","PREMIUM_INCOME":null,"PREMIUM_INCOME_YOY":null,"NET_INTEREST_INCOME":null,"NET_INTEREST_INCOME_YOY":null,"FEE_COMMISSION_INCOME":null,"FEE_COMMISSION_INCOME_YOY":null,"ACCOUNTS_RECE_TDAYS":1.549755019669,"INVENTORY_TDAYS":4.289093309201,"CURRENT_ASSETS_TDAYS":0.88041031501,"TOTAL_ASSETS_TDAYS":0.398860603707,"PREMIUM_EXPENSE":null,"LOAN_DEPOSIT":null,"LOAN_EQUITY":null,"LOAN_ASSETS":null,"DEPOSIT_EQUITY":null,"DEPOSIT_ASSETS":null,"EQUITY_MULTIPLIER":2.066123446434,"EQUITY_RATIO":1.342826648793},{"SECUCODE":"03363.HK","SECURITY_CODE":"03363","SECURITY_NAME_ABBR":"正业国际","ORG_CODE":"10158418","STD_REPORT_DATE":"2022-12-31 00:00:00","REPORT_DATE":"2022-12-31 00:00:00","DATE_TYPE_CODE":"001","REPORT_TYPE":"2022年年报","PER_NETCASH_OPERATE":0.297524,"PER_OI":6.027914,"BPS":2.227378,"BASIC_EPS":0.09,"DILUTED_EPS":null,"OPERATE_INCOME":3013957000,"OPERATE_INCOME_YOY":-15.2909112934,"GROSS_PROFIT":341730000,"GROSS_PROFIT_YOY":-49.520807359832,"HOLDER_PROFIT":47167000,"HOLDER_PROFIT_YOY":-70.6747657625,"GROSS_PROFIT_RATIO":11.338250678427,"EPS_TTM":0.094334,"OPERATE_INCOME_QOQ":-14.457462699487,"NET_PROFIT_RATIO":2.2762103109,"ROE_AVG":4.239328315382,"GROSS_PROFIT_QOQ":-42.660057855067,"ROA":1.567637282095,"HOLDER_PROFIT_QOQ":-68.794162013391,"ROE_YEARLY":4.239328315382,"ROIC_YEARLY":1.906171364672,"TOTAL_ASSETS":2983663000,"TOTAL_LIABILITIES":1581107000,"TAX_EBT":10.749736557951,"OCF_SALES":4.935770483786,"TOTAL_PARENT_EQUITY":1113689000,"DEBT_ASSET_RATIO":52.99214422,"OPERATE_PROFIT":136467000,"PRETAX_PROFIT":76867000,"NETCASH_OPERATE":148762000,"NETCASH_INVEST":-233722000,"NETCASH_FINANCE":135219000,"END_CASH":279840000,"DIVI_RATIO":0.105671550024,"DIVIDEND_RATE":2.682926829268,"CURRENT_RATIO":1.077483627827,"COMMON_ACS":1000000000,"CURRENTDEBT_DEBT":81.897050610743,"ISSUED_COMMON_SHARES":500000000,"HK_COMMON_SHARES":500000000,"PER_SHARES":2000,"TOTAL_MARKET_CAP":205000000,"HKSK_MARKET_CAP":205000000,"PE_TTM":14.64725020153,"PB_TTM":0.16946457717,"REPORT_DATE_SQ":"2021-12-31 00:00:00","REPORT_TYPE_SQ":"2021年年报","OPERATE_INCOME_SQ":3558009000,"DPS_HKD":0.011,"OPERATE_INCOME_QOQ_SQ":14.043026613498,"NET_PROFIT_RATIO_SQ":5.8537794592,"HOLDER_PROFIT_SQ":160841000,"HOLDER_PROFIT_QOQ_SQ":64.691486965247,"ROE_AVG_SQ":15.486305382767,"PE_TTM_SQ":-17.122274540361,"PB_TTM_SQ":0.188912090454,"ROA_SQ":5.627054615221,"START_DATE":"2022-01-01 00:00:00","FISCAL_YEAR":"12-31","CURRENCY":"HKD","IS_CNY_CODE":0,"DPS_HKD_LY":0.109197,"ORG_TYPE":"一般企业","PREMIUM_INCOME":null,"PREMIUM_INCOME_YOY":null,"NET_INTEREST_INCOME":null,"NET_INTEREST_INCOME_YOY":null,"FEE_COMMISSION_INCOME":null,"FEE_COMMISSION_INCOME_YOY":null,"ACCOUNTS_RECE_TDAYS":3.161345237671,"INVENTORY_TDAYS":11.833542941661,"CURRENT_ASSETS_TDAYS":1.971327051029,"TOTAL_ASSETS_TDAYS":1.001715470526,"PREMIUM_EXPENSE":null,"LOAN_DEPOSIT":null,"LOAN_EQUITY":null,"LOAN_ASSETS":null,"DEPOSIT_EQUITY":null,"DEPOSIT_ASSETS":null,"EQUITY_MULTIPLIER":2.127304007824,"EQUITY_RATIO":1.41970244835},{"SECUCODE":"03363.HK","SECURITY_CODE":"03363","SECURITY_NAME_ABBR":"正业国际","ORG_CODE":"10158418","STD_REPORT_DATE":"2022-06-30 00:00:00","REPORT_DATE":"2022-06-30 00:00:00","DATE_TYPE_CODE":"002","REPORT_TYPE":"2022年中报","PER_NETCASH_OPERATE":0.01087,"PER_OI":3.149396,"BPS":2.306924,"BASIC_EPS":0.08,"DILUTED_EPS":null,"OPERATE_INCOME":1574698000,"OPERATE_INCOME_YOY":-2.1540186061,"GROSS_PROFIT":222187000,"GROSS_PROFIT_YOY":-26.716185060705,"HOLDER_PROFIT":41940000,"HOLDER_PROFIT_YOY":-18.7728778107,"GROSS_PROFIT_RATIO":14.109816612455,"EPS_TTM":0.302296,"OPERATE_INCOME_QOQ":-0.97430894638,"NET_PROFIT_RATIO":3.5404883984,"ROE_AVG":3.703337418719,"GROSS_PROFIT_QOQ":-11.965044344522,"ROA":1.369486380566,"HOLDER_PROFIT_QOQ":-6.026448480176,"ROE_YEARLY":7.406674837438,"ROIC_YEARLY":3.293597216384,"TOTAL_ASSETS":3090996000,"TOTAL_LIABILITIES":1653292000,"TAX_EBT":14.206573925889,"OCF_SALES":0.345145545368,"TOTAL_PARENT_EQUITY":1153462000,"DEBT_ASSET_RATIO":53.487354885,"OPERATE_PROFIT":93716000,"PRETAX_PROFIT":64984000,"NETCASH_OPERATE":5435000,"NETCASH_INVEST":-97439000,"NETCASH_FINANCE":109575000,"END_CASH":247152000,"DIVI_RATIO":0.032975692699,"DIVIDEND_RATE":2.682926829268,"CURRENT_RATIO":1.172093913172,"COMMON_ACS":1000000000,"CURRENTDEBT_DEBT":78.399701928032,"ISSUED_COMMON_SHARES":500000000,"HK_COMMON_SHARES":500000000,"PER_SHARES":2000,"TOTAL_MARKET_CAP":205000000,"HKSK_MARKET_CAP":205000000,"PE_TTM":14.64725020153,"PB_TTM":0.16946457717,"REPORT_DATE_SQ":"2021-06-30 00:00:00","REPORT_TYPE_SQ":"2021年中报","OPERATE_INCOME_SQ":1609364000,"DPS_HKD":0.011,"OPERATE_INCOME_QOQ_SQ":25.143669919588,"NET_PROFIT_RATIO_SQ":4.2018461951,"HOLDER_PROFIT_SQ":51633000,"HOLDER_PROFIT_QOQ_SQ":78.306433944351,"ROE_AVG_SQ":5.207577427074,"PE_TTM_SQ":-17.122274540361,"PB_TTM_SQ":0.188912090454,"ROA_SQ":1.800467299252,"START_DATE":"2022-01-01 00:00:00","FISCAL_YEAR":"12-31","CURRENCY":"HKD","IS_CNY_CODE":0,"DPS_HKD_LY":0.109197,"ORG_TYPE":"一般企业","PREMIUM_INCOME":null,"PREMIUM_INCOME_YOY":null,"NET_INTEREST_INCOME":null,"NET_INTEREST_INCOME_YOY":null,"FEE_COMMISSION_INCOME":null,"FEE_COMMISSION_INCOME_YOY":null,"ACCOUNTS_RECE_TDAYS":1.564797526053,"INVENTORY_TDAYS":5.077345836704,"CURRENT_ASSETS_TDAYS":0.989808672575,"TOTAL_ASSETS_TDAYS":0.514193482237,"PREMIUM_EXPENSE":null,"LOAN_DEPOSIT":null,"LOAN_EQUITY":null,"LOAN_ASSETS":null,"DEPOSIT_EQUITY":null,"DEPOSIT_ASSETS":null,"EQUITY_MULTIPLIER":2.149952980587,"EQUITY_RATIO":1.433330270091},{"SECUCODE":"03363.HK","SECURITY_CODE":"03363","SECURITY_NAME_ABBR":"正业国际","ORG_CODE":"10158418","STD_REPORT_DATE":"2021-12-31 00:00:00","REPORT_DATE":"2021-12-31 00:00:00","DATE_TYPE_CODE":"001","REPORT_TYPE":"2021年年报","PER_NETCASH_OPERATE":-0.389968,"PER_OI":7.116018,"BPS":2.223044,"BASIC_EPS":0.32,"DILUTED_EPS":null,"OPERATE_INCOME":3558009000,"OPERATE_INCOME_YOY":42.7176287915,"GROSS_PROFIT":676972000,"GROSS_PROFIT_YOY":73.198418891433,"HOLDER_PROFIT":160841000,"HOLDER_PROFIT_YOY":193.6555174177,"GROSS_PROFIT_RATIO":19.026708476567,"EPS_TTM":0.321682,"OPERATE_INCOME_QOQ":14.043026613498,"NET_PROFIT_RATIO":5.8537794592,"ROE_AVG":15.486305382767,"GROSS_PROFIT_QOQ":22.207259086495,"ROA":5.627054615221,"HOLDER_PROFIT_QOQ":64.691486965247,"ROE_YEARLY":15.486305382767,"ROIC_YEARLY":6.691347896341,"TOTAL_ASSETS":3033928000,"TOTAL_LIABILITIES":1651976000,"TAX_EBT":12.236006000438,"OCF_SALES":-5.48014352971,"TOTAL_PARENT_EQUITY":1111522000,"DEBT_ASSET_RATIO":54.4500726451,"OPERATE_PROFIT":300147000,"PRETAX_PROFIT":237316000,"NETCASH_OPERATE":-194984000,"NETCASH_INVEST":-197434000,"NETCASH_FINANCE":436632000,"END_CASH":229581000,"DIVI_RATIO":0.030988429567,"DIVIDEND_RATE":2.682926829268,"CURRENT_RATIO":1.186738740642,"COMMON_ACS":1000000000,"CURRENTDEBT_DEBT":84.805590395986,"ISSUED_COMMON_SHARES":500000000,"HK_COMMON_SHARES":500000000,"PER_SHARES":2000,"TOTAL_MARKET_CAP":205000000,"HKSK_MARKET_CAP":205000000,"PE_TTM":14.64725020153,"PB_TTM":0.16946457717,"REPORT_DATE_SQ":"2020-12-31 00:00:00","REPORT_TYPE_SQ":"2020年年报","OPERATE_INCOME_SQ":2493041000,"DPS_HKD":0.011,"OPERATE_INCOME_QOQ_SQ":15.375939814828,"NET_PROFIT_RATIO_SQ":2.5093851244,"HOLDER_PROFIT_SQ":54772000,"HOLDER_PROFIT_QOQ_SQ":38.505500063219,"ROE_AVG_SQ":5.791106952352,"PE_TTM_SQ":-17.122274540361,"PB_TTM_SQ":0.188912090454,"ROA_SQ":2.144840568235,"START_DATE":"2021-01-01 00:00:00","FISCAL_YEAR":"12-31","CURRENCY":"HKD","IS_CNY_CODE":0,"DPS_HKD_LY":0.03525,"ORG_TYPE":"一般企业","PREMIUM_INCOME":null,"PREMIUM_INCOME_YOY":null,"NET_INTEREST_INCOME":null,"NET_INTEREST_INCOME_YOY":null,"FEE_COMMISSION_INCOME":null,"FEE_COMMISSION_INCOME_YOY":null,"ACCOUNTS_RECE_TDAYS":3.515438793925,"INVENTORY_TDAYS":14.660534866029,"CURRENT_ASSETS_TDAYS":2.321346481942,"TOTAL_ASSETS_TDAYS":1.244776578388,"PREMIUM_EXPENSE":null,"LOAN_DEPOSIT":null,"LOAN_EQUITY":null,"LOAN_ASSETS":null,"DEPOSIT_EQUITY":null,"DEPOSIT_ASSETS":null,"EQUITY_MULTIPLIER":2.195393182976,"EQUITY_RATIO":1.486228792592},{"SECUCODE":"03363.HK","SECURITY_CODE":"03363","SECURITY_NAME_ABBR":"正业国际","ORG_CODE":"10158418","STD_REPORT_DATE":"2021-06-30 00:00:00","REPORT_DATE":"2021-06-30 00:00:00","DATE_TYPE_CODE":"002","REPORT_TYPE":"2021年中报","PER_NETCASH_OPERATE":-0.3221,"PER_OI":3.218728,"BPS":2.034628,"BASIC_EPS":0.1,"DILUTED_EPS":null,"OPERATE_INCOME":1609364000,"OPERATE_INCOME_YOY":63.7992838837,"GROSS_PROFIT":303187000,"GROSS_PROFIT_YOY":116.410655398364,"HOLDER_PROFIT":51633000,"HOLDER_PROFIT_YOY":490.5638796752,"GROSS_PROFIT_RATIO":18.838932646685,"EPS_TTM":0.195324,"OPERATE_INCOME_QOQ":25.143669919588,"NET_PROFIT_RATIO":4.2018461951,"ROE_AVG":5.207577427074,"GROSS_PROFIT_QOQ":41.725148069026,"ROA":1.800467299252,"HOLDER_PROFIT_QOQ":78.306433944351,"ROE_YEARLY":10.415154854147,"ROIC_YEARLY":4.350219046458,"TOTAL_ASSETS":3052736000,"TOTAL_LIABILITIES":1795539000,"TAX_EBT":14.271044624747,"OCF_SALES":-10.007058689023,"TOTAL_PARENT_EQUITY":1017314000,"DEBT_ASSET_RATIO":58.8173690748,"OPERATE_PROFIT":109496000,"PRETAX_PROFIT":78880000,"NETCASH_OPERATE":-161050000,"NETCASH_INVEST":-189721000,"NETCASH_FINANCE":504148000,"END_CASH":338745000,"DIVI_RATIO":0.051035305441,"DIVIDEND_RATE":2.682926829268,"CURRENT_RATIO":1.106660579618,"COMMON_ACS":1000000000,"CURRENTDEBT_DEBT":86.981457935472,"ISSUED_COMMON_SHARES":500000000,"HK_COMMON_SHARES":500000000,"PER_SHARES":2000,"TOTAL_MARKET_CAP":205000000,"HKSK_MARKET_CAP":205000000,"PE_TTM":14.64725020153,"PB_TTM":0.16946457717,"REPORT_DATE_SQ":"2020-06-30 00:00:00","REPORT_TYPE_SQ":"2020年中报","OPERATE_INCOME_SQ":982522000,"DPS_HKD":0.011,"OPERATE_INCOME_QOQ_SQ":-8.717356856407,"NET_PROFIT_RATIO_SQ":0.7653772638,"HOLDER_PROFIT_SQ":8743000,"HOLDER_PROFIT_QOQ_SQ":-51.882361530225,"ROE_AVG_SQ":0.939824063817,"PE_TTM_SQ":-17.122274540361,"PB_TTM_SQ":0.188912090454,"ROA_SQ":0.358738101901,"START_DATE":"2021-01-01 00:00:00","FISCAL_YEAR":"12-31","CURRENCY":"HKD","IS_CNY_CODE":0,"DPS_HKD_LY":0.03525,"ORG_TYPE":"一般企业","PREMIUM_INCOME":null,"PREMIUM_INCOME_YOY":null,"NET_INTEREST_INCOME":null,"NET_INTEREST_INCOME_YOY":null,"FEE_COMMISSION_INCOME":null,"FEE_COMMISSION_INCOME_YOY":null,"ACCOUNTS_RECE_TDAYS":1.707931275825,"INVENTORY_TDAYS":6.784982598307,"CURRENT_ASSETS_TDAYS":1.027935772697,"TOTAL_ASSETS_TDAYS":0.561192891095,"PREMIUM_EXPENSE":null,"LOAN_DEPOSIT":null,"LOAN_EQUITY":null,"LOAN_ASSETS":null,"DEPOSIT_EQUITY":null,"DEPOSIT_ASSETS":null,"EQUITY_MULTIPLIER":2.428208148761,"EQUITY_RATIO":1.764980133961},{"SECUCODE":"03363.HK","SECURITY_CODE":"03363","SECURITY_NAME_ABBR":"正业国际","ORG_CODE":"10158418","STD_REPORT_DATE":"2020-12-31 00:00:00","REPORT_DATE":"2020-12-31 00:00:00","DATE_TYPE_CODE":"001","REPORT_TYPE":"2020年年报","PER_NETCASH_OPERATE":-0.40462,"PER_OI":4.986082,"BPS":1.931362,"BASIC_EPS":0.11,"DILUTED_EPS":null,"OPERATE_INCOME":2493041000,"OPERATE_INCOME_YOY":5.3182074147,"GROSS_PROFIT":390865000,"GROSS_PROFIT_YOY":-12.911390712836,"HOLDER_PROFIT":54772000,"HOLDER_PROFIT_YOY":-33.3544242188,"GROSS_PROFIT_RATIO":15.678241954304,"EPS_TTM":0.109544,"OPERATE_INCOME_QOQ":15.375939814828,"NET_PROFIT_RATIO":2.5093851244,"ROE_AVG":5.791106952352,"GROSS_PROFIT_QOQ":14.637959150154,"ROA":2.144840568235,"HOLDER_PROFIT_QOQ":38.505500063219,"ROE_YEARLY":5.791106952352,"ROIC_YEARLY":2.566347403841,"TOTAL_ASSETS":2682775000,"TOTAL_LIABILITIES":1493201000,"TAX_EBT":3.651568588194,"OCF_SALES":-8.114988883055,"TOTAL_PARENT_EQUITY":965681000,"DEBT_ASSET_RATIO":55.6588234198,"OPERATE_PROFIT":114546000,"PRETAX_PROFIT":64931000,"NETCASH_OPERATE":-202174000,"NETCASH_INVEST":-139037000,"NETCASH_FINANCE":295489000,"END_CASH":185367000,"DIVI_RATIO":0.090999233185,"DIVIDEND_RATE":2.682926829268,"CURRENT_RATIO":1.061571570291,"COMMON_ACS":1000000000,"CURRENTDEBT_DEBT":88.502418629508,"ISSUED_COMMON_SHARES":500000000,"HK_COMMON_SHARES":500000000,"PER_SHARES":2000,"TOTAL_MARKET_CAP":205000000,"HKSK_MARKET_CAP":205000000,"PE_TTM":14.64725020153,"PB_TTM":0.16946457717,"REPORT_DATE_SQ":"2019-12-31 00:00:00","REPORT_TYPE_SQ":"2019年年报","OPERATE_INCOME_SQ":2367151000,"DPS_HKD":0.011,"OPERATE_INCOME_QOQ_SQ":-9.917568606886,"NET_PROFIT_RATIO_SQ":4.2679153125,"HOLDER_PROFIT_SQ":82184000,"HOLDER_PROFIT_QOQ_SQ":-25.447898618431,"ROE_AVG_SQ":9.033025322675,"PE_TTM_SQ":-17.122274540361,"PB_TTM_SQ":0.188912090454,"ROA_SQ":3.298989598131,"START_DATE":"2020-01-01 00:00:00","FISCAL_YEAR":"12-31","CURRENCY":"HKD","IS_CNY_CODE":0,"DPS_HKD_LY":0.03246,"ORG_TYPE":"一般企业","PREMIUM_INCOME":null,"PREMIUM_INCOME_YOY":null,"NET_INTEREST_INCOME":null,"NET_INTEREST_INCOME_YOY":null,"FEE_COMMISSION_INCOME":null,"FEE_COMMISSION_INCOME_YOY":null,"ACCOUNTS_RECE_TDAYS":2.942135993368,"INVENTORY_TDAYS":13.693842520967,"CURRENT_ASSETS_TDAYS":1.846223173089,"TOTAL_ASSETS_TDAYS":0.976260767376,"PREMIUM_EXPENSE":null,"LOAN_DEPOSIT":null,"LOAN_EQUITY":null,"LOAN_ASSETS":null,"DEPOSIT_EQUITY":null,"DEPOSIT_ASSETS":null,"EQUITY_MULTIPLIER":2.255240111167,"EQUITY_RATIO":1.546267349156},{"SECUCODE":"03363.HK","SECURITY_CODE":"03363","SECURITY_NAME_ABBR":"正业国际","ORG_CODE":"10158418","STD_REPORT_DATE":"2020-06-30 00:00:00","REPORT_DATE":"2020-06-30 00:00:00","DATE_TYPE_CODE":"002","REPORT_TYPE":"2020年中报","PER_NETCASH_OPERATE":-0.08872,"PER_OI":1.965044,"BPS":1.869304,"BASIC_EPS":0.02,"DILUTED_EPS":null,"OPERATE_INCOME":982522000,"OPERATE_INCOME_YOY":-17.3569971612,"GROSS_PROFIT":140098000,"GROSS_PROFIT_YOY":-43.498618700974,"HOLDER_PROFIT":8743000,"HOLDER_PROFIT_YOY":-82.9843135728,"GROSS_PROFIT_RATIO":14.259019136467,"EPS_TTM":0.07909,"OPERATE_INCOME_QOQ":-8.717356856407,"NET_PROFIT_RATIO":0.7653772638,"ROE_AVG":0.939824063817,"GROSS_PROFIT_QOQ":-24.031612275046,"ROA":0.358738101901,"HOLDER_PROFIT_QOQ":-51.882361530225,"ROE_YEARLY":1.879648127635,"ROIC_YEARLY":0.856023680417,"TOTAL_ASSETS":2449757000,"TOTAL_LIABILITIES":1300319000,"TAX_EBT":28.909056532426,"OCF_SALES":-4.514911625389,"TOTAL_PARENT_EQUITY":934652000,"DEBT_ASSET_RATIO":53.0795095187,"OPERATE_PROFIT":30885000,"PRETAX_PROFIT":10578000,"NETCASH_OPERATE":-108353000,"NETCASH_INVEST":-110452000,"NETCASH_FINANCE":132250000,"END_CASH":144534000,"DIVI_RATIO":0.126038942976,"DIVIDEND_RATE":2.682926829268,"CURRENT_RATIO":1.023807961543,"COMMON_ACS":1000000000,"CURRENTDEBT_DEBT":89.0756806599,"ISSUED_COMMON_SHARES":500000000,"HK_COMMON_SHARES":500000000,"PER_SHARES":2000,"TOTAL_MARKET_CAP":205000000,"HKSK_MARKET_CAP":205000000,"PE_TTM":14.64725020153,"PB_TTM":0.16946457717,"REPORT_DATE_SQ":"2019-06-30 00:00:00","REPORT_TYPE_SQ":"2019年中报","OPERATE_INCOME_SQ":1188875000,"DPS_HKD":0.011,"OPERATE_INCOME_QOQ_SQ":-7.733629305453,"NET_PROFIT_RATIO_SQ":5.4398485964,"HOLDER_PROFIT_SQ":51382000,"HOLDER_PROFIT_QOQ_SQ":0.803782073557,"ROE_AVG_SQ":5.744754118889,"PE_TTM_SQ":-17.122274540361,"PB_TTM_SQ":0.188912090454,"ROA_SQ":2.05549706049,"START_DATE":"2020-01-01 00:00:00","FISCAL_YEAR":"12-31","CURRENCY":"HKD","IS_CNY_CODE":0,"DPS_HKD_LY":0.03246,"ORG_TYPE":"一般企业","PREMIUM_INCOME":null,"PREMIUM_INCOME_YOY":null,"NET_INTEREST_INCOME":null,"NET_INTEREST_INCOME_YOY":null,"FEE_COMMISSION_INCOME":null,"FEE_COMMISSION_INCOME_YOY":null,"ACCOUNTS_RECE_TDAYS":1.315132925841,"INVENTORY_TDAYS":5.877267399676,"CURRENT_ASSETS_TDAYS":0.791191995652,"TOTAL_ASSETS_TDAYS":0.403143174375,"PREMIUM_EXPENSE":null,"LOAN_DEPOSIT":null,"LOAN_EQUITY":null,"LOAN_ASSETS":null,"DEPOSIT_EQUITY":null,"DEPOSIT_ASSETS":null,"EQUITY_MULTIPLIER":2.131265018209,"EQUITY_RATIO":1.391233314645}],"count":34},"success":true,"message":"ok","code":0}