{"version":"6ca81537ee22b68d6261ab090b1aaf50","result":{"pages":9,"data":[{"SECUCODE":"03368.HK","SECURITY_CODE":"03368","SECURITY_NAME_ABBR":"百盛集团","ORG_CODE":"10010857","STD_REPORT_DATE":"2024-09-30 00:00:00","REPORT_DATE":"2024-09-30 00:00:00","DATE_TYPE_CODE":"004","REPORT_TYPE":"2024年三季报","PER_NETCASH_OPERATE":0.126617922403,"PER_OI":0.922845032548,"BPS":1.213112118859,"BASIC_EPS":null,"DILUTED_EPS":null,"OPERATE_INCOME":2431265000,"OPERATE_INCOME_YOY":-12.8410783155,"GROSS_PROFIT":2431265000,"GROSS_PROFIT_YOY":-12.84107831546,"HOLDER_PROFIT":-29269000,"HOLDER_PROFIT_YOY":-143.5032699168,"GROSS_PROFIT_RATIO":null,"EPS_TTM":-0.011438842702,"OPERATE_INCOME_QOQ":-3.430137678488,"NET_PROFIT_RATIO":-1.1702549907,"ROE_AVG":-0.90884461471,"GROSS_PROFIT_QOQ":-3.430137678488,"ROA":-0.266602092165,"HOLDER_PROFIT_QOQ":-96.697343515436,"ROE_YEARLY":-1.211792819613,"ROIC_YEARLY":-0.310888181692,"TOTAL_ASSETS":10880284000,"TOTAL_LIABILITIES":7611998000,"TAX_EBT":-27.450277728006,"OCF_SALES":13.720388357501,"TOTAL_PARENT_EQUITY":3195983000,"DEBT_ASSET_RATIO":69.9613907137,"OPERATE_PROFIT":283416000,"PRETAX_PROFIT":-22324000,"NETCASH_OPERATE":333579000,"NETCASH_INVEST":22054000,"NETCASH_FINANCE":-592629000,"END_CASH":1446609000,"DIVI_RATIO":-1.748150518516,"DIVIDEND_RATE":21.480392156863,"CURRENT_RATIO":1.11999554054,"COMMON_ACS":7500000000,"CURRENTDEBT_DEBT":31.697958932727,"ISSUED_COMMON_SHARES":2634532250,"HK_COMMON_SHARES":2634532250,"PER_SHARES":500,"TOTAL_MARKET_CAP":268722289.5,"HKSK_MARKET_CAP":268722289.5,"PE_TTM":-8.270888932969,"PB_TTM":0.075823642819,"REPORT_DATE_SQ":"2023-09-30 00:00:00","REPORT_TYPE_SQ":"2023年三季报","OPERATE_INCOME_SQ":2789462000,"DPS_HKD":0.02191,"OPERATE_INCOME_QOQ_SQ":0.3545120628,"NET_PROFIT_RATIO_SQ":2.5339294817,"HOLDER_PROFIT_SQ":67280000,"HOLDER_PROFIT_QOQ_SQ":37.859791315095,"ROE_AVG_SQ":2.082349043235,"PE_TTM_SQ":-2.604227660271,"PB_TTM_SQ":0.091055615107,"ROA_SQ":0.596393045355,"START_DATE":"2024-01-01 00:00:00","FISCAL_YEAR":"12-31","CURRENCY":"HKD","IS_CNY_CODE":0,"DPS_HKD_LY":0.02191,"ORG_TYPE":"一般企业","PREMIUM_INCOME":null,"PREMIUM_INCOME_YOY":null,"NET_INTEREST_INCOME":null,"NET_INTEREST_INCOME_YOY":null,"FEE_COMMISSION_INCOME":null,"FEE_COMMISSION_INCOME_YOY":null,"ACCOUNTS_RECE_TDAYS":7.488476672288,"INVENTORY_TDAYS":null,"CURRENT_ASSETS_TDAYS":0.847507020104,"TOTAL_ASSETS_TDAYS":0.221456262806,"PREMIUM_EXPENSE":null,"LOAN_DEPOSIT":null,"LOAN_EQUITY":null,"LOAN_ASSETS":null,"DEPOSIT_EQUITY":null,"DEPOSIT_ASSETS":null,"EQUITY_MULTIPLIER":3.329048926563,"EQUITY_RATIO":2.381739201992},{"SECUCODE":"03368.HK","SECURITY_CODE":"03368","SECURITY_NAME_ABBR":"百盛集团","ORG_CODE":"10010857","STD_REPORT_DATE":"2024-06-30 00:00:00","REPORT_DATE":"2024-06-30 00:00:00","DATE_TYPE_CODE":"002","REPORT_TYPE":"2024年中报","PER_NETCASH_OPERATE":0.080932013643,"PER_OI":0.652785328401,"BPS":1.212958011806,"BASIC_EPS":-0.007,"DILUTED_EPS":-0.007,"OPERATE_INCOME":1719784000,"OPERATE_INCOME_YOY":-12.3105453185,"GROSS_PROFIT":1719784000,"GROSS_PROFIT_YOY":-12.310545318452,"HOLDER_PROFIT":-18641000,"HOLDER_PROFIT_YOY":-129.5452744361,"GROSS_PROFIT_RATIO":null,"EPS_TTM":-0.005815453578,"OPERATE_INCOME_QOQ":-5.430657242548,"NET_PROFIT_RATIO":-1.0018118554,"ROE_AVG":-0.5788663926,"GROSS_PROFIT_QOQ":-5.430657242548,"ROA":-0.169003026297,"HOLDER_PROFIT_QOQ":-126.020720108696,"ROE_YEARLY":-1.157732785199,"ROIC_YEARLY":-0.395202281196,"TOTAL_ASSETS":10983177000,"TOTAL_LIABILITIES":7714350000,"TAX_EBT":3.006248944435,"OCF_SALES":12.397952300987,"TOTAL_PARENT_EQUITY":3195577000,"DEBT_ASSET_RATIO":70.2378737955,"OPERATE_PROFIT":193779000,"PRETAX_PROFIT":-17763000,"NETCASH_OPERATE":213218000,"NETCASH_INVEST":24738000,"NETCASH_FINANCE":-342963000,"END_CASH":1576341000,"DIVI_RATIO":-3.438565630573,"DIVIDEND_RATE":21.067307692308,"CURRENT_RATIO":1.124434046959,"COMMON_ACS":7500000000,"CURRENTDEBT_DEBT":32.054806950683,"ISSUED_COMMON_SHARES":2634532250,"HK_COMMON_SHARES":2634532250,"PER_SHARES":500,"TOTAL_MARKET_CAP":273991354,"HKSK_MARKET_CAP":273991354,"PE_TTM":-8.433063225772,"PB_TTM":0.077310380914,"REPORT_DATE_SQ":"2023-06-30 00:00:00","REPORT_TYPE_SQ":"2023年中报","OPERATE_INCOME_SQ":1961221000,"DPS_HKD":0.02191,"OPERATE_INCOME_QOQ_SQ":6.285536583778,"NET_PROFIT_RATIO_SQ":3.4020643263,"HOLDER_PROFIT_SQ":63093000,"HOLDER_PROFIT_QOQ_SQ":53.6640969163,"ROE_AVG_SQ":1.947650544083,"PE_TTM_SQ":-2.948588342621,"PB_TTM_SQ":0.103096027022,"ROA_SQ":0.553151165676,"START_DATE":"2024-01-01 00:00:00","FISCAL_YEAR":"12-31","CURRENCY":"HKD","IS_CNY_CODE":0,"DPS_HKD_LY":0.02191,"ORG_TYPE":"一般企业","PREMIUM_INCOME":null,"PREMIUM_INCOME_YOY":null,"NET_INTEREST_INCOME":null,"NET_INTEREST_INCOME_YOY":null,"FEE_COMMISSION_INCOME":null,"FEE_COMMISSION_INCOME_YOY":null,"ACCOUNTS_RECE_TDAYS":5.694309610685,"INVENTORY_TDAYS":null,"CURRENT_ASSETS_TDAYS":0.591438709195,"TOTAL_ASSETS_TDAYS":0.155919049717,"PREMIUM_EXPENSE":null,"LOAN_DEPOSIT":null,"LOAN_EQUITY":null,"LOAN_ASSETS":null,"DEPOSIT_EQUITY":null,"DEPOSIT_ASSETS":null,"EQUITY_MULTIPLIER":3.359975000203,"EQUITY_RATIO":2.414071073862},{"SECUCODE":"03368.HK","SECURITY_CODE":"03368","SECURITY_NAME_ABBR":"百盛集团","ORG_CODE":"10010857","STD_REPORT_DATE":"2024-03-31 00:00:00","REPORT_DATE":"2024-03-31 00:00:00","DATE_TYPE_CODE":"003","REPORT_TYPE":"2024年一季报","PER_NETCASH_OPERATE":0.075504484715,"PER_OI":0.357725360925,"BPS":1.234373198506,"BASIC_EPS":null,"DILUTED_EPS":null,"OPERATE_INCOME":942439000,"OPERATE_INCOME_YOY":-4.6504263439,"GROSS_PROFIT":942439000,"GROSS_PROFIT_YOY":-4.650426343884,"HOLDER_PROFIT":19081000,"HOLDER_PROFIT_YOY":-28.3046516871,"GROSS_PROFIT_RATIO":null,"EPS_TTM":0.022349318366,"OPERATE_INCOME_QOQ":-1.260910379214,"NET_PROFIT_RATIO":2.1167417732,"ROE_AVG":0.587384395541,"GROSS_PROFIT_QOQ":-1.260910379214,"ROA":0.174582631677,"HOLDER_PROFIT_QOQ":-11.342658816798,"ROE_YEARLY":2.349537582166,"ROIC_YEARLY":0.819367008819,"TOTAL_ASSETS":10782207000,"TOTAL_LIABILITIES":7457505000,"TAX_EBT":52.671411625148,"OCF_SALES":21.106830256388,"TOTAL_PARENT_EQUITY":3251996000,"DEBT_ASSET_RATIO":69.1649214303,"OPERATE_PROFIT":143853000,"PRETAX_PROFIT":42150000,"NETCASH_OPERATE":198919000,"NETCASH_INVEST":-19193000,"NETCASH_FINANCE":-313031000,"END_CASH":1550300000,"DIVI_RATIO":0.894739538485,"DIVIDEND_RATE":21.067307692308,"CURRENT_RATIO":0.580903376693,"COMMON_ACS":7500000000,"CURRENTDEBT_DEBT":64.330429547148,"ISSUED_COMMON_SHARES":2634532250,"HK_COMMON_SHARES":2634532250,"PER_SHARES":500,"TOTAL_MARKET_CAP":273991354,"HKSK_MARKET_CAP":273991354,"PE_TTM":-8.433063225772,"PB_TTM":0.077310380914,"REPORT_DATE_SQ":"2023-03-31 00:00:00","REPORT_TYPE_SQ":"2023年一季报","OPERATE_INCOME_SQ":988404000,"DPS_HKD":0.02191,"OPERATE_INCOME_QOQ_SQ":-0.430405549523,"NET_PROFIT_RATIO_SQ":2.312111242,"HOLDER_PROFIT_SQ":26614000,"HOLDER_PROFIT_QOQ_SQ":12.096210117165,"ROE_AVG_SQ":0.594891397038,"PE_TTM_SQ":-2.948588342621,"PB_TTM_SQ":0.103096027022,"ROA_SQ":0.172960266777,"START_DATE":"2024-01-01 00:00:00","FISCAL_YEAR":"12-31","CURRENCY":"HKD","IS_CNY_CODE":0,"DPS_HKD_LY":0.02191,"ORG_TYPE":"一般企业","PREMIUM_INCOME":null,"PREMIUM_INCOME_YOY":null,"NET_INTEREST_INCOME":null,"NET_INTEREST_INCOME_YOY":null,"FEE_COMMISSION_INCOME":null,"FEE_COMMISSION_INCOME_YOY":null,"ACCOUNTS_RECE_TDAYS":3.293721079781,"INVENTORY_TDAYS":null,"CURRENT_ASSETS_TDAYS":0.323755170971,"TOTAL_ASSETS_TDAYS":0.086228961173,"PREMIUM_EXPENSE":null,"LOAN_DEPOSIT":null,"LOAN_EQUITY":null,"LOAN_ASSETS":null,"DEPOSIT_EQUITY":null,"DEPOSIT_ASSETS":null,"EQUITY_MULTIPLIER":3.243059678734,"EQUITY_RATIO":2.293208540232},{"SECUCODE":"03368.HK","SECURITY_CODE":"03368","SECURITY_NAME_ABBR":"百盛集团","ORG_CODE":"10010857","STD_REPORT_DATE":"2023-12-31 00:00:00","REPORT_DATE":"2023-12-31 00:00:00","DATE_TYPE_CODE":"001","REPORT_TYPE":"2023年年报","PER_NETCASH_OPERATE":0.385422497675,"PER_OI":1.383692304393,"BPS":1.231695683361,"BASIC_EPS":0.025,"DILUTED_EPS":0.025,"OPERATE_INCOME":3645382000,"OPERATE_INCOME_YOY":10.4457724153,"GROSS_PROFIT":3645382000,"GROSS_PROFIT_YOY":10.445772415264,"HOLDER_PROFIT":66413000,"HOLDER_PROFIT_YOY":117.3131316818,"GROSS_PROFIT_RATIO":null,"EPS_TTM":0.025208649467,"OPERATE_INCOME_QOQ":3.994718934156,"NET_PROFIT_RATIO":1.9340085621,"ROE_AVG":2.045262279719,"GROSS_PROFIT_QOQ":3.994718934156,"ROA":0.585620952379,"HOLDER_PROFIT_QOQ":163.506315920327,"ROE_YEARLY":2.045262279719,"ROIC_YEARLY":0.682328590537,"TOTAL_ASSETS":11076783000,"TOTAL_LIABILITIES":7759636000,"TAX_EBT":18.633074428428,"OCF_SALES":27.854639102294,"TOTAL_PARENT_EQUITY":3244942000,"DEBT_ASSET_RATIO":70.053155325,"OPERATE_PROFIT":505481000,"PRETAX_PROFIT":86647000,"NETCASH_OPERATE":1015408000,"NETCASH_INVEST":234726000,"NETCASH_FINANCE":-1025612000,"END_CASH":1683605000,"DIVI_RATIO":0.793252285336,"DIVIDEND_RATE":21.067307692308,"CURRENT_RATIO":1.068008536828,"COMMON_ACS":7500000000,"CURRENTDEBT_DEBT":36.622916332673,"ISSUED_COMMON_SHARES":2634532250,"HK_COMMON_SHARES":2634532250,"PER_SHARES":500,"TOTAL_MARKET_CAP":273991354,"HKSK_MARKET_CAP":273991354,"PE_TTM":-8.433063225772,"PB_TTM":0.077310380914,"REPORT_DATE_SQ":"2022-12-31 00:00:00","REPORT_TYPE_SQ":"2022年年报","OPERATE_INCOME_SQ":3300608000,"DPS_HKD":0.02191,"OPERATE_INCOME_QOQ_SQ":-8.085995610105,"NET_PROFIT_RATIO_SQ":-12.5735319068,"HOLDER_PROFIT_SQ":-383599000,"HOLDER_PROFIT_QOQ_SQ":-3.385212060553,"ROE_AVG_SQ":-11.220756521649,"PE_TTM_SQ":-2.948588342621,"PB_TTM_SQ":0.103096027022,"ROA_SQ":-3.454308697881,"START_DATE":"2023-01-01 00:00:00","FISCAL_YEAR":"12-31","CURRENCY":"HKD","IS_CNY_CODE":0,"DPS_HKD_LY":0.0109,"ORG_TYPE":"一般企业","PREMIUM_INCOME":null,"PREMIUM_INCOME_YOY":null,"NET_INTEREST_INCOME":null,"NET_INTEREST_INCOME_YOY":null,"FEE_COMMISSION_INCOME":null,"FEE_COMMISSION_INCOME_YOY":null,"ACCOUNTS_RECE_TDAYS":14.287519425267,"INVENTORY_TDAYS":null,"CURRENT_ASSETS_TDAYS":1.205643939049,"TOTAL_ASSETS_TDAYS":0.321444909675,"PREMIUM_EXPENSE":null,"LOAN_DEPOSIT":null,"LOAN_EQUITY":null,"LOAN_ASSETS":null,"DEPOSIT_EQUITY":null,"DEPOSIT_ASSETS":null,"EQUITY_MULTIPLIER":3.339249963903,"EQUITY_RATIO":2.391301909248},{"SECUCODE":"03368.HK","SECURITY_CODE":"03368","SECURITY_NAME_ABBR":"百盛集团","ORG_CODE":"10010857","STD_REPORT_DATE":"2023-09-30 00:00:00","REPORT_DATE":"2023-09-30 00:00:00","DATE_TYPE_CODE":"004","REPORT_TYPE":"2023年三季报","PER_NETCASH_OPERATE":0.271304706936,"PER_OI":1.058807308204,"BPS":1.219400142094,"BASIC_EPS":null,"DILUTED_EPS":null,"OPERATE_INCOME":2789462000,"OPERATE_INCOME_YOY":7.9213701152,"GROSS_PROFIT":2789462000,"GROSS_PROFIT_YOY":7.921370115181,"HOLDER_PROFIT":67280000,"HOLDER_PROFIT_YOY":127.8797623093,"GROSS_PROFIT_RATIO":null,"EPS_TTM":-0.039694712411,"OPERATE_INCOME_QOQ":0.3545120628,"NET_PROFIT_RATIO":2.5339294817,"ROE_AVG":2.082349043235,"GROSS_PROFIT_QOQ":0.3545120628,"ROA":0.596393045355,"HOLDER_PROFIT_QOQ":37.859791315095,"ROE_YEARLY":2.77646539098,"ROIC_YEARLY":0.692401862096,"TOTAL_ASSETS":10957861000,"TOTAL_LIABILITIES":7673793000,"TAX_EBT":8.359803451271,"OCF_SALES":25.623614876274,"TOTAL_PARENT_EQUITY":3212549000,"DEBT_ASSET_RATIO":70.0300268456,"OPERATE_PROFIT":389868000,"PRETAX_PROFIT":77131000,"NETCASH_OPERATE":714761000,"NETCASH_INVEST":95489000,"NETCASH_FINANCE":-804604000,"END_CASH":1469742000,"DIVI_RATIO":-0.503765302371,"DIVIDEND_RATE":21.067307692308,"CURRENT_RATIO":1.024390269782,"COMMON_ACS":7500000000,"CURRENTDEBT_DEBT":36.844856252964,"ISSUED_COMMON_SHARES":2634532250,"HK_COMMON_SHARES":2634532250,"PER_SHARES":500,"TOTAL_MARKET_CAP":273991354,"HKSK_MARKET_CAP":273991354,"PE_TTM":-8.433063225772,"PB_TTM":0.077310380914,"REPORT_DATE_SQ":"2022-09-30 00:00:00","REPORT_TYPE_SQ":"2022年三季报","OPERATE_INCOME_SQ":2584717000,"DPS_HKD":0.02191,"OPERATE_INCOME_QOQ_SQ":-2.958136307107,"NET_PROFIT_RATIO_SQ":-10.3111481837,"HOLDER_PROFIT_SQ":-241322000,"HOLDER_PROFIT_QOQ_SQ":-5.036440141187,"ROE_AVG_SQ":-7.129741447908,"PE_TTM_SQ":-2.948588342621,"PB_TTM_SQ":0.103096027022,"ROA_SQ":-2.196678998126,"START_DATE":"2023-01-01 00:00:00","FISCAL_YEAR":"12-31","CURRENCY":"HKD","IS_CNY_CODE":0,"DPS_HKD_LY":0.0109,"ORG_TYPE":"一般企业","PREMIUM_INCOME":null,"PREMIUM_INCOME_YOY":null,"NET_INTEREST_INCOME":null,"NET_INTEREST_INCOME_YOY":null,"FEE_COMMISSION_INCOME":null,"FEE_COMMISSION_INCOME_YOY":null,"ACCOUNTS_RECE_TDAYS":10.83425060299,"INVENTORY_TDAYS":null,"CURRENT_ASSETS_TDAYS":0.944222898538,"TOTAL_ASSETS_TDAYS":0.247267499566,"PREMIUM_EXPENSE":null,"LOAN_DEPOSIT":null,"LOAN_EQUITY":null,"LOAN_ASSETS":null,"DEPOSIT_EQUITY":null,"DEPOSIT_ASSETS":null,"EQUITY_MULTIPLIER":3.336672992158,"EQUITY_RATIO":2.388692903984},{"SECUCODE":"03368.HK","SECURITY_CODE":"03368","SECURITY_NAME_ABBR":"百盛集团","ORG_CODE":"10010857","STD_REPORT_DATE":"2023-06-30 00:00:00","REPORT_DATE":"2023-06-30 00:00:00","DATE_TYPE_CODE":"002","REPORT_TYPE":"2023年中报","PER_NETCASH_OPERATE":0.22110338562,"PER_OI":0.744428541347,"BPS":1.225833921752,"BASIC_EPS":0.024,"DILUTED_EPS":0.024,"OPERATE_INCOME":1961221000,"OPERATE_INCOME_YOY":10.8749199343,"GROSS_PROFIT":1961221000,"GROSS_PROFIT_YOY":10.874919934263,"HOLDER_PROFIT":63093000,"HOLDER_PROFIT_YOY":134.7057658669,"GROSS_PROFIT_RATIO":null,"EPS_TTM":-0.063879271169,"OPERATE_INCOME_QOQ":6.285536583778,"NET_PROFIT_RATIO":3.4020643263,"ROE_AVG":1.947650544083,"GROSS_PROFIT_QOQ":6.285536583778,"ROA":0.553151165676,"HOLDER_PROFIT_QOQ":53.6640969163,"ROE_YEARLY":3.895301088166,"ROIC_YEARLY":1.289583728921,"TOTAL_ASSETS":11207768000,"TOTAL_LIABILITIES":7906063000,"TAX_EBT":-10.135023604371,"OCF_SALES":29.701089270409,"TOTAL_PARENT_EQUITY":3229499000,"DEBT_ASSET_RATIO":70.5409230455,"OPERATE_PROFIT":264815000,"PRETAX_PROFIT":60582000,"NETCASH_OPERATE":582504000,"NETCASH_INVEST":95366000,"NETCASH_FINANCE":-488751000,"END_CASH":1654357000,"DIVI_RATIO":-0.313040810175,"DIVIDEND_RATE":21.067307692308,"CURRENT_RATIO":1.048928223657,"COMMON_ACS":7500000000,"CURRENTDEBT_DEBT":35.538902232375,"ISSUED_COMMON_SHARES":2634532250,"HK_COMMON_SHARES":2634532250,"PER_SHARES":500,"TOTAL_MARKET_CAP":273991354,"HKSK_MARKET_CAP":273991354,"PE_TTM":-8.433063225772,"PB_TTM":0.077310380914,"REPORT_DATE_SQ":"2022-06-30 00:00:00","REPORT_TYPE_SQ":"2022年中报","OPERATE_INCOME_SQ":1768859000,"DPS_HKD":0.02191,"OPERATE_INCOME_QOQ_SQ":-7.474662309989,"NET_PROFIT_RATIO_SQ":-11.1276252092,"HOLDER_PROFIT_SQ":-181794000,"HOLDER_PROFIT_QOQ_SQ":-84.280192955946,"ROE_AVG_SQ":-5.15613465191,"PE_TTM_SQ":-2.948588342621,"PB_TTM_SQ":0.103096027022,"ROA_SQ":-1.615116867857,"START_DATE":"2023-01-01 00:00:00","FISCAL_YEAR":"12-31","CURRENCY":"HKD","IS_CNY_CODE":0,"DPS_HKD_LY":0.0109,"ORG_TYPE":"一般企业","PREMIUM_INCOME":null,"PREMIUM_INCOME_YOY":null,"NET_INTEREST_INCOME":null,"NET_INTEREST_INCOME_YOY":null,"FEE_COMMISSION_INCOME":null,"FEE_COMMISSION_INCOME_YOY":null,"ACCOUNTS_RECE_TDAYS":8.451444146386,"INVENTORY_TDAYS":null,"CURRENT_ASSETS_TDAYS":0.658202286634,"TOTAL_ASSETS_TDAYS":0.171944856371,"PREMIUM_EXPENSE":null,"LOAN_DEPOSIT":null,"LOAN_EQUITY":null,"LOAN_ASSETS":null,"DEPOSIT_EQUITY":null,"DEPOSIT_ASSETS":null,"EQUITY_MULTIPLIER":3.394539487929,"EQUITY_RATIO":2.448077240464},{"SECUCODE":"03368.HK","SECURITY_CODE":"03368","SECURITY_NAME_ABBR":"百盛集团","ORG_CODE":"10010857","STD_REPORT_DATE":"2023-03-31 00:00:00","REPORT_DATE":"2023-03-31 00:00:00","DATE_TYPE_CODE":"003","REPORT_TYPE":"2023年一季报","PER_NETCASH_OPERATE":0.148858303025,"PER_OI":0.375172480808,"BPS":1.305570656803,"BASIC_EPS":null,"DILUTED_EPS":null,"OPERATE_INCOME":988404000,"OPERATE_INCOME_YOY":-1.4169018861,"GROSS_PROFIT":988404000,"GROSS_PROFIT_YOY":-1.416901886077,"HOLDER_PROFIT":26614000,"HOLDER_PROFIT_YOY":166.1370209088,"GROSS_PROFIT_RATIO":null,"EPS_TTM":-0.137861284484,"OPERATE_INCOME_QOQ":-0.430405549523,"NET_PROFIT_RATIO":2.312111242,"ROE_AVG":0.594891397038,"GROSS_PROFIT_QOQ":-0.430405549523,"ROA":0.172960266777,"HOLDER_PROFIT_QOQ":12.096210117165,"ROE_YEARLY":2.379565588152,"ROIC_YEARLY":0.807229401432,"TOTAL_ASSETS":11401999000,"TOTAL_LIABILITIES":7890897000,"TAX_EBT":619.336143308746,"OCF_SALES":39.677297946993,"TOTAL_PARENT_EQUITY":3439568000,"DEBT_ASSET_RATIO":69.2062593586,"OPERATE_PROFIT":104168000,"PRETAX_PROFIT":-5694000,"NETCASH_OPERATE":392172000,"NETCASH_INVEST":101292000,"NETCASH_FINANCE":-293382000,"END_CASH":1664178000,"DIVI_RATIO":-0.145050286415,"DIVIDEND_RATE":21.067307692308,"CURRENT_RATIO":1.039024651703,"COMMON_ACS":7500000000,"CURRENTDEBT_DEBT":36.174962111405,"ISSUED_COMMON_SHARES":2634532250,"HK_COMMON_SHARES":2634532250,"PER_SHARES":500,"TOTAL_MARKET_CAP":273991354,"HKSK_MARKET_CAP":273991354,"PE_TTM":-8.433063225772,"PB_TTM":0.077310380914,"REPORT_DATE_SQ":"2022-03-31 00:00:00","REPORT_TYPE_SQ":"2022年一季报","OPERATE_INCOME_SQ":1002610000,"DPS_HKD":0.02191,"OPERATE_INCOME_QOQ_SQ":-4.497870807073,"NET_PROFIT_RATIO_SQ":-2.8850699674,"HOLDER_PROFIT_SQ":-30083000,"HOLDER_PROFIT_QOQ_SQ":-17.327635683803,"ROE_AVG_SQ":-0.758679207668,"PE_TTM_SQ":-2.948588342621,"PB_TTM_SQ":0.103096027022,"ROA_SQ":-0.244821440183,"START_DATE":"2023-01-01 00:00:00","FISCAL_YEAR":"12-31","CURRENCY":"HKD","IS_CNY_CODE":0,"DPS_HKD_LY":0.0109,"ORG_TYPE":"一般企业","PREMIUM_INCOME":null,"PREMIUM_INCOME_YOY":null,"NET_INTEREST_INCOME":null,"NET_INTEREST_INCOME_YOY":null,"FEE_COMMISSION_INCOME":null,"FEE_COMMISSION_INCOME_YOY":null,"ACCOUNTS_RECE_TDAYS":4.068736840155,"INVENTORY_TDAYS":null,"CURRENT_ASSETS_TDAYS":0.330677784675,"TOTAL_ASSETS_TDAYS":0.085924115161,"PREMIUM_EXPENSE":null,"LOAN_DEPOSIT":null,"LOAN_EQUITY":null,"LOAN_ASSETS":null,"DEPOSIT_EQUITY":null,"DEPOSIT_ASSETS":null,"EQUITY_MULTIPLIER":3.247413205317,"EQUITY_RATIO":2.294153509976},{"SECUCODE":"03368.HK","SECURITY_CODE":"03368","SECURITY_NAME_ABBR":"百盛集团","ORG_CODE":"10010857","STD_REPORT_DATE":"2022-12-31 00:00:00","REPORT_DATE":"2022-12-31 00:00:00","DATE_TYPE_CODE":"001","REPORT_TYPE":"2022年年报","PER_NETCASH_OPERATE":0.051210988212,"PER_OI":1.252825050823,"BPS":1.283216024401,"BASIC_EPS":-0.146,"DILUTED_EPS":-0.146,"OPERATE_INCOME":3300608000,"OPERATE_INCOME_YOY":-21.1839711997,"GROSS_PROFIT":3300608000,"GROSS_PROFIT_YOY":-21.18397119972,"HOLDER_PROFIT":-383599000,"HOLDER_PROFIT_YOY":-134.7888100285,"GROSS_PROFIT_RATIO":null,"EPS_TTM":-0.156832014488,"OPERATE_INCOME_QOQ":-8.085995610105,"NET_PROFIT_RATIO":-12.5735319068,"ROE_AVG":-11.220756521649,"GROSS_PROFIT_QOQ":-8.085995610105,"ROA":-3.454308697881,"HOLDER_PROFIT_QOQ":-3.385212060553,"ROE_YEARLY":-11.220756521649,"ROIC_YEARLY":-3.996386046526,"TOTAL_ASSETS":11551850000,"TOTAL_LIABILITIES":8233571000,"TAX_EBT":6.713605592009,"OCF_SALES":4.087640822539,"TOTAL_PARENT_EQUITY":3249384000,"DEBT_ASSET_RATIO":70.2737167607,"OPERATE_PROFIT":-10993000,"PRETAX_PROFIT":-413161000,"NETCASH_OPERATE":136110000,"NETCASH_INVEST":780911000,"NETCASH_FINANCE":-371839000,"END_CASH":1464096000,"DIVI_RATIO":-0.127504698995,"DIVIDEND_RATE":21.067307692308,"CURRENT_RATIO":1.069601131771,"COMMON_ACS":7500000000,"CURRENTDEBT_DEBT":34.202875034417,"ISSUED_COMMON_SHARES":2634532250,"HK_COMMON_SHARES":2634532250,"PER_SHARES":500,"TOTAL_MARKET_CAP":273991354,"HKSK_MARKET_CAP":273991354,"PE_TTM":-8.433063225772,"PB_TTM":0.077310380914,"REPORT_DATE_SQ":"2021-12-31 00:00:00","REPORT_TYPE_SQ":"2021年年报","OPERATE_INCOME_SQ":4187737000,"DPS_HKD":0.02191,"OPERATE_INCOME_QOQ_SQ":-3.653660551081,"NET_PROFIT_RATIO_SQ":-4.0745156632,"HOLDER_PROFIT_SQ":-175979000,"HOLDER_PROFIT_QOQ_SQ":-99.570192449449,"ROE_AVG_SQ":-4.34163679996,"PE_TTM_SQ":-2.948588342621,"PB_TTM_SQ":0.103096027022,"ROA_SQ":-1.315862722541,"START_DATE":"2022-01-01 00:00:00","FISCAL_YEAR":"12-31","CURRENCY":"HKD","IS_CNY_CODE":0,"DPS_HKD_LY":null,"ORG_TYPE":"一般企业","PREMIUM_INCOME":null,"PREMIUM_INCOME_YOY":null,"NET_INTEREST_INCOME":null,"NET_INTEREST_INCOME_YOY":null,"FEE_COMMISSION_INCOME":null,"FEE_COMMISSION_INCOME_YOY":null,"ACCOUNTS_RECE_TDAYS":15.281158561428,"INVENTORY_TDAYS":null,"CURRENT_ASSETS_TDAYS":1.120069906636,"TOTAL_ASSETS_TDAYS":0.275941393989,"PREMIUM_EXPENSE":null,"LOAN_DEPOSIT":null,"LOAN_EQUITY":null,"LOAN_ASSETS":null,"DEPOSIT_EQUITY":null,"DEPOSIT_ASSETS":null,"EQUITY_MULTIPLIER":3.364026346482,"EQUITY_RATIO":2.533886730531},{"SECUCODE":"03368.HK","SECURITY_CODE":"03368","SECURITY_NAME_ABBR":"百盛集团","ORG_CODE":"10010857","STD_REPORT_DATE":"2022-09-30 00:00:00","REPORT_DATE":"2022-09-30 00:00:00","DATE_TYPE_CODE":"004","REPORT_TYPE":"2022年三季报","PER_NETCASH_OPERATE":0.112084033133,"PER_OI":0.981091425243,"BPS":1.326055507576,"BASIC_EPS":null,"DILUTED_EPS":null,"OPERATE_INCOME":2584717000,"OPERATE_INCOME_YOY":-18.7574022153,"GROSS_PROFIT":2584717000,"GROSS_PROFIT_YOY":-18.757402215321,"HOLDER_PROFIT":-241322000,"HOLDER_PROFIT_YOY":-521.5113432349,"GROSS_PROFIT_RATIO":null,"EPS_TTM":-0.151696757555,"OPERATE_INCOME_QOQ":-2.958136307107,"NET_PROFIT_RATIO":-10.3111481837,"ROE_AVG":-7.129741447908,"GROSS_PROFIT_QOQ":-2.958136307107,"ROA":-2.196678998126,"HOLDER_PROFIT_QOQ":-5.036440141187,"ROE_YEARLY":-9.506321930544,"ROIC_YEARLY":-2.561313926371,"TOTAL_ASSETS":11951275000,"TOTAL_LIABILITIES":8386974000,"TAX_EBT":7.19761220667,"OCF_SALES":11.424422867184,"TOTAL_PARENT_EQUITY":3493536000,"DEBT_ASSET_RATIO":70.1763954055,"OPERATE_PROFIT":32658000,"PRETAX_PROFIT":-259989000,"NETCASH_OPERATE":295289000,"NETCASH_INVEST":680163000,"NETCASH_FINANCE":-223662000,"END_CASH":1676952000,"DIVI_RATIO":-0.131821003443,"DIVIDEND_RATE":21.067307692308,"CURRENT_RATIO":1.110300321441,"COMMON_ACS":7500000000,"CURRENTDEBT_DEBT":33.95879133523,"ISSUED_COMMON_SHARES":2634532250,"HK_COMMON_SHARES":2634532250,"PER_SHARES":500,"TOTAL_MARKET_CAP":273991354,"HKSK_MARKET_CAP":273991354,"PE_TTM":-8.433063225772,"PB_TTM":0.077310380914,"REPORT_DATE_SQ":"2021-09-30 00:00:00","REPORT_TYPE_SQ":"2021年三季报","OPERATE_INCOME_SQ":3181480000,"DPS_HKD":0.02191,"OPERATE_INCOME_QOQ_SQ":-2.934533465298,"NET_PROFIT_RATIO_SQ":-1.2250587777,"HOLDER_PROFIT_SQ":-42889000,"HOLDER_PROFIT_QOQ_SQ":-64.27400424755,"ROE_AVG_SQ":-1.044244850814,"PE_TTM_SQ":-2.948588342621,"PB_TTM_SQ":0.103096027022,"ROA_SQ":-0.312361406422,"START_DATE":"2022-01-01 00:00:00","FISCAL_YEAR":"12-31","CURRENCY":"HKD","IS_CNY_CODE":0,"DPS_HKD_LY":null,"ORG_TYPE":"一般企业","PREMIUM_INCOME":null,"PREMIUM_INCOME_YOY":null,"NET_INTEREST_INCOME":null,"NET_INTEREST_INCOME_YOY":null,"FEE_COMMISSION_INCOME":null,"FEE_COMMISSION_INCOME_YOY":null,"ACCOUNTS_RECE_TDAYS":12.236273516574,"INVENTORY_TDAYS":null,"CURRENT_ASSETS_TDAYS":0.85534046526,"TOTAL_ASSETS_TDAYS":0.213002459109,"PREMIUM_EXPENSE":null,"LOAN_DEPOSIT":null,"LOAN_EQUITY":null,"LOAN_ASSETS":null,"DEPOSIT_EQUITY":null,"DEPOSIT_ASSETS":null,"EQUITY_MULTIPLIER":3.353048746443,"EQUITY_RATIO":2.400712057926}],"count":80},"success":true,"message":"ok","code":0}