{"version":"639f4ffcb96f25c32196a323b9a11962","result":{"pages":5,"data":[{"SECUCODE":"03369.HK","SECURITY_CODE":"03369","SECURITY_NAME_ABBR":"秦港股份","ORG_CODE":"10139758","STD_REPORT_DATE":"2024-09-30 00:00:00","REPORT_DATE":"2024-09-30 00:00:00","DATE_TYPE_CODE":"004","REPORT_TYPE":"2024年三季报","PER_NETCASH_OPERATE":0.377924160814,"PER_OI":0.90734675252,"BPS":3.445316039845,"BASIC_EPS":0.24,"DILUTED_EPS":0.24,"OPERATE_INCOME":5069720133.19,"OPERATE_INCOME_YOY":-5.4535857193,"GROSS_PROFIT":1968997076.01,"GROSS_PROFIT_YOY":-5.273655954962,"HOLDER_PROFIT":1338840760.11,"HOLDER_PROFIT_YOY":3.5821516764,"GROSS_PROFIT_RATIO":38.838378140828,"EPS_TTM":0.282331631857,"OPERATE_INCOME_QOQ":-2.449803569414,"NET_PROFIT_RATIO":26.9028223146,"ROE_AVG":7.107520395325,"GROSS_PROFIT_QOQ":-2.759470426357,"ROA":4.779249959086,"HOLDER_PROFIT_QOQ":-3.147220395316,"ROE_YEARLY":9.476693860433,"ROIC_YEARLY":5.492220567068,"TOTAL_ASSETS":28001126249.27,"TOTAL_LIABILITIES":7797907994.04,"TAX_EBT":16.810229535518,"OCF_SALES":41.651569233494,"TOTAL_PARENT_EQUITY":19250400184.82,"DEBT_ASSET_RATIO":27.8485512498,"OPERATE_PROFIT":1688553264.25,"PRETAX_PROFIT":1639501818.15,"NETCASH_OPERATE":2111617991.22,"NETCASH_INVEST":-291822578.33,"NETCASH_FINANCE":-1092081126.54,"END_CASH":2416362804.99,"DIVI_RATIO":0.292180034817,"DIVIDEND_RATE":4.156543378995,"CURRENT_RATIO":1.02116560491,"COMMON_ACS":null,"CURRENTDEBT_DEBT":38.548235825525,"ISSUED_COMMON_SHARES":5587412000,"HK_COMMON_SHARES":829853000,"PER_SHARES":500,"TOTAL_MARKET_CAP":12236432280,"HKSK_MARKET_CAP":1817378070,"PE_TTM":6.929904610388,"PB_TTM":0.573218850509,"REPORT_DATE_SQ":"2023-09-30 00:00:00","REPORT_TYPE_SQ":"2023年三季报","OPERATE_INCOME_SQ":5362149555.6,"DPS_HKD":0.0910283,"OPERATE_INCOME_QOQ_SQ":-1.715035275664,"NET_PROFIT_RATIO_SQ":24.9738716564,"HOLDER_PROFIT_SQ":1292540016.25,"HOLDER_PROFIT_QOQ_SQ":-1.863021832683,"ROE_AVG_SQ":7.256084840702,"PE_TTM_SQ":4.885830573703,"PB_TTM_SQ":0.400543834226,"ROA_SQ":4.610441088851,"START_DATE":"2024-01-01 00:00:00","FISCAL_YEAR":"12-31","CURRENCY":"HKD","IS_CNY_CODE":0,"DPS_HKD_LY":0.0910283,"ORG_TYPE":"一般企业","PREMIUM_INCOME":null,"PREMIUM_INCOME_YOY":null,"NET_INTEREST_INCOME":null,"NET_INTEREST_INCOME_YOY":null,"FEE_COMMISSION_INCOME":null,"FEE_COMMISSION_INCOME_YOY":null,"ACCOUNTS_RECE_TDAYS":23.774508942103,"INVENTORY_TDAYS":20.654563343774,"CURRENT_ASSETS_TDAYS":1.539401042007,"TOTAL_ASSETS_TDAYS":0.18097342463,"PREMIUM_EXPENSE":null,"LOAN_DEPOSIT":null,"LOAN_EQUITY":null,"LOAN_ASSETS":null,"DEPOSIT_EQUITY":null,"DEPOSIT_ASSETS":null,"EQUITY_MULTIPLIER":1.385973556071,"EQUITY_RATIO":0.405077708472},{"SECUCODE":"03369.HK","SECURITY_CODE":"03369","SECURITY_NAME_ABBR":"秦港股份","ORG_CODE":"10139758","STD_REPORT_DATE":"2024-06-30 00:00:00","REPORT_DATE":"2024-06-30 00:00:00","DATE_TYPE_CODE":"002","REPORT_TYPE":"2024年中报","PER_NETCASH_OPERATE":0.265140516359,"PER_OI":0.619534446778,"BPS":3.385087701113,"BASIC_EPS":0.18,"DILUTED_EPS":0.18,"OPERATE_INCOME":3461594202.34,"OPERATE_INCOME_YOY":-3.4206311912,"GROSS_PROFIT":1392308215.64,"GROSS_PROFIT_YOY":-2.641446798626,"HOLDER_PROFIT":1010289679.26,"HOLDER_PROFIT_YOY":10.6890025595,"GROSS_PROFIT_RATIO":40.221589656547,"EPS_TTM":0.291505967108,"OPERATE_INCOME_QOQ":-1.565914842909,"NET_PROFIT_RATIO":29.8038014815,"ROE_AVG":5.411676787402,"GROSS_PROFIT_QOQ":-1.499726147905,"ROA":3.562157899762,"HOLDER_PROFIT_QOQ":5.26698726112,"ROE_YEARLY":10.823353574804,"ROIC_YEARLY":8.239985967943,"TOTAL_ASSETS":28697357170.08,"TOTAL_LIABILITIES":8833335110.28,"TAX_EBT":16.598530127595,"OCF_SALES":42.796735151352,"TOTAL_PARENT_EQUITY":18913879642.25,"DEBT_ASSET_RATIO":30.7810055746,"OPERATE_PROFIT":1271897750.38,"PRETAX_PROFIT":1237012567.93,"NETCASH_OPERATE":1481449302.79,"NETCASH_INVEST":-369336395.03,"NETCASH_FINANCE":-269112569.03,"END_CASH":2532643862.22,"DIVI_RATIO":0.28298448517,"DIVIDEND_RATE":4.620725888325,"CURRENT_RATIO":0.925063262797,"COMMON_ACS":null,"CURRENTDEBT_DEBT":42.620752860701,"ISSUED_COMMON_SHARES":5587412000,"HK_COMMON_SHARES":829853000,"PER_SHARES":500,"TOTAL_MARKET_CAP":11007201640,"HKSK_MARKET_CAP":1634810410,"PE_TTM":6.233749809345,"PB_TTM":0.515635221691,"REPORT_DATE_SQ":"2023-06-30 00:00:00","REPORT_TYPE_SQ":"2023年中报","OPERATE_INCOME_SQ":3584196340.31,"DPS_HKD":0.0910283,"OPERATE_INCOME_QOQ_SQ":1.715561097763,"NET_PROFIT_RATIO_SQ":26.5371026864,"HOLDER_PROFIT_SQ":912728144.53,"HOLDER_PROFIT_QOQ_SQ":8.553997144911,"ROE_AVG_SQ":5.182744652628,"PE_TTM_SQ":4.441664157912,"PB_TTM_SQ":0.364130758387,"ROA_SQ":3.245838038224,"START_DATE":"2024-01-01 00:00:00","FISCAL_YEAR":"12-31","CURRENCY":"HKD","IS_CNY_CODE":0,"DPS_HKD_LY":0.0910283,"ORG_TYPE":"一般企业","PREMIUM_INCOME":null,"PREMIUM_INCOME_YOY":null,"NET_INTEREST_INCOME":null,"NET_INTEREST_INCOME_YOY":null,"FEE_COMMISSION_INCOME":null,"FEE_COMMISSION_INCOME_YOY":null,"ACCOUNTS_RECE_TDAYS":17.596016330198,"INVENTORY_TDAYS":13.76445150637,"CURRENT_ASSETS_TDAYS":0.989063002418,"TOTAL_ASSETS_TDAYS":0.122051579728,"PREMIUM_EXPENSE":null,"LOAN_DEPOSIT":null,"LOAN_EQUITY":null,"LOAN_ASSETS":null,"DEPOSIT_EQUITY":null,"DEPOSIT_ASSETS":null,"EQUITY_MULTIPLIER":1.444690158101,"EQUITY_RATIO":0.467029254566},{"SECUCODE":"03369.HK","SECURITY_CODE":"03369","SECURITY_NAME_ABBR":"秦港股份","ORG_CODE":"10139758","STD_REPORT_DATE":"2024-03-31 00:00:00","REPORT_DATE":"2024-03-31 00:00:00","DATE_TYPE_CODE":"003","REPORT_TYPE":"2024年一季报","PER_NETCASH_OPERATE":0.129838431166,"PER_OI":0.306705128285,"BPS":3.379172096724,"BASIC_EPS":0.08,"DILUTED_EPS":0.08,"OPERATE_INCOME":1713687914.24,"OPERATE_INCOME_YOY":-0.7138784932,"GROSS_PROFIT":662608631.97,"GROSS_PROFIT_YOY":0.282368467877,"HOLDER_PROFIT":433950677.22,"HOLDER_PROFIT_YOY":3.8448622182,"GROSS_PROFIT_RATIO":38.665653557104,"EPS_TTM":0.276920594664,"OPERATE_INCOME_QOQ":-0.174653631148,"NET_PROFIT_RATIO":25.9276647695,"ROE_AVG":2.326542196754,"GROSS_PROFIT_QOQ":0.070636139702,"ROA":1.537464414118,"HOLDER_PROFIT_QOQ":1.049309331572,"ROE_YEARLY":9.306168787017,"ROIC_YEARLY":7.189638325575,"TOTAL_ASSETS":28424068177.33,"TOTAL_LIABILITIES":8583195305.09,"TAX_EBT":16.380165689475,"OCF_SALES":42.333309486035,"TOTAL_PARENT_EQUITY":18880826723.3,"DEBT_ASSET_RATIO":30.1969276584,"OPERATE_PROFIT":551426512.91,"PRETAX_PROFIT":531356299.93,"NETCASH_OPERATE":725460808.36,"NETCASH_INVEST":433616887.16,"NETCASH_FINANCE":-54223797.14,"END_CASH":2794210198.12,"DIVI_RATIO":0.297889241955,"DIVIDEND_RATE":4.620725888325,"CURRENT_RATIO":1.315908516394,"COMMON_ACS":null,"CURRENTDEBT_DEBT":35.497836559808,"ISSUED_COMMON_SHARES":5587412000,"HK_COMMON_SHARES":829853000,"PER_SHARES":500,"TOTAL_MARKET_CAP":11007201640,"HKSK_MARKET_CAP":1634810410,"PE_TTM":6.233749809345,"PB_TTM":0.515635221691,"REPORT_DATE_SQ":"2023-03-31 00:00:00","REPORT_TYPE_SQ":"2023年一季报","OPERATE_INCOME_SQ":1726009525.03,"DPS_HKD":0.0910283,"OPERATE_INCOME_QOQ_SQ":1.126424313074,"NET_PROFIT_RATIO_SQ":25.1794927182,"HOLDER_PROFIT_SQ":417883627.51,"HOLDER_PROFIT_QOQ_SQ":6.27066789208,"ROE_AVG_SQ":2.379934713711,"PE_TTM_SQ":4.441664157912,"PB_TTM_SQ":0.364130758387,"ROA_SQ":1.487116013235,"START_DATE":"2024-01-01 00:00:00","FISCAL_YEAR":"12-31","CURRENCY":"HKD","IS_CNY_CODE":0,"DPS_HKD_LY":0.0910283,"ORG_TYPE":"一般企业","PREMIUM_INCOME":null,"PREMIUM_INCOME_YOY":null,"NET_INTEREST_INCOME":null,"NET_INTEREST_INCOME_YOY":null,"FEE_COMMISSION_INCOME":null,"FEE_COMMISSION_INCOME_YOY":null,"ACCOUNTS_RECE_TDAYS":7.742887408919,"INVENTORY_TDAYS":7.105105957811,"CURRENT_ASSETS_TDAYS":0.455379953038,"TOTAL_ASSETS_TDAYS":0.060715061028,"PREMIUM_EXPENSE":null,"LOAN_DEPOSIT":null,"LOAN_EQUITY":null,"LOAN_ASSETS":null,"DEPOSIT_EQUITY":null,"DEPOSIT_ASSETS":null,"EQUITY_MULTIPLIER":1.432601698542,"EQUITY_RATIO":0.454598489297},{"SECUCODE":"03369.HK","SECURITY_CODE":"03369","SECURITY_NAME_ABBR":"秦港股份","ORG_CODE":"10139758","STD_REPORT_DATE":"2023-12-31 00:00:00","REPORT_DATE":"2023-12-31 00:00:00","DATE_TYPE_CODE":"001","REPORT_TYPE":"2023年年报","PER_NETCASH_OPERATE":0.428427169368,"PER_OI":1.262638916615,"BPS":3.297326101653,"BASIC_EPS":0.27,"DILUTED_EPS":0.27,"OPERATE_INCOME":7054883834.36,"OPERATE_INCOME_YOY":1.9577187134,"GROSS_PROFIT":2641324423.83,"GROSS_PROFIT_YOY":-0.411543493062,"HOLDER_PROFIT":1531202403.96,"HOLDER_PROFIT_YOY":17.0269105822,"GROSS_PROFIT_RATIO":37.439658622949,"EPS_TTM":0.274045014751,"OPERATE_INCOME_QOQ":0.851177418185,"NET_PROFIT_RATIO":22.1757411021,"ROE_AVG":8.567335684263,"GROSS_PROFIT_QOQ":-2.409619557539,"ROA":5.471823433278,"HOLDER_PROFIT_QOQ":3.369836532429,"ROE_YEARLY":8.567335684263,"ROIC_YEARLY":6.595892991305,"TOTAL_ASSETS":28026106959.77,"TOTAL_LIABILITIES":8653998785,"TAX_EBT":16.922210759499,"OCF_SALES":33.931091757901,"TOTAL_PARENT_EQUITY":18423519428.29,"DEBT_ASSET_RATIO":30.8783478113,"OPERATE_PROFIT":1988795614.54,"PRETAX_PROFIT":1883142038.88,"NETCASH_OPERATE":2393799107.25,"NETCASH_INVEST":-2739464284.2,"NETCASH_FINANCE":-1411639200.6,"END_CASH":1689267856.26,"DIVI_RATIO":0.301015021568,"DIVIDEND_RATE":4.620725888325,"CURRENT_RATIO":1.112741523175,"COMMON_ACS":null,"CURRENTDEBT_DEBT":36.522926605773,"ISSUED_COMMON_SHARES":5587412000,"HK_COMMON_SHARES":829853000,"PER_SHARES":500,"TOTAL_MARKET_CAP":11007201640,"HKSK_MARKET_CAP":1634810410,"PE_TTM":6.233749809345,"PB_TTM":0.515635221691,"REPORT_DATE_SQ":"2022-12-31 00:00:00","REPORT_TYPE_SQ":"2022年年报","OPERATE_INCOME_SQ":6919421033.92,"DPS_HKD":0.0910283,"OPERATE_INCOME_QOQ_SQ":-2.336107187077,"NET_PROFIT_RATIO_SQ":19.6124023591,"HOLDER_PROFIT_SQ":1308419060.49,"HOLDER_PROFIT_QOQ_SQ":10.481426565507,"ROE_AVG_SQ":7.840255096266,"PE_TTM_SQ":4.441664157912,"PB_TTM_SQ":0.364130758387,"ROA_SQ":4.696603059171,"START_DATE":"2023-01-01 00:00:00","FISCAL_YEAR":"12-31","CURRENCY":"HKD","IS_CNY_CODE":0,"DPS_HKD_LY":0.0772265,"ORG_TYPE":"一般企业","PREMIUM_INCOME":null,"PREMIUM_INCOME_YOY":null,"NET_INTEREST_INCOME":null,"NET_INTEREST_INCOME_YOY":null,"FEE_COMMISSION_INCOME":null,"FEE_COMMISSION_INCOME_YOY":null,"ACCOUNTS_RECE_TDAYS":38.536920317787,"INVENTORY_TDAYS":32.570103650467,"CURRENT_ASSETS_TDAYS":1.604784454914,"TOTAL_ASSETS_TDAYS":0.252109574698,"PREMIUM_EXPENSE":null,"LOAN_DEPOSIT":null,"LOAN_EQUITY":null,"LOAN_ASSETS":null,"DEPOSIT_EQUITY":null,"DEPOSIT_ASSETS":null,"EQUITY_MULTIPLIER":1.44672467792,"EQUITY_RATIO":0.46972560366},{"SECUCODE":"03369.HK","SECURITY_CODE":"03369","SECURITY_NAME_ABBR":"秦港股份","ORG_CODE":"10139758","STD_REPORT_DATE":"2023-09-30 00:00:00","REPORT_DATE":"2023-09-30 00:00:00","DATE_TYPE_CODE":"004","REPORT_TYPE":"2023年三季报","PER_NETCASH_OPERATE":0.42473723194,"PER_OI":0.959683938754,"BPS":3.276073148239,"BASIC_EPS":0.23,"DILUTED_EPS":0.23,"OPERATE_INCOME":5362149555.6,"OPERATE_INCOME_YOY":1.4361850285,"GROSS_PROFIT":2078616139.85,"GROSS_PROFIT_YOY":2.682501015686,"HOLDER_PROFIT":1292540016.25,"HOLDER_PROFIT_YOY":15.4390036171,"GROSS_PROFIT_RATIO":38.764605841312,"EPS_TTM":0.26511120066,"OPERATE_INCOME_QOQ":-1.715035275664,"NET_PROFIT_RATIO":24.9738716564,"ROE_AVG":7.256084840702,"GROSS_PROFIT_QOQ":-2.941597099503,"ROA":4.610441088851,"HOLDER_PROFIT_QOQ":-1.863021832683,"ROE_YEARLY":9.674779787603,"ROIC_YEARLY":5.911350421007,"TOTAL_ASSETS":28129424852.41,"TOTAL_LIABILITIES":8869566973.9,"TAX_EBT":18.018708870436,"OCF_SALES":44.258032753144,"TOTAL_PARENT_EQUITY":18304770421.35,"DEBT_ASSET_RATIO":31.5312773739,"OPERATE_PROFIT":1744080115.11,"PRETAX_PROFIT":1633465793.95,"NETCASH_OPERATE":2373181906.59,"NETCASH_INVEST":216816556.57,"NETCASH_FINANCE":-1428735079,"END_CASH":4608629224.03,"DIVI_RATIO":0.311158735733,"DIVIDEND_RATE":4.620725888325,"CURRENT_RATIO":2.038083436952,"COMMON_ACS":null,"CURRENTDEBT_DEBT":33.415213844502,"ISSUED_COMMON_SHARES":5587412000,"HK_COMMON_SHARES":829853000,"PER_SHARES":500,"TOTAL_MARKET_CAP":11007201640,"HKSK_MARKET_CAP":1634810410,"PE_TTM":6.233749809345,"PB_TTM":0.515635221691,"REPORT_DATE_SQ":"2022-09-30 00:00:00","REPORT_TYPE_SQ":"2022年三季报","OPERATE_INCOME_SQ":5286229518.68,"DPS_HKD":0.0910283,"OPERATE_INCOME_QOQ_SQ":5.221585827683,"NET_PROFIT_RATIO_SQ":21.6598312762,"HOLDER_PROFIT_SQ":1119673572.84,"HOLDER_PROFIT_QOQ_SQ":12.651528583179,"ROE_AVG_SQ":6.752559755048,"PE_TTM_SQ":4.441664157912,"PB_TTM_SQ":0.364130758387,"ROA_SQ":3.996232847826,"START_DATE":"2023-01-01 00:00:00","FISCAL_YEAR":"12-31","CURRENCY":"HKD","IS_CNY_CODE":0,"DPS_HKD_LY":0.0772265,"ORG_TYPE":"一般企业","PREMIUM_INCOME":null,"PREMIUM_INCOME_YOY":null,"NET_INTEREST_INCOME":null,"NET_INTEREST_INCOME_YOY":null,"FEE_COMMISSION_INCOME":null,"FEE_COMMISSION_INCOME_YOY":null,"ACCOUNTS_RECE_TDAYS":28.199279840051,"INVENTORY_TDAYS":24.405783375802,"CURRENT_ASSETS_TDAYS":0.947734670158,"TOTAL_ASSETS_TDAYS":0.191265835679,"PREMIUM_EXPENSE":null,"LOAN_DEPOSIT":null,"LOAN_EQUITY":null,"LOAN_ASSETS":null,"DEPOSIT_EQUITY":null,"DEPOSIT_ASSETS":null,"EQUITY_MULTIPLIER":1.460520894279,"EQUITY_RATIO":0.484549479165},{"SECUCODE":"03369.HK","SECURITY_CODE":"03369","SECURITY_NAME_ABBR":"秦港股份","ORG_CODE":"10139758","STD_REPORT_DATE":"2023-06-30 00:00:00","REPORT_DATE":"2023-06-30 00:00:00","DATE_TYPE_CODE":"002","REPORT_TYPE":"2023年中报","PER_NETCASH_OPERATE":0.283103692307,"PER_OI":0.641477009447,"BPS":3.2036659081,"BASIC_EPS":0.16,"DILUTED_EPS":0.16,"OPERATE_INCOME":3584196340.31,"OPERATE_INCOME_YOY":5.8468336101,"GROSS_PROFIT":1430083099.9,"GROSS_PROFIT_YOY":10.537622822712,"HOLDER_PROFIT":912728144.53,"HOLDER_PROFIT_YOY":28.238779199,"GROSS_PROFIT_RATIO":39.899686404353,"EPS_TTM":0.270144043163,"OPERATE_INCOME_QOQ":1.715561097763,"NET_PROFIT_RATIO":26.5371026864,"ROE_AVG":5.182744652628,"GROSS_PROFIT_QOQ":2.961350849925,"ROA":3.245838038224,"HOLDER_PROFIT_QOQ":8.553997144911,"ROE_YEARLY":10.365489305256,"ROIC_YEARLY":8.323977811434,"TOTAL_ASSETS":28299207762.45,"TOTAL_LIABILITIES":9452834590.26,"TAX_EBT":17.543738833607,"OCF_SALES":44.133100350836,"TOTAL_PARENT_EQUITY":17900201338.91,"DEBT_ASSET_RATIO":33.4031774656,"OPERATE_PROFIT":1236766955.41,"PRETAX_PROFIT":1153510782.39,"NETCASH_OPERATE":1581816967.64,"NETCASH_INVEST":-749418806.24,"NETCASH_FINANCE":-718103707.57,"END_CASH":3562453575.9,"DIVI_RATIO":0.305361780552,"DIVIDEND_RATE":4.620725888325,"CURRENT_RATIO":1.728601433775,"COMMON_ACS":null,"CURRENTDEBT_DEBT":37.281435487628,"ISSUED_COMMON_SHARES":5587412000,"HK_COMMON_SHARES":829853000,"PER_SHARES":500,"TOTAL_MARKET_CAP":11007201640,"HKSK_MARKET_CAP":1634810410,"PE_TTM":6.233749809345,"PB_TTM":0.515635221691,"REPORT_DATE_SQ":"2022-06-30 00:00:00","REPORT_TYPE_SQ":"2022年中报","OPERATE_INCOME_SQ":3386210260.68,"DPS_HKD":0.0910283,"OPERATE_INCOME_QOQ_SQ":2.034835226441,"NET_PROFIT_RATIO_SQ":21.0550603868,"HOLDER_PROFIT_SQ":711741136.52,"HOLDER_PROFIT_QOQ_SQ":0.397458249588,"ROE_AVG_SQ":4.350305527869,"PE_TTM_SQ":4.441664157912,"PB_TTM_SQ":0.364130758387,"ROA_SQ":2.547570592327,"START_DATE":"2023-01-01 00:00:00","FISCAL_YEAR":"12-31","CURRENCY":"HKD","IS_CNY_CODE":0,"DPS_HKD_LY":0.0772265,"ORG_TYPE":"一般企业","PREMIUM_INCOME":null,"PREMIUM_INCOME_YOY":null,"NET_INTEREST_INCOME":null,"NET_INTEREST_INCOME_YOY":null,"FEE_COMMISSION_INCOME":null,"FEE_COMMISSION_INCOME_YOY":null,"ACCOUNTS_RECE_TDAYS":18.559383357271,"INVENTORY_TDAYS":15.917383808052,"CURRENT_ASSETS_TDAYS":0.630624500187,"TOTAL_ASSETS_TDAYS":0.127460962912,"PREMIUM_EXPENSE":null,"LOAN_DEPOSIT":null,"LOAN_EQUITY":null,"LOAN_ASSETS":null,"DEPOSIT_EQUITY":null,"DEPOSIT_ASSETS":null,"EQUITY_MULTIPLIER":1.501573141096,"EQUITY_RATIO":0.528085377996},{"SECUCODE":"03369.HK","SECURITY_CODE":"03369","SECURITY_NAME_ABBR":"秦港股份","ORG_CODE":"10139758","STD_REPORT_DATE":"2023-03-31 00:00:00","REPORT_DATE":"2023-03-31 00:00:00","DATE_TYPE_CODE":"003","REPORT_TYPE":"2023年一季报","PER_NETCASH_OPERATE":0.129072955255,"PER_OI":0.308910373001,"BPS":3.184950284932,"BASIC_EPS":0.07,"DILUTED_EPS":0.07,"OPERATE_INCOME":1726009525.03,"OPERATE_INCOME_YOY":4.7292991093,"GROSS_PROFIT":660742902.36,"GROSS_PROFIT_YOY":9.282997270767,"HOLDER_PROFIT":417883627.51,"HOLDER_PROFIT_YOY":24.4304858011,"GROSS_PROFIT_RATIO":38.281532794468,"EPS_TTM":0.248856836476,"OPERATE_INCOME_QOQ":1.126424313074,"NET_PROFIT_RATIO":25.1794927182,"ROE_AVG":2.379934713711,"GROSS_PROFIT_QOQ":2.116193547684,"ROA":1.487116013235,"HOLDER_PROFIT_QOQ":6.27066789208,"ROE_YEARLY":9.519738854844,"ROIC_YEARLY":7.562691110341,"TOTAL_ASSETS":28259842608.29,"TOTAL_LIABILITIES":9542961389.74,"TAX_EBT":17.509038223964,"OCF_SALES":41.783302386901,"TOTAL_PARENT_EQUITY":17795629441.43,"DEBT_ASSET_RATIO":33.7686289411,"OPERATE_PROFIT":573784239.93,"PRETAX_PROFIT":526846133.58,"NETCASH_OPERATE":721183779.07,"NETCASH_INVEST":442050486.27,"NETCASH_FINANCE":-190287456.85,"END_CASH":4418075710.29,"DIVI_RATIO":0.331482418542,"DIVIDEND_RATE":4.620725888325,"CURRENT_RATIO":1.918101776873,"COMMON_ACS":null,"CURRENTDEBT_DEBT":31.319053938365,"ISSUED_COMMON_SHARES":5587412000,"HK_COMMON_SHARES":829853000,"PER_SHARES":500,"TOTAL_MARKET_CAP":11007201640,"HKSK_MARKET_CAP":1634810410,"PE_TTM":6.233749809345,"PB_TTM":0.515635221691,"REPORT_DATE_SQ":"2022-03-31 00:00:00","REPORT_TYPE_SQ":"2022年一季报","OPERATE_INCOME_SQ":1648067484.18,"DPS_HKD":0.0910283,"OPERATE_INCOME_QOQ_SQ":0.063735998199,"NET_PROFIT_RATIO_SQ":19.8485205952,"HOLDER_PROFIT_SQ":335837013.59,"HOLDER_PROFIT_QOQ_SQ":0.840609194067,"ROE_AVG_SQ":2.069191535652,"PE_TTM_SQ":4.441664157912,"PB_TTM_SQ":0.364130758387,"ROA_SQ":1.205402570352,"START_DATE":"2023-01-01 00:00:00","FISCAL_YEAR":"12-31","CURRENCY":"HKD","IS_CNY_CODE":0,"DPS_HKD_LY":0.0772265,"ORG_TYPE":"一般企业","PREMIUM_INCOME":null,"PREMIUM_INCOME_YOY":null,"NET_INTEREST_INCOME":null,"NET_INTEREST_INCOME_YOY":null,"FEE_COMMISSION_INCOME":null,"FEE_COMMISSION_INCOME_YOY":null,"ACCOUNTS_RECE_TDAYS":9.635050658337,"INVENTORY_TDAYS":8.042260478677,"CURRENT_ASSETS_TDAYS":0.313590874655,"TOTAL_ASSETS_TDAYS":0.061423234477,"PREMIUM_EXPENSE":null,"LOAN_DEPOSIT":null,"LOAN_EQUITY":null,"LOAN_ASSETS":null,"DEPOSIT_EQUITY":null,"DEPOSIT_ASSETS":null,"EQUITY_MULTIPLIER":1.509858521743,"EQUITY_RATIO":0.536253096366},{"SECUCODE":"03369.HK","SECURITY_CODE":"03369","SECURITY_NAME_ABBR":"秦港股份","ORG_CODE":"10139758","STD_REPORT_DATE":"2022-12-31 00:00:00","REPORT_DATE":"2022-12-31 00:00:00","DATE_TYPE_CODE":"001","REPORT_TYPE":"2022年年报","PER_NETCASH_OPERATE":0.43567583727,"PER_OI":1.238394633136,"BPS":3.100112375152,"BASIC_EPS":0.23,"DILUTED_EPS":0.23,"OPERATE_INCOME":6919421033.92,"OPERATE_INCOME_YOY":4.921394735,"GROSS_PROFIT":2652239543.09,"GROSS_PROFIT_YOY":6.08270975992,"HOLDER_PROFIT":1308419060.49,"HOLDER_PROFIT_YOY":26.0040606458,"GROSS_PROFIT_RATIO":38.330367961255,"EPS_TTM":0.23417264746,"OPERATE_INCOME_QOQ":-2.336107187077,"NET_PROFIT_RATIO":19.6124023591,"ROE_AVG":7.840255096266,"GROSS_PROFIT_QOQ":-2.681794147771,"ROA":4.696603059171,"HOLDER_PROFIT_QOQ":10.481426565507,"ROE_YEARLY":7.840255096266,"ROIC_YEARLY":5.807410031404,"TOTAL_ASSETS":27940699083.26,"TOTAL_LIABILITIES":9715622758.59,"TAX_EBT":18.40579450619,"OCF_SALES":35.180694878035,"TOTAL_PARENT_EQUITY":17321605086.27,"DEBT_ASSET_RATIO":34.7722966045,"OPERATE_PROFIT":1803177799.78,"PRETAX_PROFIT":1663187582.84,"NETCASH_OPERATE":2434300401.27,"NETCASH_INVEST":-464680093.15,"NETCASH_FINANCE":-1087273740.96,"END_CASH":3446027714.85,"DIVI_RATIO":0.35226858013,"DIVIDEND_RATE":4.620725888325,"CURRENT_RATIO":1.702649449992,"COMMON_ACS":null,"CURRENTDEBT_DEBT":31.889630336055,"ISSUED_COMMON_SHARES":5587412000,"HK_COMMON_SHARES":829853000,"PER_SHARES":500,"TOTAL_MARKET_CAP":11007201640,"HKSK_MARKET_CAP":1634810410,"PE_TTM":6.233749809345,"PB_TTM":0.515635221691,"REPORT_DATE_SQ":"2021-12-31 00:00:00","REPORT_TYPE_SQ":"2021年年报","OPERATE_INCOME_SQ":6594861850.05,"DPS_HKD":0.0910283,"OPERATE_INCOME_QOQ_SQ":0.584907218411,"NET_PROFIT_RATIO_SQ":15.1199588098,"HOLDER_PROFIT_SQ":1038394361.09,"HOLDER_PROFIT_QOQ_SQ":3.57296823607,"ROE_AVG_SQ":6.641149134347,"PE_TTM_SQ":4.441664157912,"PB_TTM_SQ":0.364130758387,"ROA_SQ":3.844456631676,"START_DATE":"2022-01-01 00:00:00","FISCAL_YEAR":"12-31","CURRENCY":"HKD","IS_CNY_CODE":0,"DPS_HKD_LY":0.0656309,"ORG_TYPE":"一般企业","PREMIUM_INCOME":null,"PREMIUM_INCOME_YOY":null,"NET_INTEREST_INCOME":null,"NET_INTEREST_INCOME_YOY":null,"FEE_COMMISSION_INCOME":null,"FEE_COMMISSION_INCOME_YOY":null,"ACCOUNTS_RECE_TDAYS":39.080435700179,"INVENTORY_TDAYS":29.167115885717,"CURRENT_ASSETS_TDAYS":1.40597532265,"TOTAL_ASSETS_TDAYS":0.248374354799,"PREMIUM_EXPENSE":null,"LOAN_DEPOSIT":null,"LOAN_EQUITY":null,"LOAN_ASSETS":null,"DEPOSIT_EQUITY":null,"DEPOSIT_ASSETS":null,"EQUITY_MULTIPLIER":1.533090922942,"EQUITY_RATIO":0.560896216615},{"SECUCODE":"03369.HK","SECURITY_CODE":"03369","SECURITY_NAME_ABBR":"秦港股份","ORG_CODE":"10139758","STD_REPORT_DATE":"2022-09-30 00:00:00","REPORT_DATE":"2022-09-30 00:00:00","DATE_TYPE_CODE":"004","REPORT_TYPE":"2022年三季报","PER_NETCASH_OPERATE":0.401141836013,"PER_OI":0.946096246112,"BPS":3.061809467942,"BASIC_EPS":0.2,"DILUTED_EPS":0.2,"OPERATE_INCOME":5286229518.68,"OPERATE_INCOME_YOY":10.2179855601,"GROSS_PROFIT":2024313898.95,"GROSS_PROFIT_YOY":12.515100509718,"HOLDER_PROFIT":1119673572.84,"HOLDER_PROFIT_YOY":14.9822818471,"GROSS_PROFIT_RATIO":38.294097745788,"EPS_TTM":0.211956574729,"OPERATE_INCOME_QOQ":5.221585827683,"NET_PROFIT_RATIO":21.6598312762,"ROE_AVG":6.752559755048,"GROSS_PROFIT_QOQ":8.477662350508,"ROA":3.996232847826,"HOLDER_PROFIT_QOQ":12.651528583179,"ROE_YEARLY":9.003413006731,"ROIC_YEARLY":4.966910191708,"TOTAL_ASSETS":28259475218.76,"TOTAL_LIABILITIES":10276305462.46,"TAX_EBT":21.955778595793,"OCF_SALES":42.399685831267,"TOTAL_PARENT_EQUITY":17107590962.89,"DEBT_ASSET_RATIO":36.3641057837,"OPERATE_PROFIT":1582059896.67,"PRETAX_PROFIT":1467102078.82,"NETCASH_OPERATE":2241344708.24,"NETCASH_INVEST":170360339.6,"NETCASH_FINANCE":-899774563.49,"END_CASH":4076940427.99,"DIVI_RATIO":0.38919135267,"DIVIDEND_RATE":4.620725888325,"CURRENT_RATIO":1.66817382403,"COMMON_ACS":null,"CURRENTDEBT_DEBT":32.872523863565,"ISSUED_COMMON_SHARES":5587412000,"HK_COMMON_SHARES":829853000,"PER_SHARES":500,"TOTAL_MARKET_CAP":11007201640,"HKSK_MARKET_CAP":1634810410,"PE_TTM":6.233749809345,"PB_TTM":0.515635221691,"REPORT_DATE_SQ":"2021-09-30 00:00:00","REPORT_TYPE_SQ":"2021年三季报","OPERATE_INCOME_SQ":4796158713.86,"DPS_HKD":0.0910283,"OPERATE_INCOME_QOQ_SQ":-2.260914091536,"NET_PROFIT_RATIO_SQ":19.498319031,"HOLDER_PROFIT_SQ":973779224.81,"HOLDER_PROFIT_QOQ_SQ":-10.343736942681,"ROE_AVG_SQ":6.253163868352,"PE_TTM_SQ":4.441664157912,"PB_TTM_SQ":0.364130758387,"ROA_SQ":3.624305913282,"START_DATE":"2022-01-01 00:00:00","FISCAL_YEAR":"12-31","CURRENCY":"HKD","IS_CNY_CODE":0,"DPS_HKD_LY":0.0656309,"ORG_TYPE":"一般企业","PREMIUM_INCOME":null,"PREMIUM_INCOME_YOY":null,"NET_INTEREST_INCOME":null,"NET_INTEREST_INCOME_YOY":null,"FEE_COMMISSION_INCOME":null,"FEE_COMMISSION_INCOME_YOY":null,"ACCOUNTS_RECE_TDAYS":25.246286899418,"INVENTORY_TDAYS":19.17394498194,"CURRENT_ASSETS_TDAYS":1.036228603905,"TOTAL_ASSETS_TDAYS":0.188671096256,"PREMIUM_EXPENSE":null,"LOAN_DEPOSIT":null,"LOAN_EQUITY":null,"LOAN_ASSETS":null,"DEPOSIT_EQUITY":null,"DEPOSIT_ASSETS":null,"EQUITY_MULTIPLIER":1.571440163316,"EQUITY_RATIO":0.600686881324}],"count":44},"success":true,"message":"ok","code":0}