{"version":"1a013738dad9b658e685ec4307a1951d","result":{"pages":4,"data":[{"SECUCODE":"03360.HK","SECURITY_CODE":"03360","SECURITY_NAME_ABBR":"远东宏信","ORG_CODE":"10160021","STD_REPORT_DATE":"2024-06-30 00:00:00","REPORT_DATE":"2024-06-30 00:00:00","DATE_TYPE_CODE":"002","REPORT_TYPE":"2024年中报","PER_NETCASH_OPERATE":-0.234118226198,"PER_OI":4.175168206445,"BPS":11.1558013623,"BASIC_EPS":0.49,"DILUTED_EPS":0.45,"OPERATE_INCOME":18036339000,"OPERATE_INCOME_YOY":-1.7725270721,"GROSS_PROFIT":null,"GROSS_PROFIT_YOY":null,"HOLDER_PROFIT":2085076000,"HOLDER_PROFIT_YOY":-32.0982283006,"GROSS_PROFIT_RATIO":null,"EPS_TTM":1.205424981503,"OPERATE_INCOME_QOQ":-0.857401822844,"NET_PROFIT_RATIO":12.813221131,"ROE_AVG":4.111279707966,"GROSS_PROFIT_QOQ":null,"ROA":0.584771295119,"HOLDER_PROFIT_QOQ":-15.915589477879,"ROE_YEARLY":8.222559415932,"ROIC_YEARLY":1.271122954009,"TOTAL_ASSETS":361642055000,"TOTAL_LIABILITIES":302589203000,"TAX_EBT":42.333968207074,"OCF_SALES":-5.607396268167,"TOTAL_PARENT_EQUITY":49758725000,"DEBT_ASSET_RATIO":83.6709112827,"OPERATE_PROFIT":4505713000,"PRETAX_PROFIT":4007621000,"NETCASH_OPERATE":-1011369000,"NETCASH_INVEST":-2817252000,"NETCASH_FINANCE":7909012000,"END_CASH":22945585000,"DIVI_RATIO":0.565178265304,"DIVIDEND_RATE":12.886597938144,"CURRENT_RATIO":1.342649964747,"COMMON_ACS":null,"CURRENTDEBT_DEBT":49.751906382463,"ISSUED_COMMON_SHARES":4320075666,"HK_COMMON_SHARES":4320075666,"PER_SHARES":1000,"TOTAL_MARKET_CAP":25142840376.12,"HKSK_MARKET_CAP":25142840376.12,"PE_TTM":4.344080712598,"PB_TTM":0.47614666374,"REPORT_DATE_SQ":"2023-06-30 00:00:00","REPORT_TYPE_SQ":"2023年中报","OPERATE_INCOME_SQ":18361807000,"DPS_HKD":0.75,"OPERATE_INCOME_QOQ_SQ":1.765587679259,"NET_PROFIT_RATIO_SQ":19.0017191663,"HOLDER_PROFIT_SQ":3070724000,"HOLDER_PROFIT_QOQ_SQ":3.790524105623,"ROE_AVG_SQ":6.247974147299,"PE_TTM_SQ":3.759260854117,"PB_TTM_SQ":0.503534820364,"ROA_SQ":0.866999670392,"START_DATE":"2024-01-01 00:00:00","FISCAL_YEAR":"12-31","CURRENCY":"HKD","IS_CNY_CODE":0,"DPS_HKD_LY":0.75,"ORG_TYPE":"证券","PREMIUM_INCOME":null,"PREMIUM_INCOME_YOY":null,"NET_INTEREST_INCOME":10699938000,"NET_INTEREST_INCOME_YOY":null,"FEE_COMMISSION_INCOME":null,"FEE_COMMISSION_INCOME_YOY":null,"ACCOUNTS_RECE_TDAYS":null,"INVENTORY_TDAYS":null,"CURRENT_ASSETS_TDAYS":0.089983981296,"TOTAL_ASSETS_TDAYS":0.050583927474,"PREMIUM_EXPENSE":null,"LOAN_DEPOSIT":null,"LOAN_EQUITY":null,"LOAN_ASSETS":null,"DEPOSIT_EQUITY":null,"DEPOSIT_ASSETS":null,"EQUITY_MULTIPLIER":6.124040461245,"EQUITY_RATIO":6.081128545798},{"SECUCODE":"03360.HK","SECURITY_CODE":"03360","SECURITY_NAME_ABBR":"远东宏信","ORG_CODE":"10160021","STD_REPORT_DATE":"2023-12-31 00:00:00","REPORT_DATE":"2023-12-31 00:00:00","DATE_TYPE_CODE":"001","REPORT_TYPE":"2023年年报","PER_NETCASH_OPERATE":0.863594360808,"PER_OI":8.796895203021,"BPS":11.596873034955,"BASIC_EPS":1.47,"DILUTED_EPS":1.33,"OPERATE_INCOME":37959798000,"OPERATE_INCOME_YOY":3.7557711722,"GROSS_PROFIT":null,"GROSS_PROFIT_YOY":null,"HOLDER_PROFIT":6192972000,"HOLDER_PROFIT_YOY":1.0445175474,"GROSS_PROFIT_RATIO":null,"EPS_TTM":1.435174277778,"OPERATE_INCOME_QOQ":1.955654694558,"NET_PROFIT_RATIO":18.2219699905,"ROE_AVG":12.385628785747,"GROSS_PROFIT_QOQ":null,"ROA":1.773279166096,"HOLDER_PROFIT_QOQ":-2.68573194787,"ROE_YEARLY":12.385628785747,"ROIC_YEARLY":1.894709701229,"TOTAL_ASSETS":351483236000,"TOTAL_LIABILITIES":293913636000,"TAX_EBT":33.651314211828,"OCF_SALES":9.817035907304,"TOTAL_PARENT_EQUITY":51673245000,"DEBT_ASSET_RATIO":83.620954258,"OPERATE_PROFIT":11193925000,"PRETAX_PROFIT":10425260000,"NETCASH_OPERATE":3726527000,"NETCASH_INVEST":-2397246000,"NETCASH_FINANCE":1591619000,"END_CASH":18852540000,"DIVI_RATIO":0.474701930315,"DIVIDEND_RATE":13.181019332162,"CURRENT_RATIO":1.265201273762,"COMMON_ACS":null,"CURRENTDEBT_DEBT":53.447850238565,"ISSUED_COMMON_SHARES":4320075666,"HK_COMMON_SHARES":4320075666,"PER_SHARES":1000,"TOTAL_MARKET_CAP":24581230539.54,"HKSK_MARKET_CAP":24581230539.54,"PE_TTM":4.247047981905,"PB_TTM":0.46551108534,"REPORT_DATE_SQ":"2022-12-31 00:00:00","REPORT_TYPE_SQ":"2022年年报","OPERATE_INCOME_SQ":36585722000,"DPS_HKD":0.75,"OPERATE_INCOME_QOQ_SQ":-4.91933025027,"NET_PROFIT_RATIO_SQ":18.04649639,"HOLDER_PROFIT_SQ":6128954000,"HOLDER_PROFIT_QOQ_SQ":6.051416518424,"ROE_AVG_SQ":12.594909899075,"PE_TTM_SQ":3.765536748699,"PB_TTM_SQ":0.504375446108,"ROA_SQ":1.795785200018,"START_DATE":"2023-01-01 00:00:00","FISCAL_YEAR":"12-31","CURRENCY":"HKD","IS_CNY_CODE":0,"DPS_HKD_LY":0.49,"ORG_TYPE":"证券","PREMIUM_INCOME":null,"PREMIUM_INCOME_YOY":null,"NET_INTEREST_INCOME":22467103000,"NET_INTEREST_INCOME_YOY":null,"FEE_COMMISSION_INCOME":null,"FEE_COMMISSION_INCOME_YOY":null,"ACCOUNTS_RECE_TDAYS":null,"INVENTORY_TDAYS":null,"CURRENT_ASSETS_TDAYS":0.203008687112,"TOTAL_ASSETS_TDAYS":0.108693078126,"PREMIUM_EXPENSE":null,"LOAN_DEPOSIT":null,"LOAN_EQUITY":null,"LOAN_ASSETS":null,"DEPOSIT_EQUITY":null,"DEPOSIT_ASSETS":null,"EQUITY_MULTIPLIER":6.105361788176,"EQUITY_RATIO":5.687926817834},{"SECUCODE":"03360.HK","SECURITY_CODE":"03360","SECURITY_NAME_ABBR":"远东宏信","ORG_CODE":"10160021","STD_REPORT_DATE":"2023-06-30 00:00:00","REPORT_DATE":"2023-06-30 00:00:00","DATE_TYPE_CODE":"002","REPORT_TYPE":"2023年中报","PER_NETCASH_OPERATE":-2.002990837153,"PER_OI":4.252771225255,"BPS":10.955240986281,"BASIC_EPS":0.73,"DILUTED_EPS":0.66,"OPERATE_INCOME":18361807000,"OPERATE_INCOME_YOY":3.6461860659,"GROSS_PROFIT":null,"GROSS_PROFIT_YOY":null,"HOLDER_PROFIT":3070724000,"HOLDER_PROFIT_YOY":8.1885023794,"GROSS_PROFIT_RATIO":null,"EPS_TTM":1.473937941942,"OPERATE_INCOME_QOQ":1.765587679259,"NET_PROFIT_RATIO":19.0017191663,"ROE_AVG":6.247974147299,"GROSS_PROFIT_QOQ":null,"ROA":0.866999670392,"HOLDER_PROFIT_QOQ":3.790524105623,"ROE_YEARLY":12.495948294598,"ROIC_YEARLY":1.859744951573,"TOTAL_ASSETS":361362852000,"TOTAL_LIABILITIES":304900349000,"TAX_EBT":30.084442298097,"OCF_SALES":-47.098485459519,"TOTAL_PARENT_EQUITY":49965729000,"DEBT_ASSET_RATIO":84.3751224877,"OPERATE_PROFIT":5271430000,"PRETAX_PROFIT":4990390000,"NETCASH_OPERATE":-8648133000,"NETCASH_INVEST":-178250000,"NETCASH_FINANCE":14263577000,"END_CASH":21382384000,"DIVI_RATIO":0.4622175606,"DIVIDEND_RATE":13.181019332162,"CURRENT_RATIO":1.071897114866,"COMMON_ACS":null,"CURRENTDEBT_DEBT":58.19422004007,"ISSUED_COMMON_SHARES":4320075666,"HK_COMMON_SHARES":4320075666,"PER_SHARES":1000,"TOTAL_MARKET_CAP":24581230539.54,"HKSK_MARKET_CAP":24581230539.54,"PE_TTM":4.247047981905,"PB_TTM":0.46551108534,"REPORT_DATE_SQ":"2022-06-30 00:00:00","REPORT_TYPE_SQ":"2022年中报","OPERATE_INCOME_SQ":17715854000,"DPS_HKD":0.75,"OPERATE_INCOME_QOQ_SQ":4.145669536956,"NET_PROFIT_RATIO_SQ":17.6553272566,"HOLDER_PROFIT_SQ":2838309000,"HOLDER_PROFIT_QOQ_SQ":4.886575252007,"ROE_AVG_SQ":6.020785552852,"PE_TTM_SQ":3.765536748699,"PB_TTM_SQ":0.504375446108,"ROA_SQ":0.818659792645,"START_DATE":"2023-01-01 00:00:00","FISCAL_YEAR":"12-31","CURRENCY":"HKD","IS_CNY_CODE":0,"DPS_HKD_LY":0.49,"ORG_TYPE":"证券","PREMIUM_INCOME":null,"PREMIUM_INCOME_YOY":null,"NET_INTEREST_INCOME":11084837000,"NET_INTEREST_INCOME_YOY":null,"FEE_COMMISSION_INCOME":null,"FEE_COMMISSION_INCOME_YOY":null,"ACCOUNTS_RECE_TDAYS":null,"INVENTORY_TDAYS":null,"CURRENT_ASSETS_TDAYS":0.100499083189,"TOTAL_ASSETS_TDAYS":0.051843410925,"PREMIUM_EXPENSE":null,"LOAN_DEPOSIT":null,"LOAN_EQUITY":null,"LOAN_ASSETS":null,"DEPOSIT_EQUITY":null,"DEPOSIT_ASSETS":null,"EQUITY_MULTIPLIER":6.400050171355,"EQUITY_RATIO":6.102189542756},{"SECUCODE":"03360.HK","SECURITY_CODE":"03360","SECURITY_NAME_ABBR":"远东宏信","ORG_CODE":"10160021","STD_REPORT_DATE":"2022-12-31 00:00:00","REPORT_DATE":"2022-12-31 00:00:00","DATE_TYPE_CODE":"001","REPORT_TYPE":"2022年年报","PER_NETCASH_OPERATE":-1.780933356797,"PER_OI":8.477729256244,"BPS":10.473651273311,"BASIC_EPS":1.46,"DILUTED_EPS":1.33,"OPERATE_INCOME":36585722000,"OPERATE_INCOME_YOY":8.7439238284,"GROSS_PROFIT":null,"GROSS_PROFIT_YOY":null,"HOLDER_PROFIT":6128954000,"HOLDER_PROFIT_YOY":11.2336987924,"GROSS_PROFIT_RATIO":null,"EPS_TTM":1.420799527031,"OPERATE_INCOME_QOQ":-4.91933025027,"NET_PROFIT_RATIO":18.04649639,"ROE_AVG":12.594909899075,"GROSS_PROFIT_QOQ":null,"ROA":1.795785200018,"HOLDER_PROFIT_QOQ":6.051416518424,"ROE_YEARLY":12.594909899075,"ROIC_YEARLY":1.906607133193,"TOTAL_ASSETS":346995497000,"TOTAL_LIABILITIES":294554075000,"TAX_EBT":36.038631190941,"OCF_SALES":-21.007197835265,"TOTAL_PARENT_EQUITY":48329300000,"DEBT_ASSET_RATIO":84.8874691598,"OPERATE_PROFIT":11129353000,"PRETAX_PROFIT":10318605000,"NETCASH_OPERATE":-7685635000,"NETCASH_INVEST":-1765834000,"NETCASH_FINANCE":9611412000,"END_CASH":15903843000,"DIVI_RATIO":0.479504664126,"DIVIDEND_RATE":13.181019332162,"CURRENT_RATIO":1.149352035437,"COMMON_ACS":null,"CURRENTDEBT_DEBT":51.756883689353,"ISSUED_COMMON_SHARES":4320075666,"HK_COMMON_SHARES":4320075666,"PER_SHARES":1000,"TOTAL_MARKET_CAP":24581230539.54,"HKSK_MARKET_CAP":24581230539.54,"PE_TTM":4.247047981905,"PB_TTM":0.46551108534,"REPORT_DATE_SQ":"2021-12-31 00:00:00","REPORT_TYPE_SQ":"2021年年报","OPERATE_INCOME_SQ":33643923000,"DPS_HKD":0.75,"OPERATE_INCOME_QOQ_SQ":8.994852859855,"NET_PROFIT_RATIO_SQ":16.8573154213,"HOLDER_PROFIT_SQ":5512245000,"HOLDER_PROFIT_QOQ_SQ":8.232766288484,"ROE_AVG_SQ":12.030945875471,"PE_TTM_SQ":3.765536748699,"PB_TTM_SQ":0.504375446108,"ROA_SQ":1.733936348956,"START_DATE":"2022-01-01 00:00:00","FISCAL_YEAR":"12-31","CURRENCY":"HKD","IS_CNY_CODE":0,"DPS_HKD_LY":0.42,"ORG_TYPE":"证券","PREMIUM_INCOME":null,"PREMIUM_INCOME_YOY":null,"NET_INTEREST_INCOME":21677501000,"NET_INTEREST_INCOME_YOY":null,"FEE_COMMISSION_INCOME":null,"FEE_COMMISSION_INCOME_YOY":null,"ACCOUNTS_RECE_TDAYS":null,"INVENTORY_TDAYS":null,"CURRENT_ASSETS_TDAYS":0.21629156625,"TOTAL_ASSETS_TDAYS":0.107152208587,"PREMIUM_EXPENSE":null,"LOAN_DEPOSIT":null,"LOAN_EQUITY":null,"LOAN_ASSETS":null,"DEPOSIT_EQUITY":null,"DEPOSIT_ASSETS":null,"EQUITY_MULTIPLIER":6.617025371687,"EQUITY_RATIO":6.094730836159},{"SECUCODE":"03360.HK","SECURITY_CODE":"03360","SECURITY_NAME_ABBR":"远东宏信","ORG_CODE":"10160021","STD_REPORT_DATE":"2022-06-30 00:00:00","REPORT_DATE":"2022-06-30 00:00:00","DATE_TYPE_CODE":"002","REPORT_TYPE":"2022年中报","PER_NETCASH_OPERATE":-4.940787650273,"PER_OI":4.105242493111,"BPS":9.763765096053,"BASIC_EPS":0.68,"DILUTED_EPS":0.61,"OPERATE_INCOME":17715854000,"OPERATE_INCOME_YOY":9.4641753661,"GROSS_PROFIT":null,"GROSS_PROFIT_YOY":null,"HOLDER_PROFIT":2838309000,"HOLDER_PROFIT_YOY":10.469181483,"GROSS_PROFIT_RATIO":null,"EPS_TTM":1.339754240715,"OPERATE_INCOME_QOQ":4.145669536956,"NET_PROFIT_RATIO":17.6553272566,"ROE_AVG":6.020785552852,"GROSS_PROFIT_QOQ":null,"ROA":0.818659792645,"HOLDER_PROFIT_QOQ":4.886575252007,"ROE_YEARLY":12.041571105703,"ROIC_YEARLY":1.730833847747,"TOTAL_ASSETS":358485070000,"TOTAL_LIABILITIES":309020789000,"TAX_EBT":31.483567580846,"OCF_SALES":-120.353125511195,"TOTAL_PARENT_EQUITY":45377498000,"DEBT_ASSET_RATIO":86.2018574442,"OPERATE_PROFIT":4945269000,"PRETAX_PROFIT":4559280000,"NETCASH_OPERATE":-21321584000,"NETCASH_INVEST":-2682230000,"NETCASH_FINANCE":22068686000,"END_CASH":13752478000,"DIVI_RATIO":0.508511172644,"DIVIDEND_RATE":13.181019332162,"CURRENT_RATIO":0.981339100942,"COMMON_ACS":null,"CURRENTDEBT_DEBT":57.500931110496,"ISSUED_COMMON_SHARES":4320075666,"HK_COMMON_SHARES":4320075666,"PER_SHARES":1000,"TOTAL_MARKET_CAP":24581230539.54,"HKSK_MARKET_CAP":24581230539.54,"PE_TTM":4.247047981905,"PB_TTM":0.46551108534,"REPORT_DATE_SQ":"2021-06-30 00:00:00","REPORT_TYPE_SQ":"2021年中报","OPERATE_INCOME_SQ":16184157000,"DPS_HKD":0.75,"OPERATE_INCOME_QOQ_SQ":9.272377491056,"NET_PROFIT_RATIO_SQ":16.8643285533,"HOLDER_PROFIT_SQ":2572885000,"HOLDER_PROFIT_QOQ_SQ":11.303128164098,"ROE_AVG_SQ":5.837906469926,"PE_TTM_SQ":3.765536748699,"PB_TTM_SQ":0.504375446108,"ROA_SQ":0.812299911987,"START_DATE":"2022-01-01 00:00:00","FISCAL_YEAR":"12-31","CURRENCY":"HKD","IS_CNY_CODE":0,"DPS_HKD_LY":0.42,"ORG_TYPE":"证券","PREMIUM_INCOME":null,"PREMIUM_INCOME_YOY":null,"NET_INTEREST_INCOME":10517904000,"NET_INTEREST_INCOME_YOY":null,"FEE_COMMISSION_INCOME":null,"FEE_COMMISSION_INCOME_YOY":null,"ACCOUNTS_RECE_TDAYS":null,"INVENTORY_TDAYS":null,"CURRENT_ASSETS_TDAYS":0.104997465365,"TOTAL_ASSETS_TDAYS":0.051027470757,"PREMIUM_EXPENSE":null,"LOAN_DEPOSIT":null,"LOAN_EQUITY":null,"LOAN_ASSETS":null,"DEPOSIT_EQUITY":null,"DEPOSIT_ASSETS":null,"EQUITY_MULTIPLIER":7.247352286411,"EQUITY_RATIO":6.810000608672},{"SECUCODE":"03360.HK","SECURITY_CODE":"03360","SECURITY_NAME_ABBR":"远东宏信","ORG_CODE":"10160021","STD_REPORT_DATE":"2021-12-31 00:00:00","REPORT_DATE":"2021-12-31 00:00:00","DATE_TYPE_CODE":"001","REPORT_TYPE":"2021年年报","PER_NETCASH_OPERATE":-3.446356535419,"PER_OI":7.798798853623,"BPS":9.611533040218,"BASIC_EPS":1.36,"DILUTED_EPS":1.25,"OPERATE_INCOME":33643923000,"OPERATE_INCOME_YOY":19.1012670628,"GROSS_PROFIT":null,"GROSS_PROFIT_YOY":null,"HOLDER_PROFIT":5512245000,"HOLDER_PROFIT_YOY":20.4664545776,"GROSS_PROFIT_RATIO":null,"EPS_TTM":1.277760919465,"OPERATE_INCOME_QOQ":8.994852859855,"NET_PROFIT_RATIO":16.8573154213,"ROE_AVG":12.030945875471,"GROSS_PROFIT_QOQ":null,"ROA":1.733936348956,"HOLDER_PROFIT_QOQ":8.232766288484,"ROE_YEARLY":12.030945875471,"ROIC_YEARLY":1.83257698759,"TOTAL_ASSETS":335880288000,"TOTAL_LIABILITIES":282826178000,"TAX_EBT":37.800133382628,"OCF_SALES":-40.240274458639,"TOTAL_PARENT_EQUITY":49036926000,"DEBT_ASSET_RATIO":84.2044585838,"OPERATE_PROFIT":11426057000,"PRETAX_PROFIT":10013298000,"NETCASH_OPERATE":-14867540000,"NETCASH_INVEST":-9845120000,"NETCASH_FINANCE":28515737000,"END_CASH":15659036000,"DIVI_RATIO":0.5331826867,"DIVIDEND_RATE":13.181019332162,"CURRENT_RATIO":1.04009187024,"COMMON_ACS":null,"CURRENTDEBT_DEBT":55.437896912074,"ISSUED_COMMON_SHARES":4320075666,"HK_COMMON_SHARES":4320075666,"PER_SHARES":1000,"TOTAL_MARKET_CAP":24581230539.54,"HKSK_MARKET_CAP":24581230539.54,"PE_TTM":4.247047981905,"PB_TTM":0.46551108534,"REPORT_DATE_SQ":"2020-12-31 00:00:00","REPORT_TYPE_SQ":"2020年年报","OPERATE_INCOME_SQ":31021429000,"DPS_HKD":0.75,"OPERATE_INCOME_QOQ_SQ":16.584558263531,"NET_PROFIT_RATIO_SQ":16.2242268079,"HOLDER_PROFIT_SQ":4575751000,"HOLDER_PROFIT_QOQ_SQ":9.998033581996,"ROE_AVG_SQ":11.081156671259,"PE_TTM_SQ":3.765536748699,"PB_TTM_SQ":0.504375446108,"ROA_SQ":1.63274662681,"START_DATE":"2021-01-01 00:00:00","FISCAL_YEAR":"12-31","CURRENCY":"HKD","IS_CNY_CODE":0,"DPS_HKD_LY":0.36,"ORG_TYPE":"证券","PREMIUM_INCOME":null,"PREMIUM_INCOME_YOY":null,"NET_INTEREST_INCOME":19168370000,"NET_INTEREST_INCOME_YOY":null,"FEE_COMMISSION_INCOME":null,"FEE_COMMISSION_INCOME_YOY":null,"ACCOUNTS_RECE_TDAYS":null,"INVENTORY_TDAYS":null,"CURRENT_ASSETS_TDAYS":0.239714840222,"TOTAL_ASSETS_TDAYS":0.116220521585,"PREMIUM_EXPENSE":null,"LOAN_DEPOSIT":null,"LOAN_EQUITY":null,"LOAN_ASSETS":null,"DEPOSIT_EQUITY":null,"DEPOSIT_ASSETS":null,"EQUITY_MULTIPLIER":6.330900433551,"EQUITY_RATIO":5.767616387699},{"SECUCODE":"03360.HK","SECURITY_CODE":"03360","SECURITY_NAME_ABBR":"远东宏信","ORG_CODE":"10160021","STD_REPORT_DATE":"2021-06-30 00:00:00","REPORT_DATE":"2021-06-30 00:00:00","DATE_TYPE_CODE":"002","REPORT_TYPE":"2021年中报","PER_NETCASH_OPERATE":-5.07712546735,"PER_OI":3.886265384909,"BPS":8.592162468851,"BASIC_EPS":0.64,"DILUTED_EPS":0.6,"OPERATE_INCOME":16184157000,"OPERATE_INCOME_YOY":20.1592457797,"GROSS_PROFIT":null,"GROSS_PROFIT_YOY":null,"HOLDER_PROFIT":2572885000,"HOLDER_PROFIT_YOY":25.1596793668,"GROSS_PROFIT_RATIO":null,"EPS_TTM":1.222959641156,"OPERATE_INCOME_QOQ":9.272377491056,"NET_PROFIT_RATIO":16.8643285533,"ROE_AVG":5.837906469926,"GROSS_PROFIT_QOQ":null,"ROA":0.812299911987,"HOLDER_PROFIT_QOQ":11.303128164098,"ROE_YEARLY":11.675812939852,"ROIC_YEARLY":1.707506646881,"TOTAL_ASSETS":333554753000,"TOTAL_LIABILITIES":285175866000,"TAX_EBT":31.279024636731,"OCF_SALES":-123.321757902363,"TOTAL_PARENT_EQUITY":45546583000,"DEBT_ASSET_RATIO":85.4959683336,"OPERATE_PROFIT":4450845000,"PRETAX_PROFIT":4207417000,"NETCASH_OPERATE":-21143434000,"NETCASH_INVEST":-5135860000,"NETCASH_FINANCE":27820872000,"END_CASH":13379108000,"DIVI_RATIO":0.55707480204,"DIVIDEND_RATE":13.181019332162,"CURRENT_RATIO":1.119109748246,"COMMON_ACS":null,"CURRENTDEBT_DEBT":51.190398068257,"ISSUED_COMMON_SHARES":4320075666,"HK_COMMON_SHARES":4320075666,"PER_SHARES":1000,"TOTAL_MARKET_CAP":24581230539.54,"HKSK_MARKET_CAP":24581230539.54,"PE_TTM":4.247047981905,"PB_TTM":0.46551108534,"REPORT_DATE_SQ":"2020-06-30 00:00:00","REPORT_TYPE_SQ":"2020年中报","OPERATE_INCOME_SQ":14268510000,"DPS_HKD":0.75,"OPERATE_INCOME_QOQ_SQ":-0.923196842652,"NET_PROFIT_RATIO_SQ":16.5251031818,"HOLDER_PROFIT_SQ":2055682000,"HOLDER_PROFIT_QOQ_SQ":-4.097978560504,"ROE_AVG_SQ":4.911221493979,"PE_TTM_SQ":3.765536748699,"PB_TTM_SQ":0.504375446108,"ROA_SQ":0.747672920854,"START_DATE":"2021-01-01 00:00:00","FISCAL_YEAR":"12-31","CURRENCY":"HKD","IS_CNY_CODE":0,"DPS_HKD_LY":0.36,"ORG_TYPE":"证券","PREMIUM_INCOME":null,"PREMIUM_INCOME_YOY":null,"NET_INTEREST_INCOME":9358025000,"NET_INTEREST_INCOME_YOY":null,"FEE_COMMISSION_INCOME":null,"FEE_COMMISSION_INCOME_YOY":null,"ACCOUNTS_RECE_TDAYS":null,"INVENTORY_TDAYS":null,"CURRENT_ASSETS_TDAYS":0.111132710069,"TOTAL_ASSETS_TDAYS":0.054129229947,"PREMIUM_EXPENSE":null,"LOAN_DEPOSIT":null,"LOAN_EQUITY":null,"LOAN_ASSETS":null,"DEPOSIT_EQUITY":null,"DEPOSIT_ASSETS":null,"EQUITY_MULTIPLIER":6.894634698824,"EQUITY_RATIO":6.261191229208},{"SECUCODE":"03360.HK","SECURITY_CODE":"03360","SECURITY_NAME_ABBR":"远东宏信","ORG_CODE":"10160021","STD_REPORT_DATE":"2020-12-31 00:00:00","REPORT_DATE":"2020-12-31 00:00:00","DATE_TYPE_CODE":"001","REPORT_TYPE":"2020年年报","PER_NETCASH_OPERATE":-6.149942671377,"PER_OI":7.798923420536,"BPS":7.897882962682,"BASIC_EPS":1.2,"DILUTED_EPS":1.16,"OPERATE_INCOME":31021429000,"OPERATE_INCOME_YOY":10.7949805828,"GROSS_PROFIT":null,"GROSS_PROFIT_YOY":null,"HOLDER_PROFIT":4575751000,"HOLDER_PROFIT_YOY":5.4903377488,"GROSS_PROFIT_RATIO":null,"EPS_TTM":1.150363886862,"OPERATE_INCOME_QOQ":16.584558263531,"NET_PROFIT_RATIO":16.2242268079,"ROE_AVG":11.081156671259,"GROSS_PROFIT_QOQ":null,"ROA":1.63274662681,"HOLDER_PROFIT_QOQ":9.998033581996,"ROE_YEARLY":11.081156671259,"ROIC_YEARLY":1.693421718572,"TOTAL_ASSETS":299926788000,"TOTAL_LIABILITIES":254659655000,"TAX_EBT":32.960956882582,"OCF_SALES":-78.856302847944,"TOTAL_PARENT_EQUITY":42597515000,"DEBT_ASSET_RATIO":84.9072724374,"OPERATE_PROFIT":7657059000,"PRETAX_PROFIT":7507546000,"NETCASH_OPERATE":-24462352000,"NETCASH_INVEST":-10554880000,"NETCASH_FINANCE":42942812000,"END_CASH":11877235000,"DIVI_RATIO":0.5922299959,"DIVIDEND_RATE":13.181019332162,"CURRENT_RATIO":1.122495927848,"COMMON_ACS":null,"CURRENTDEBT_DEBT":50.787464154854,"ISSUED_COMMON_SHARES":4320075666,"HK_COMMON_SHARES":4320075666,"PER_SHARES":1000,"TOTAL_MARKET_CAP":24581230539.54,"HKSK_MARKET_CAP":24581230539.54,"PE_TTM":4.247047981905,"PB_TTM":0.46551108534,"REPORT_DATE_SQ":"2019-12-31 00:00:00","REPORT_TYPE_SQ":"2019年年报","OPERATE_INCOME_SQ":27998948000,"DPS_HKD":0.75,"OPERATE_INCOME_QOQ_SQ":-2.172618653004,"NET_PROFIT_RATIO_SQ":17.9780090906,"HOLDER_PROFIT_SQ":4337602000,"HOLDER_PROFIT_QOQ_SQ":4.490416737731,"ROE_AVG_SQ":11.192658696847,"PE_TTM_SQ":3.765536748699,"PB_TTM_SQ":0.504375446108,"ROA_SQ":1.647585692677,"START_DATE":"2020-01-01 00:00:00","FISCAL_YEAR":"12-31","CURRENCY":"HKD","IS_CNY_CODE":0,"DPS_HKD_LY":0.33,"ORG_TYPE":"证券","PREMIUM_INCOME":null,"PREMIUM_INCOME_YOY":null,"NET_INTEREST_INCOME":16521643000,"NET_INTEREST_INCOME_YOY":null,"FEE_COMMISSION_INCOME":null,"FEE_COMMISSION_INCOME_YOY":null,"ACCOUNTS_RECE_TDAYS":null,"INVENTORY_TDAYS":null,"CURRENT_ASSETS_TDAYS":0.240489556815,"TOTAL_ASSETS_TDAYS":0.110692503938,"PREMIUM_EXPENSE":null,"LOAN_DEPOSIT":null,"LOAN_EQUITY":null,"LOAN_ASSETS":null,"DEPOSIT_EQUITY":null,"DEPOSIT_ASSETS":null,"EQUITY_MULTIPLIER":6.625707618801,"EQUITY_RATIO":5.978274906412},{"SECUCODE":"03360.HK","SECURITY_CODE":"03360","SECURITY_NAME_ABBR":"远东宏信","ORG_CODE":"10160021","STD_REPORT_DATE":"2020-06-30 00:00:00","REPORT_DATE":"2020-06-30 00:00:00","DATE_TYPE_CODE":"002","REPORT_TYPE":"2020年中报","PER_NETCASH_OPERATE":-4.239869035489,"PER_OI":3.599881306256,"BPS":7.175840979819,"BASIC_EPS":0.54,"DILUTED_EPS":0.54,"OPERATE_INCOME":14268510000,"OPERATE_INCOME_YOY":-1.7079798033,"GROSS_PROFIT":null,"GROSS_PROFIT_YOY":null,"HOLDER_PROFIT":2055682000,"HOLDER_PROFIT_YOY":-7.9587684626,"GROSS_PROFIT_RATIO":null,"EPS_TTM":1.049511059814,"OPERATE_INCOME_QOQ":-0.923196842652,"NET_PROFIT_RATIO":16.5251031818,"ROE_AVG":4.911221493979,"GROSS_PROFIT_QOQ":null,"ROA":0.747672920854,"HOLDER_PROFIT_QOQ":-4.097978560504,"ROE_YEARLY":9.822442987959,"ROIC_YEARLY":1.538650727123,"TOTAL_ASSETS":289317456000,"TOTAL_LIABILITIES":243624474000,"TAX_EBT":29.184170004652,"OCF_SALES":-117.778023073187,"TOTAL_PARENT_EQUITY":43725028000,"DEBT_ASSET_RATIO":84.2066280301,"OPERATE_PROFIT":3403876000,"PRETAX_PROFIT":3329603000,"NETCASH_OPERATE":-16805169000,"NETCASH_INVEST":-6784149000,"NETCASH_FINANCE":27560190000,"END_CASH":7972789000,"DIVI_RATIO":0.649140372204,"DIVIDEND_RATE":13.181019332162,"CURRENT_RATIO":0.998202655246,"COMMON_ACS":null,"CURRENTDEBT_DEBT":52.538934573544,"ISSUED_COMMON_SHARES":4320075666,"HK_COMMON_SHARES":4320075666,"PER_SHARES":1000,"TOTAL_MARKET_CAP":24581230539.54,"HKSK_MARKET_CAP":24581230539.54,"PE_TTM":4.247047981905,"PB_TTM":0.46551108534,"REPORT_DATE_SQ":"2019-06-30 00:00:00","REPORT_TYPE_SQ":"2019年中报","OPERATE_INCOME_SQ":14516448000,"DPS_HKD":0.75,"OPERATE_INCOME_QOQ_SQ":5.812638040513,"NET_PROFIT_RATIO_SQ":17.4207905405,"HOLDER_PROFIT_SQ":2233436000,"HOLDER_PROFIT_QOQ_SQ":5.696386887036,"ROE_AVG_SQ":5.878259739435,"PE_TTM_SQ":3.765536748699,"PB_TTM_SQ":0.504375446108,"ROA_SQ":0.850500839777,"START_DATE":"2020-01-01 00:00:00","FISCAL_YEAR":"12-31","CURRENCY":"HKD","IS_CNY_CODE":0,"DPS_HKD_LY":0.33,"ORG_TYPE":"证券","PREMIUM_INCOME":null,"PREMIUM_INCOME_YOY":null,"NET_INTEREST_INCOME":7730045000,"NET_INTEREST_INCOME_YOY":null,"FEE_COMMISSION_INCOME":null,"FEE_COMMISSION_INCOME_YOY":null,"ACCOUNTS_RECE_TDAYS":null,"INVENTORY_TDAYS":null,"CURRENT_ASSETS_TDAYS":0.118620008288,"TOTAL_ASSETS_TDAYS":0.051896054681,"PREMIUM_EXPENSE":null,"LOAN_DEPOSIT":null,"LOAN_EQUITY":null,"LOAN_ASSETS":null,"DEPOSIT_EQUITY":null,"DEPOSIT_ASSETS":null,"EQUITY_MULTIPLIER":6.331770073584,"EQUITY_RATIO":5.571739691053}],"count":34},"success":true,"message":"ok","code":0}