{"version":"9f05960514e9c37fcb1a8fd87638a0cc","result":{"pages":5,"data":[{"SECUCODE":"03366.HK","SECURITY_CODE":"03366","SECURITY_NAME_ABBR":"华侨城(亚洲)","ORG_CODE":"10010632","STD_REPORT_DATE":"2024-06-30 00:00:00","REPORT_DATE":"2024-06-30 00:00:00","DATE_TYPE_CODE":"002","REPORT_TYPE":"2024年中报","PER_NETCASH_OPERATE":-0.911424356531,"PER_OI":0.799714310912,"BPS":-0.664702832571,"BASIC_EPS":-0.296,"DILUTED_EPS":null,"OPERATE_INCOME":598479000,"OPERATE_INCOME_YOY":209.0981866636,"GROSS_PROFIT":111422000,"GROSS_PROFIT_YOY":82.202017889556,"HOLDER_PROFIT":-221217000,"HOLDER_PROFIT_YOY":-4.1374018491,"GROSS_PROFIT_RATIO":18.617528768762,"EPS_TTM":-0.632467268689,"OPERATE_INCOME_QOQ":32.061535391324,"NET_PROFIT_RATIO":-34.6110724019,"ROE_AVG":61.653651276735,"GROSS_PROFIT_QOQ":36.121610163402,"ROA":-1.033732583418,"HOLDER_PROFIT_QOQ":-1.892028037061,"ROE_YEARLY":123.307302553469,"ROIC_YEARLY":-2.786973449976,"TOTAL_ASSETS":19868052000,"TOTAL_LIABILITIES":16793938000,"TAX_EBT":2034.80291425369,"OCF_SALES":-113.968744099626,"TOTAL_PARENT_EQUITY":-497441000,"DEBT_ASSET_RATIO":84.5273507438,"OPERATE_PROFIT":275520000,"PRETAX_PROFIT":10706000,"NETCASH_OPERATE":-682079000,"NETCASH_INVEST":10356000,"NETCASH_FINANCE":-325869000,"END_CASH":1463148000,"DIVI_RATIO":null,"DIVIDEND_RATE":null,"CURRENT_RATIO":1.787657960648,"COMMON_ACS":2000000000,"CURRENTDEBT_DEBT":52.792704129311,"ISSUED_COMMON_SHARES":748366000,"HK_COMMON_SHARES":748366000,"PER_SHARES":2000,"TOTAL_MARKET_CAP":158653592,"HKSK_MARKET_CAP":158653592,"PE_TTM":-0.30244086306,"PB_TTM":-0.291089717869,"REPORT_DATE_SQ":"2023-06-30 00:00:00","REPORT_TYPE_SQ":"2023年中报","OPERATE_INCOME_SQ":193621000,"DPS_HKD":null,"OPERATE_INCOME_QOQ_SQ":-22.242405167731,"NET_PROFIT_RATIO_SQ":-125.7823273302,"HOLDER_PROFIT_SQ":-212428000,"HOLDER_PROFIT_QOQ_SQ":-7.889106401134,"ROE_AVG_SQ":-5.12494632061,"PE_TTM_SQ":-0.074202403911,"PB_TTM_SQ":7.129621323682,"ROA_SQ":-0.906514758688,"START_DATE":"2024-01-01 00:00:00","FISCAL_YEAR":"12-31","CURRENCY":"HKD","IS_CNY_CODE":0,"DPS_HKD_LY":null,"ORG_TYPE":"一般企业","PREMIUM_INCOME":null,"PREMIUM_INCOME_YOY":null,"NET_INTEREST_INCOME":null,"NET_INTEREST_INCOME_YOY":null,"FEE_COMMISSION_INCOME":null,"FEE_COMMISSION_INCOME_YOY":null,"ACCOUNTS_RECE_TDAYS":2.212021474178,"INVENTORY_TDAYS":0.039568963252,"CURRENT_ASSETS_TDAYS":0.034575892588,"TOTAL_ASSETS_TDAYS":0.027966532536,"PREMIUM_EXPENSE":null,"LOAN_DEPOSIT":null,"LOAN_EQUITY":null,"LOAN_ASSETS":null,"DEPOSIT_EQUITY":null,"DEPOSIT_ASSETS":null,"EQUITY_MULTIPLIER":6.463017311656,"EQUITY_RATIO":-33.760663073611},{"SECUCODE":"03366.HK","SECURITY_CODE":"03366","SECURITY_NAME_ABBR":"华侨城(亚洲)","ORG_CODE":"10010632","STD_REPORT_DATE":"2023-12-31 00:00:00","REPORT_DATE":"2023-12-31 00:00:00","DATE_TYPE_CODE":"001","REPORT_TYPE":"2023年年报","PER_NETCASH_OPERATE":-1.114422622086,"PER_OI":1.687346832967,"BPS":-0.294202302082,"BASIC_EPS":-0.79,"DILUTED_EPS":null,"OPERATE_INCOME":1262753000,"OPERATE_INCOME_YOY":-58.9007928849,"GROSS_PROFIT":139166000,"GROSS_PROFIT_YOY":-56.823251643568,"HOLDER_PROFIT":-464528000,"HOLDER_PROFIT_YOY":75.7114114453,"GROSS_PROFIT_RATIO":11.020840972067,"EPS_TTM":-0.620723015209,"OPERATE_INCOME_QOQ":-47.144446528013,"NET_PROFIT_RATIO":-47.7098846726,"ROE_AVG":-15.574849994233,"GROSS_PROFIT_QOQ":-64.667739756981,"ROA":-2.032605312144,"HOLDER_PROFIT_QOQ":77.487450434183,"ROE_YEARLY":-15.574849994233,"ROIC_YEARLY":-2.725920598514,"TOTAL_ASSETS":22931605000,"TOTAL_LIABILITIES":19594298000,"TAX_EBT":-1.47857431613,"OCF_SALES":-66.045853781381,"TOTAL_PARENT_EQUITY":-220171000,"DEBT_ASSET_RATIO":85.4466924579,"OPERATE_PROFIT":-125042000,"PRETAX_PROFIT":-593680000,"NETCASH_OPERATE":-833996000,"NETCASH_INVEST":2378758000,"NETCASH_FINANCE":-1006390000,"END_CASH":2457335000,"DIVI_RATIO":null,"DIVIDEND_RATE":null,"CURRENT_RATIO":1.579152293714,"COMMON_ACS":2000000000,"CURRENTDEBT_DEBT":60.657753597501,"ISSUED_COMMON_SHARES":748366000,"HK_COMMON_SHARES":748366000,"PER_SHARES":2000,"TOTAL_MARKET_CAP":172124180,"HKSK_MARKET_CAP":172124180,"PE_TTM":-0.328119804264,"PB_TTM":-0.315804882594,"REPORT_DATE_SQ":"2022-12-31 00:00:00","REPORT_TYPE_SQ":"2022年年报","OPERATE_INCOME_SQ":3072451000,"DPS_HKD":null,"OPERATE_INCOME_QOQ_SQ":42.839655803241,"NET_PROFIT_RATIO_SQ":-64.9664388464,"HOLDER_PROFIT_SQ":-1912536000,"HOLDER_PROFIT_QOQ_SQ":-98.607850080636,"ROE_AVG_SQ":-25.834986234771,"PE_TTM_SQ":-0.08787126779,"PB_TTM_SQ":8.44297262015,"ROA_SQ":-7.787388625643,"START_DATE":"2023-01-01 00:00:00","FISCAL_YEAR":"12-31","CURRENCY":"HKD","IS_CNY_CODE":0,"DPS_HKD_LY":null,"ORG_TYPE":"一般企业","PREMIUM_INCOME":null,"PREMIUM_INCOME_YOY":null,"NET_INTEREST_INCOME":null,"NET_INTEREST_INCOME_YOY":null,"FEE_COMMISSION_INCOME":null,"FEE_COMMISSION_INCOME_YOY":null,"ACCOUNTS_RECE_TDAYS":3.867288984033,"INVENTORY_TDAYS":0.09012224033,"CURRENT_ASSETS_TDAYS":0.071148094823,"TOTAL_ASSETS_TDAYS":0.055253471389,"PREMIUM_EXPENSE":null,"LOAN_DEPOSIT":null,"LOAN_EQUITY":null,"LOAN_ASSETS":null,"DEPOSIT_EQUITY":null,"DEPOSIT_ASSETS":null,"EQUITY_MULTIPLIER":6.871290234932,"EQUITY_RATIO":-88.995816887783},{"SECUCODE":"03366.HK","SECURITY_CODE":"03366","SECURITY_NAME_ABBR":"华侨城(亚洲)","ORG_CODE":"10010632","STD_REPORT_DATE":"2023-06-30 00:00:00","REPORT_DATE":"2023-06-30 00:00:00","DATE_TYPE_CODE":"002","REPORT_TYPE":"2023年中报","PER_NETCASH_OPERATE":-1.318338887657,"PER_OI":0.258725008886,"BPS":0.029484236323,"BASIC_EPS":-0.456,"DILUTED_EPS":null,"OPERATE_INCOME":193621000,"OPERATE_INCOME_YOY":-77.9225503074,"GROSS_PROFIT":61153000,"GROSS_PROFIT_YOY":687.557647963105,"HOLDER_PROFIT":-212428000,"HOLDER_PROFIT_YOY":-245.1532187307,"GROSS_PROFIT_RATIO":31.583867452394,"EPS_TTM":-2.757231087463,"OPERATE_INCOME_QOQ":-22.242405167731,"NET_PROFIT_RATIO":-125.7823273302,"ROE_AVG":-5.12494632061,"GROSS_PROFIT_QOQ":22.202055740156,"ROA":-0.906514758688,"HOLDER_PROFIT_QOQ":-7.889106401134,"ROE_YEARLY":-10.249892641219,"ROIC_YEARLY":-2.425511695243,"TOTAL_ASSETS":24090931000,"TOTAL_LIABILITIES":18321951000,"TAX_EBT":-3.465401216735,"OCF_SALES":-509.552166345593,"TOTAL_PARENT_EQUITY":2104685000,"DEBT_ASSET_RATIO":76.053312344,"OPERATE_PROFIT":-37339000,"PRETAX_PROFIT":-235384000,"NETCASH_OPERATE":-986600000,"NETCASH_INVEST":223162000,"NETCASH_FINANCE":940232000,"END_CASH":2559850000,"DIVI_RATIO":null,"DIVIDEND_RATE":null,"CURRENT_RATIO":1.22824365993,"COMMON_ACS":2000000000,"CURRENTDEBT_DEBT":81.385377572509,"ISSUED_COMMON_SHARES":748366000,"HK_COMMON_SHARES":748366000,"PER_SHARES":2000,"TOTAL_MARKET_CAP":172124180,"HKSK_MARKET_CAP":172124180,"PE_TTM":-0.328119804264,"PB_TTM":-0.315804882594,"REPORT_DATE_SQ":"2022-06-30 00:00:00","REPORT_TYPE_SQ":"2022年中报","OPERATE_INCOME_SQ":877008000,"DPS_HKD":null,"OPERATE_INCOME_QOQ_SQ":45.91534792094,"NET_PROFIT_RATIO_SQ":-12.9725156441,"HOLDER_PROFIT_SQ":-61546000,"HOLDER_PROFIT_QOQ_SQ":-9.025623491371,"ROE_AVG_SQ":-0.725681558608,"PE_TTM_SQ":-0.08787126779,"PB_TTM_SQ":8.44297262015,"ROA_SQ":-0.236878580291,"START_DATE":"2023-01-01 00:00:00","FISCAL_YEAR":"12-31","CURRENCY":"HKD","IS_CNY_CODE":0,"DPS_HKD_LY":null,"ORG_TYPE":"一般企业","PREMIUM_INCOME":null,"PREMIUM_INCOME_YOY":null,"NET_INTEREST_INCOME":null,"NET_INTEREST_INCOME_YOY":null,"FEE_COMMISSION_INCOME":null,"FEE_COMMISSION_INCOME_YOY":null,"ACCOUNTS_RECE_TDAYS":0.52650814218,"INVENTORY_TDAYS":0.010211638576,"CURRENT_ASSETS_TDAYS":0.011050691174,"TOTAL_ASSETS_TDAYS":0.008262578101,"PREMIUM_EXPENSE":null,"LOAN_DEPOSIT":null,"LOAN_EQUITY":null,"LOAN_ASSETS":null,"DEPOSIT_EQUITY":null,"DEPOSIT_ASSETS":null,"EQUITY_MULTIPLIER":4.175942887656,"EQUITY_RATIO":8.705317422797},{"SECUCODE":"03366.HK","SECURITY_CODE":"03366","SECURITY_NAME_ABBR":"华侨城(亚洲)","ORG_CODE":"10010632","STD_REPORT_DATE":"2022-12-31 00:00:00","REPORT_DATE":"2022-12-31 00:00:00","DATE_TYPE_CODE":"001","REPORT_TYPE":"2022年年报","PER_NETCASH_OPERATE":-1.390959771021,"PER_OI":4.105545949442,"BPS":0.761607288412,"BASIC_EPS":-2.88,"DILUTED_EPS":null,"OPERATE_INCOME":3072451000,"OPERATE_INCOME_YOY":108.4249807344,"GROSS_PROFIT":322317000,"GROSS_PROFIT_YOY":5.974084899736,"HOLDER_PROFIT":-1912536000,"HOLDER_PROFIT_YOY":-116.5334468532,"GROSS_PROFIT_RATIO":10.490549727237,"EPS_TTM":-2.555615835033,"OPERATE_INCOME_QOQ":42.839655803241,"NET_PROFIT_RATIO":-64.9664388464,"ROE_AVG":-25.834986234771,"GROSS_PROFIT_QOQ":30.80834726709,"ROA":-7.787388625643,"HOLDER_PROFIT_QOQ":-98.607850080636,"ROE_YEARLY":-25.834986234771,"ROIC_YEARLY":-10.509115435144,"TOTAL_ASSETS":22776039000,"TOTAL_LIABILITIES":12895356000,"TAX_EBT":-5.682200832301,"OCF_SALES":-33.88001956744,"TOTAL_PARENT_EQUITY":6185275000,"DEBT_ASSET_RATIO":56.6180800797,"OPERATE_PROFIT":-35346000,"PRETAX_PROFIT":-1888740000,"NETCASH_OPERATE":-1040947000,"NETCASH_INVEST":-47899000,"NETCASH_FINANCE":-320084000,"END_CASH":1915139000,"DIVI_RATIO":null,"DIVIDEND_RATE":null,"CURRENT_RATIO":1.611862488563,"COMMON_ACS":2000000000,"CURRENTDEBT_DEBT":80.476684784817,"ISSUED_COMMON_SHARES":748366000,"HK_COMMON_SHARES":748366000,"PER_SHARES":2000,"TOTAL_MARKET_CAP":172124180,"HKSK_MARKET_CAP":172124180,"PE_TTM":-0.328119804264,"PB_TTM":-0.315804882594,"REPORT_DATE_SQ":"2021-12-31 00:00:00","REPORT_TYPE_SQ":"2021年年报","OPERATE_INCOME_SQ":1474128000,"DPS_HKD":null,"OPERATE_INCOME_QOQ_SQ":26.730725749809,"NET_PROFIT_RATIO_SQ":-60.9925325345,"HOLDER_PROFIT_SQ":-883252000,"HOLDER_PROFIT_QOQ_SQ":-412.385762385762,"ROE_AVG_SQ":-9.78623563673,"PE_TTM_SQ":-0.08787126779,"PB_TTM_SQ":8.44297262015,"ROA_SQ":-3.412563614755,"START_DATE":"2022-01-01 00:00:00","FISCAL_YEAR":"12-31","CURRENCY":"HKD","IS_CNY_CODE":0,"DPS_HKD_LY":null,"ORG_TYPE":"一般企业","PREMIUM_INCOME":null,"PREMIUM_INCOME_YOY":null,"NET_INTEREST_INCOME":null,"NET_INTEREST_INCOME_YOY":null,"FEE_COMMISSION_INCOME":null,"FEE_COMMISSION_INCOME_YOY":null,"ACCOUNTS_RECE_TDAYS":1.99608118674,"INVENTORY_TDAYS":0.241108737548,"CURRENT_ASSETS_TDAYS":0.185192260811,"TOTAL_ASSETS_TDAYS":0.125102847582,"PREMIUM_EXPENSE":null,"LOAN_DEPOSIT":null,"LOAN_EQUITY":null,"LOAN_ASSETS":null,"DEPOSIT_EQUITY":null,"DEPOSIT_ASSETS":null,"EQUITY_MULTIPLIER":2.305107754192,"EQUITY_RATIO":2.084847642182},{"SECUCODE":"03366.HK","SECURITY_CODE":"03366","SECURITY_NAME_ABBR":"华侨城(亚洲)","ORG_CODE":"10010632","STD_REPORT_DATE":"2022-06-30 00:00:00","REPORT_DATE":"2022-06-30 00:00:00","DATE_TYPE_CODE":"002","REPORT_TYPE":"2022年中报","PER_NETCASH_OPERATE":-1.0651258876,"PER_OI":1.171897173308,"BPS":3.648264351935,"BASIC_EPS":-0.242,"DILUTED_EPS":null,"OPERATE_INCOME":877008000,"OPERATE_INCOME_YOY":338.1600443652,"GROSS_PROFIT":-10408000,"GROSS_PROFIT_YOY":-121.987958170487,"HOLDER_PROFIT":-61546000,"HOLDER_PROFIT_YOY":-438.667253618,"GROSS_PROFIT_RATIO":-1.186762264426,"EPS_TTM":-1.286764764834,"OPERATE_INCOME_QOQ":45.91534792094,"NET_PROFIT_RATIO":-12.9725156441,"ROE_AVG":-0.725681558608,"GROSS_PROFIT_QOQ":-18.985227538,"ROA":-0.236878580291,"HOLDER_PROFIT_QOQ":-9.025623491371,"ROE_YEARLY":-1.451363117217,"ROIC_YEARLY":-0.635103038363,"TOTAL_ASSETS":25621412000,"TOTAL_LIABILITIES":13552949000,"TAX_EBT":6.97997661622,"OCF_SALES":-90.889022677102,"TOTAL_PARENT_EQUITY":8341753000,"DEBT_ASSET_RATIO":52.8969636802,"OPERATE_PROFIT":-114219000,"PRETAX_PROFIT":-122307000,"NETCASH_OPERATE":-797104000,"NETCASH_INVEST":28086000,"NETCASH_FINANCE":-202939000,"END_CASH":2357139000,"DIVI_RATIO":null,"DIVIDEND_RATE":null,"CURRENT_RATIO":1.425933513217,"COMMON_ACS":2000000000,"CURRENTDEBT_DEBT":82.156318894139,"ISSUED_COMMON_SHARES":748366000,"HK_COMMON_SHARES":748366000,"PER_SHARES":2000,"TOTAL_MARKET_CAP":172124180,"HKSK_MARKET_CAP":172124180,"PE_TTM":-0.328119804264,"PB_TTM":-0.315804882594,"REPORT_DATE_SQ":"2021-06-30 00:00:00","REPORT_TYPE_SQ":"2021年中报","OPERATE_INCOME_SQ":200157000,"DPS_HKD":null,"OPERATE_INCOME_QOQ_SQ":-10.971872488615,"NET_PROFIT_RATIO_SQ":-5.6950294019,"HOLDER_PROFIT_SQ":18173000,"HOLDER_PROFIT_QOQ_SQ":343.471305111596,"ROE_AVG_SQ":0.191006658589,"PE_TTM_SQ":-0.08787126779,"PB_TTM_SQ":8.44297262015,"ROA_SQ":0.072038487017,"START_DATE":"2022-01-01 00:00:00","FISCAL_YEAR":"12-31","CURRENCY":"HKD","IS_CNY_CODE":0,"DPS_HKD_LY":null,"ORG_TYPE":"一般企业","PREMIUM_INCOME":null,"PREMIUM_INCOME_YOY":null,"NET_INTEREST_INCOME":null,"NET_INTEREST_INCOME_YOY":null,"FEE_COMMISSION_INCOME":null,"FEE_COMMISSION_INCOME_YOY":null,"ACCOUNTS_RECE_TDAYS":0.36468182321,"INVENTORY_TDAYS":0.081913367238,"CURRENT_ASSETS_TDAYS":0.054252010476,"TOTAL_ASSETS_TDAYS":0.03375433171,"PREMIUM_EXPENSE":null,"LOAN_DEPOSIT":null,"LOAN_EQUITY":null,"LOAN_ASSETS":null,"DEPOSIT_EQUITY":null,"DEPOSIT_ASSETS":null,"EQUITY_MULTIPLIER":2.123005390163,"EQUITY_RATIO":1.624712335645},{"SECUCODE":"03366.HK","SECURITY_CODE":"03366","SECURITY_NAME_ABBR":"华侨城(亚洲)","ORG_CODE":"10010632","STD_REPORT_DATE":"2021-12-31 00:00:00","REPORT_DATE":"2021-12-31 00:00:00","DATE_TYPE_CODE":"001","REPORT_TYPE":"2021年年报","PER_NETCASH_OPERATE":-2.909851596679,"PER_OI":1.969795527857,"BPS":4.027478533231,"BASIC_EPS":-1.49,"DILUTED_EPS":null,"OPERATE_INCOME":1474128000,"OPERATE_INCOME_YOY":12.8259921166,"GROSS_PROFIT":304147000,"GROSS_PROFIT_YOY":-3.896321387269,"HOLDER_PROFIT":-883252000,"HOLDER_PROFIT_YOY":-1485.3412174349,"GROSS_PROFIT_RATIO":20.632333148818,"EPS_TTM":-1.180240684371,"OPERATE_INCOME_QOQ":26.730725749809,"NET_PROFIT_RATIO":-60.9925325345,"ROE_AVG":-9.78623563673,"GROSS_PROFIT_QOQ":-11.402570996618,"ROA":-3.412563614755,"HOLDER_PROFIT_QOQ":-412.385762385762,"ROE_YEARLY":-9.78623563673,"ROIC_YEARLY":-4.828572268898,"TOTAL_ASSETS":26342763000,"TOTAL_LIABILITIES":13943321000,"TAX_EBT":-6.762642550786,"OCF_SALES":-147.723535541011,"TOTAL_PARENT_EQUITY":8620508000,"DEBT_ASSET_RATIO":52.9303664919,"OPERATE_PROFIT":115350000,"PRETAX_PROFIT":-842156000,"NETCASH_OPERATE":-2177634000,"NETCASH_INVEST":2154934000,"NETCASH_FINANCE":-912921000,"END_CASH":3326517000,"DIVI_RATIO":null,"DIVIDEND_RATE":null,"CURRENT_RATIO":1.507520335967,"COMMON_ACS":2000000000,"CURRENTDEBT_DEBT":78.276947077386,"ISSUED_COMMON_SHARES":748366000,"HK_COMMON_SHARES":748366000,"PER_SHARES":2000,"TOTAL_MARKET_CAP":172124180,"HKSK_MARKET_CAP":172124180,"PE_TTM":-0.328119804264,"PB_TTM":-0.315804882594,"REPORT_DATE_SQ":"2020-12-31 00:00:00","REPORT_TYPE_SQ":"2020年年报","OPERATE_INCOME_SQ":1306550000,"DPS_HKD":null,"OPERATE_INCOME_QOQ_SQ":-37.918523139848,"NET_PROFIT_RATIO_SQ":-1.8700394168,"HOLDER_PROFIT_SQ":63757000,"HOLDER_PROFIT_QOQ_SQ":-63.969121395189,"ROE_AVG_SQ":0.679115899894,"PE_TTM_SQ":-0.08787126779,"PB_TTM_SQ":8.44297262015,"ROA_SQ":0.245798942849,"START_DATE":"2021-01-01 00:00:00","FISCAL_YEAR":"12-31","CURRENCY":"HKD","IS_CNY_CODE":0,"DPS_HKD_LY":null,"ORG_TYPE":"一般企业","PREMIUM_INCOME":null,"PREMIUM_INCOME_YOY":null,"NET_INTEREST_INCOME":null,"NET_INTEREST_INCOME_YOY":null,"FEE_COMMISSION_INCOME":null,"FEE_COMMISSION_INCOME_YOY":null,"ACCOUNTS_RECE_TDAYS":0.803391609592,"INVENTORY_TDAYS":0.125785141835,"CURRENT_ASSETS_TDAYS":0.097952293734,"TOTAL_ASSETS_TDAYS":0.056954929921,"PREMIUM_EXPENSE":null,"LOAN_DEPOSIT":null,"LOAN_EQUITY":null,"LOAN_ASSETS":null,"DEPOSIT_EQUITY":null,"DEPOSIT_ASSETS":null,"EQUITY_MULTIPLIER":2.124511974005,"EQUITY_RATIO":1.617459319103},{"SECUCODE":"03366.HK","SECURITY_CODE":"03366","SECURITY_NAME_ABBR":"华侨城(亚洲)","ORG_CODE":"10010632","STD_REPORT_DATE":"2021-06-30 00:00:00","REPORT_DATE":"2021-06-30 00:00:00","DATE_TYPE_CODE":"002","REPORT_TYPE":"2021年中报","PER_NETCASH_OPERATE":-1.763884249151,"PER_OI":0.267458703362,"BPS":5.332626014544,"BASIC_EPS":-0.127,"DILUTED_EPS":null,"OPERATE_INCOME":200157000,"OPERATE_INCOME_YOY":-41.7318273122,"GROSS_PROFIT":47335000,"GROSS_PROFIT_YOY":130.654906929149,"HOLDER_PROFIT":18173000,"HOLDER_PROFIT_YOY":109.0496678518,"GROSS_PROFIT_RATIO":23.648935585565,"EPS_TTM":0.377815133237,"OPERATE_INCOME_QOQ":-10.971872488615,"NET_PROFIT_RATIO":-5.6950294019,"ROE_AVG":0.191006658589,"GROSS_PROFIT_QOQ":8.47231087153,"ROA":0.072038487017,"HOLDER_PROFIT_QOQ":343.471305111596,"ROE_YEARLY":0.382013317178,"ROIC_YEARLY":0.208750233613,"TOTAL_ASSETS":25031629000,"TOTAL_LIABILITIES":11668151000,"TAX_EBT":-6.752200786664,"OCF_SALES":-659.497794231528,"TOTAL_PARENT_EQUITY":9598260000,"DEBT_ASSET_RATIO":46.6136302995,"OPERATE_PROFIT":-9497000,"PRETAX_PROFIT":-10678000,"NETCASH_OPERATE":-1320031000,"NETCASH_INVEST":2076811000,"NETCASH_FINANCE":-1213234000,"END_CASH":3791389000,"DIVI_RATIO":null,"DIVIDEND_RATE":null,"CURRENT_RATIO":2.892460202561,"COMMON_ACS":2000000000,"CURRENTDEBT_DEBT":42.474895979663,"ISSUED_COMMON_SHARES":748366000,"HK_COMMON_SHARES":748366000,"PER_SHARES":2000,"TOTAL_MARKET_CAP":172124180,"HKSK_MARKET_CAP":172124180,"PE_TTM":-0.328119804264,"PB_TTM":-0.315804882594,"REPORT_DATE_SQ":"2020-06-30 00:00:00","REPORT_TYPE_SQ":"2020年中报","OPERATE_INCOME_SQ":343510000,"DPS_HKD":null,"OPERATE_INCOME_QOQ_SQ":1.57681126964,"NET_PROFIT_RATIO_SQ":-37.9726936625,"HOLDER_PROFIT_SQ":-200814000,"HOLDER_PROFIT_QOQ_SQ":-33.716535374081,"ROE_AVG_SQ":-0.605588801591,"PE_TTM_SQ":-0.08787126779,"PB_TTM_SQ":8.44297262015,"ROA_SQ":-0.19972639723,"START_DATE":"2021-01-01 00:00:00","FISCAL_YEAR":"12-31","CURRENCY":"HKD","IS_CNY_CODE":0,"DPS_HKD_LY":null,"ORG_TYPE":"一般企业","PREMIUM_INCOME":null,"PREMIUM_INCOME_YOY":null,"NET_INTEREST_INCOME":null,"NET_INTEREST_INCOME_YOY":null,"FEE_COMMISSION_INCOME":null,"FEE_COMMISSION_INCOME_YOY":null,"ACCOUNTS_RECE_TDAYS":0.171138133527,"INVENTORY_TDAYS":0.01761568354,"CURRENT_ASSETS_TDAYS":0.014306973088,"TOTAL_ASSETS_TDAYS":0.007934302232,"PREMIUM_EXPENSE":null,"LOAN_DEPOSIT":null,"LOAN_EQUITY":null,"LOAN_ASSETS":null,"DEPOSIT_EQUITY":null,"DEPOSIT_ASSETS":null,"EQUITY_MULTIPLIER":1.873137292552,"EQUITY_RATIO":1.215652732891},{"SECUCODE":"03366.HK","SECURITY_CODE":"03366","SECURITY_NAME_ABBR":"华侨城(亚洲)","ORG_CODE":"10010632","STD_REPORT_DATE":"2020-12-31 00:00:00","REPORT_DATE":"2020-12-31 00:00:00","DATE_TYPE_CODE":"001","REPORT_TYPE":"2020年年报","PER_NETCASH_OPERATE":-2.480246296598,"PER_OI":1.745870336172,"BPS":5.104407469073,"BASIC_EPS":-0.29,"DILUTED_EPS":null,"OPERATE_INCOME":1306550000,"OPERATE_INCOME_YOY":-36.9396154164,"GROSS_PROFIT":316478000,"GROSS_PROFIT_YOY":-58.669712130532,"HOLDER_PROFIT":63757000,"HOLDER_PROFIT_YOY":-76.1174853256,"GROSS_PROFIT_RATIO":24.222417817917,"EPS_TTM":0.08519494472,"OPERATE_INCOME_QOQ":-37.918523139848,"NET_PROFIT_RATIO":-1.8700394168,"ROE_AVG":0.679115899894,"GROSS_PROFIT_QOQ":-57.640612159127,"ROA":0.245798942849,"HOLDER_PROFIT_QOQ":-63.969121395189,"ROE_YEARLY":0.679115899894,"ROIC_YEARLY":0.33955951424,"TOTAL_ASSETS":25421957000,"TOTAL_LIABILITIES":12196771000,"TAX_EBT":131.871901904513,"OCF_SALES":-142.063602617581,"TOTAL_PARENT_EQUITY":9430396000,"DEBT_ASSET_RATIO":47.977309536,"OPERATE_PROFIT":397600000,"PRETAX_PROFIT":76660000,"NETCASH_OPERATE":-1856132000,"NETCASH_INVEST":1055743000,"NETCASH_FINANCE":3380773000,"END_CASH":4269520000,"DIVI_RATIO":null,"DIVIDEND_RATE":null,"CURRENT_RATIO":2.94432219478,"COMMON_ACS":2000000000,"CURRENTDEBT_DEBT":37.997056761991,"ISSUED_COMMON_SHARES":748366000,"HK_COMMON_SHARES":748366000,"PER_SHARES":2000,"TOTAL_MARKET_CAP":172124180,"HKSK_MARKET_CAP":172124180,"PE_TTM":-0.328119804264,"PB_TTM":-0.315804882594,"REPORT_DATE_SQ":"2019-12-31 00:00:00","REPORT_TYPE_SQ":"2019年年报","OPERATE_INCOME_SQ":2071903000,"DPS_HKD":null,"OPERATE_INCOME_QOQ_SQ":70.432171071897,"NET_PROFIT_RATIO_SQ":12.0471856067,"HOLDER_PROFIT_SQ":266961000,"HOLDER_PROFIT_QOQ_SQ":-65.454999534157,"ROE_AVG_SQ":2.838151196368,"PE_TTM_SQ":-0.08787126779,"PB_TTM_SQ":8.44297262015,"ROA_SQ":1.03605354649,"START_DATE":"2020-01-01 00:00:00","FISCAL_YEAR":"12-31","CURRENCY":"HKD","IS_CNY_CODE":0,"DPS_HKD_LY":0.0125,"ORG_TYPE":"一般企业","PREMIUM_INCOME":null,"PREMIUM_INCOME_YOY":null,"NET_INTEREST_INCOME":null,"NET_INTEREST_INCOME_YOY":null,"FEE_COMMISSION_INCOME":null,"FEE_COMMISSION_INCOME_YOY":null,"ACCOUNTS_RECE_TDAYS":1.430532068586,"INVENTORY_TDAYS":0.140735191239,"CURRENT_ASSETS_TDAYS":0.112587357962,"TOTAL_ASSETS_TDAYS":0.050370721455,"PREMIUM_EXPENSE":null,"LOAN_DEPOSIT":null,"LOAN_EQUITY":null,"LOAN_ASSETS":null,"DEPOSIT_EQUITY":null,"DEPOSIT_ASSETS":null,"EQUITY_MULTIPLIER":1.922238144703,"EQUITY_RATIO":1.293346642071},{"SECUCODE":"03366.HK","SECURITY_CODE":"03366","SECURITY_NAME_ABBR":"华侨城(亚洲)","ORG_CODE":"10010632","STD_REPORT_DATE":"2020-06-30 00:00:00","REPORT_DATE":"2020-06-30 00:00:00","DATE_TYPE_CODE":"002","REPORT_TYPE":"2020年中报","PER_NETCASH_OPERATE":-4.391785570162,"PER_OI":0.459013370463,"BPS":4.992741519524,"BASIC_EPS":-0.431,"DILUTED_EPS":-0.431,"OPERATE_INCOME":343510000,"OPERATE_INCOME_YOY":10.5102303436,"GROSS_PROFIT":20522000,"GROSS_PROFIT_YOY":-47.547603833866,"HOLDER_PROFIT":-200814000,"HOLDER_PROFIT_YOY":-261.9768321788,"GROSS_PROFIT_RATIO":5.974207446654,"EPS_TTM":0.23644981199,"OPERATE_INCOME_QOQ":1.57681126964,"NET_PROFIT_RATIO":-37.9726936625,"ROE_AVG":-0.605588801591,"GROSS_PROFIT_QOQ":-2.429449583338,"ROA":-0.19972639723,"HOLDER_PROFIT_QOQ":-33.716535374081,"ROE_YEARLY":-1.211177603182,"ROIC_YEARLY":-0.52866246198,"TOTAL_ASSETS":29272835000,"TOTAL_LIABILITIES":15643112000,"TAX_EBT":-3.807242348226,"OCF_SALES":-956.788157549999,"TOTAL_PARENT_EQUITY":9033393000,"DEBT_ASSET_RATIO":53.4390058223,"OPERATE_PROFIT":-73645000,"PRETAX_PROFIT":-265494000,"NETCASH_OPERATE":-3286663000,"NETCASH_INVEST":-213777000,"NETCASH_FINANCE":4436334000,"END_CASH":2754570000,"DIVI_RATIO":null,"DIVIDEND_RATE":null,"CURRENT_RATIO":1.770473181956,"COMMON_ACS":2000000000,"CURRENTDEBT_DEBT":43.96978043755,"ISSUED_COMMON_SHARES":748366000,"HK_COMMON_SHARES":748366000,"PER_SHARES":2000,"TOTAL_MARKET_CAP":172124180,"HKSK_MARKET_CAP":172124180,"PE_TTM":-0.328119804264,"PB_TTM":-0.315804882594,"REPORT_DATE_SQ":"2019-06-30 00:00:00","REPORT_TYPE_SQ":"2019年中报","OPERATE_INCOME_SQ":310840000,"DPS_HKD":null,"OPERATE_INCOME_QOQ_SQ":-23.286388413157,"NET_PROFIT_RATIO_SQ":-4.5872474585,"HOLDER_PROFIT_SQ":34358000,"HOLDER_PROFIT_QOQ_SQ":-3.244013411761,"ROE_AVG_SQ":0.362518855032,"PE_TTM_SQ":-0.08787126779,"PB_TTM_SQ":8.44297262015,"ROA_SQ":0.13652389493,"START_DATE":"2020-01-01 00:00:00","FISCAL_YEAR":"12-31","CURRENCY":"HKD","IS_CNY_CODE":0,"DPS_HKD_LY":0.0125,"ORG_TYPE":"一般企业","PREMIUM_INCOME":null,"PREMIUM_INCOME_YOY":null,"NET_INTEREST_INCOME":null,"NET_INTEREST_INCOME_YOY":null,"FEE_COMMISSION_INCOME":null,"FEE_COMMISSION_INCOME_YOY":null,"ACCOUNTS_RECE_TDAYS":0.480773806358,"INVENTORY_TDAYS":0.044500167398,"CURRENT_ASSETS_TDAYS":0.031598650138,"TOTAL_ASSETS_TDAYS":0.012328041169,"PREMIUM_EXPENSE":null,"LOAN_DEPOSIT":null,"LOAN_EQUITY":null,"LOAN_ASSETS":null,"DEPOSIT_EQUITY":null,"DEPOSIT_ASSETS":null,"EQUITY_MULTIPLIER":2.147720463578,"EQUITY_RATIO":1.731698377343}],"count":42},"success":true,"message":"ok","code":0}