{"version":"c487f528325dbc05facafed4c2a25192","result":{"pages":5,"data":[{"SECUCODE":"03377.HK","SECURITY_CODE":"03377","SECURITY_NAME_ABBR":"远洋集团","ORG_CODE":"10086854","STD_REPORT_DATE":"2024-06-30 00:00:00","REPORT_DATE":"2024-06-30 00:00:00","DATE_TYPE_CODE":"002","REPORT_TYPE":"2024年中报","PER_NETCASH_OPERATE":0.022386798654,"PER_OI":1.748067723882,"BPS":0.131729044012,"BASIC_EPS":-0.707,"DILUTED_EPS":-0.707,"OPERATE_INCOME":13313451000,"OPERATE_INCOME_YOY":-36.0133152006,"GROSS_PROFIT":296808000,"GROSS_PROFIT_YOY":337.840263476317,"HOLDER_PROFIT":-5381705000,"HOLDER_PROFIT_YOY":70.7026081497,"GROSS_PROFIT_RATIO":2.229384402286,"EPS_TTM":-1.064721002099,"OPERATE_INCOME_QOQ":-16.128508383132,"NET_PROFIT_RATIO":-39.9383600841,"ROE_AVG":-134.009635178486,"GROSS_PROFIT_QOQ":35.643806269271,"ROA":-2.679690343663,"HOLDER_PROFIT_QOQ":61.562338584321,"ROE_YEARLY":-268.019270356973,"ROIC_YEARLY":-5.801384023939,"TOTAL_ASSETS":195493860000,"TOTAL_LIABILITIES":181349073000,"TAX_EBT":7.481133172,"OCF_SALES":1.28065968771,"TOTAL_PARENT_EQUITY":1003261000,"DEBT_ASSET_RATIO":92.7645875937,"OPERATE_PROFIT":-3065012000,"PRETAX_PROFIT":-5747124000,"NETCASH_OPERATE":170500000,"NETCASH_INVEST":291646000,"NETCASH_FINANCE":-744587000,"END_CASH":1708972000,"DIVI_RATIO":null,"DIVIDEND_RATE":null,"CURRENT_RATIO":1.024390386783,"COMMON_ACS":null,"CURRENTDEBT_DEBT":76.99828165099,"ISSUED_COMMON_SHARES":7616095657,"HK_COMMON_SHARES":7616095657,"PER_SHARES":500,"TOTAL_MARKET_CAP":2056345827.39,"HKSK_MARKET_CAP":2056345827.39,"PE_TTM":-0.222244368485,"PB_TTM":1.870685404638,"REPORT_DATE_SQ":"2023-06-30 00:00:00","REPORT_TYPE_SQ":"2023年中报","OPERATE_INCOME_SQ":20806596000,"DPS_HKD":null,"OPERATE_INCOME_QOQ_SQ":-5.649275791824,"NET_PROFIT_RATIO_SQ":-87.9980079394,"HOLDER_PROFIT_SQ":-18369229000,"HOLDER_PROFIT_QOQ_SQ":-108.484929482093,"ROE_AVG_SQ":-88.779293170689,"PE_TTM_SQ":-0.076190625964,"PB_TTM_SQ":0.201166588619,"ROA_SQ":-7.948344737062,"START_DATE":"2024-01-01 00:00:00","FISCAL_YEAR":"12-31","CURRENCY":"HKD","IS_CNY_CODE":0,"DPS_HKD_LY":null,"ORG_TYPE":"一般企业","PREMIUM_INCOME":null,"PREMIUM_INCOME_YOY":null,"NET_INTEREST_INCOME":null,"NET_INTEREST_INCOME_YOY":null,"FEE_COMMISSION_INCOME":null,"FEE_COMMISSION_INCOME_YOY":null,"ACCOUNTS_RECE_TDAYS":0.214767270209,"INVENTORY_TDAYS":0.176450872934,"CURRENT_ASSETS_TDAYS":0.09211701624,"TOTAL_ASSETS_TDAYS":0.066291121653,"PREMIUM_EXPENSE":null,"LOAN_DEPOSIT":null,"LOAN_EQUITY":null,"LOAN_ASSETS":null,"DEPOSIT_EQUITY":null,"DEPOSIT_ASSETS":null,"EQUITY_MULTIPLIER":13.820912255524,"EQUITY_RATIO":180.759615892574},{"SECUCODE":"03377.HK","SECURITY_CODE":"03377","SECURITY_NAME_ABBR":"远洋集团","ORG_CODE":"10086854","STD_REPORT_DATE":"2023-12-31 00:00:00","REPORT_DATE":"2023-12-31 00:00:00","DATE_TYPE_CODE":"001","REPORT_TYPE":"2023年年报","PER_NETCASH_OPERATE":0.214030662614,"PER_OI":6.100108256558,"BPS":0.922855662079,"BASIC_EPS":-2.77,"DILUTED_EPS":-2.77,"OPERATE_INCOME":46459008000,"OPERATE_INCOME_YOY":0.7206755063,"GROSS_PROFIT":1182817000,"GROSS_PROFIT_YOY":-50.237805850297,"HOLDER_PROFIT":-21096541000,"HOLDER_PROFIT_YOY":-10.8213343879,"GROSS_PROFIT_RATIO":2.545936839633,"EPS_TTM":-2.769994226715,"OPERATE_INCOME_QOQ":6.751353899622,"NET_PROFIT_RATIO":-45.1686032556,"ROE_AVG":-118.288254287657,"GROSS_PROFIT_QOQ":157.461955320425,"ROA":-9.329702664327,"HOLDER_PROFIT_QOQ":36.479323716051,"ROE_YEARLY":-118.288254287657,"ROIC_YEARLY":-10.149133863323,"TOTAL_ASSETS":206172326000,"TOTAL_LIABILITIES":185380343000,"TAX_EBT":-7.280492352932,"OCF_SALES":3.508637119415,"TOTAL_PARENT_EQUITY":7028557000,"DEBT_ASSET_RATIO":89.9152406128,"OPERATE_PROFIT":-13709911000,"PRETAX_PROFIT":-19560765000,"NETCASH_OPERATE":1630078000,"NETCASH_INVEST":6508957000,"NETCASH_FINANCE":-10773963000,"END_CASH":1988738000,"DIVI_RATIO":null,"DIVIDEND_RATE":null,"CURRENT_RATIO":0.945285087697,"COMMON_ACS":null,"CURRENTDEBT_DEBT":83.323457870611,"ISSUED_COMMON_SHARES":7616095657,"HK_COMMON_SHARES":7616095657,"PER_SHARES":500,"TOTAL_MARKET_CAP":2322909175.385,"HKSK_MARKET_CAP":2322909175.385,"PE_TTM":-0.251053823659,"PB_TTM":2.113181660795,"REPORT_DATE_SQ":"2022-12-31 00:00:00","REPORT_TYPE_SQ":"2022年年报","OPERATE_INCOME_SQ":46126585000,"DPS_HKD":null,"OPERATE_INCOME_QOQ_SQ":-31.30481677945,"NET_PROFIT_RATIO_SQ":-33.9280590575,"HOLDER_PROFIT_SQ":-19036534000,"HOLDER_PROFIT_QOQ_SQ":-2620.52292648967,"ROE_AVG_SQ":-36.696548622007,"PE_TTM_SQ":-0.098108477269,"PB_TTM_SQ":0.25903642918,"ROA_SQ":-6.041901249113,"START_DATE":"2023-01-01 00:00:00","FISCAL_YEAR":"12-31","CURRENCY":"HKD","IS_CNY_CODE":0,"DPS_HKD_LY":null,"ORG_TYPE":"一般企业","PREMIUM_INCOME":null,"PREMIUM_INCOME_YOY":null,"NET_INTEREST_INCOME":null,"NET_INTEREST_INCOME_YOY":null,"FEE_COMMISSION_INCOME":null,"FEE_COMMISSION_INCOME_YOY":null,"ACCOUNTS_RECE_TDAYS":0.648845401322,"INVENTORY_TDAYS":0.528413718419,"CURRENT_ASSETS_TDAYS":0.274782289826,"TOTAL_ASSETS_TDAYS":0.205459620475,"PREMIUM_EXPENSE":null,"LOAN_DEPOSIT":null,"LOAN_EQUITY":null,"LOAN_ASSETS":null,"DEPOSIT_EQUITY":null,"DEPOSIT_ASSETS":null,"EQUITY_MULTIPLIER":9.915952990105,"EQUITY_RATIO":26.375306197275},{"SECUCODE":"03377.HK","SECURITY_CODE":"03377","SECURITY_NAME_ABBR":"远洋集团","ORG_CODE":"10086854","STD_REPORT_DATE":"2023-06-30 00:00:00","REPORT_DATE":"2023-06-30 00:00:00","DATE_TYPE_CODE":"002","REPORT_TYPE":"2023年中报","PER_NETCASH_OPERATE":0.230232402397,"PER_OI":2.731924195421,"BPS":1.672855827157,"BASIC_EPS":-2.412,"DILUTED_EPS":-2.412,"OPERATE_INCOME":20806596000,"OPERATE_INCOME_YOY":-11.1300697143,"GROSS_PROFIT":-124793000,"GROSS_PROFIT_YOY":-102.895038975024,"HOLDER_PROFIT":-18369229000,"HOLDER_PROFIT_YOY":-1589.3528596509,"GROSS_PROFIT_RATIO":-0.59977614791,"EPS_TTM":-4.360775717079,"OPERATE_INCOME_QOQ":-5.649275791824,"NET_PROFIT_RATIO":-87.9980079394,"ROE_AVG":-88.779293170689,"GROSS_PROFIT_QOQ":-186.600245105154,"ROA":-7.948344737062,"HOLDER_PROFIT_QOQ":-108.484929482093,"ROE_YEARLY":-177.558586341378,"ROIC_YEARLY":-17.280937833055,"TOTAL_ASSETS":216142873000,"TOTAL_LIABILITIES":190284860000,"TAX_EBT":-2.195028099267,"OCF_SALES":8.42748136216,"TOTAL_PARENT_EQUITY":12740630000,"DEBT_ASSET_RATIO":88.0366108579,"OPERATE_PROFIT":-13373559000,"PRETAX_PROFIT":-17916126000,"NETCASH_OPERATE":1753472000,"NETCASH_INVEST":5090534000,"NETCASH_FINANCE":-8287136000,"END_CASH":3145635000,"DIVI_RATIO":null,"DIVIDEND_RATE":null,"CURRENT_RATIO":1.145324235588,"COMMON_ACS":null,"CURRENTDEBT_DEBT":73.051533895025,"ISSUED_COMMON_SHARES":7616095657,"HK_COMMON_SHARES":7616095657,"PER_SHARES":500,"TOTAL_MARKET_CAP":2322909175.385,"HKSK_MARKET_CAP":2322909175.385,"PE_TTM":-0.251053823659,"PB_TTM":2.113181660795,"REPORT_DATE_SQ":"2022-06-30 00:00:00","REPORT_TYPE_SQ":"2022年中报","OPERATE_INCOME_SQ":23412414000,"DPS_HKD":null,"OPERATE_INCOME_QOQ_SQ":4.512904909421,"NET_PROFIT_RATIO_SQ":0.4607982756,"HOLDER_PROFIT_SQ":-1087353000,"HOLDER_PROFIT_QOQ_SQ":-76.841814445047,"ROE_AVG_SQ":-2.025643738806,"PE_TTM_SQ":-0.098108477269,"PB_TTM_SQ":0.25903642918,"ROA_SQ":-0.398843502654,"START_DATE":"2023-01-01 00:00:00","FISCAL_YEAR":"12-31","CURRENCY":"HKD","IS_CNY_CODE":0,"DPS_HKD_LY":null,"ORG_TYPE":"一般企业","PREMIUM_INCOME":null,"PREMIUM_INCOME_YOY":null,"NET_INTEREST_INCOME":null,"NET_INTEREST_INCOME_YOY":null,"FEE_COMMISSION_INCOME":null,"FEE_COMMISSION_INCOME_YOY":null,"ACCOUNTS_RECE_TDAYS":0.283571615619,"INVENTORY_TDAYS":0.235405126679,"CURRENT_ASSETS_TDAYS":0.118439824014,"TOTAL_ASSETS_TDAYS":0.090029906978,"PREMIUM_EXPENSE":null,"LOAN_DEPOSIT":null,"LOAN_EQUITY":null,"LOAN_ASSETS":null,"DEPOSIT_EQUITY":null,"DEPOSIT_ASSETS":null,"EQUITY_MULTIPLIER":8.358835344417,"EQUITY_RATIO":14.935278710707},{"SECUCODE":"03377.HK","SECURITY_CODE":"03377","SECURITY_NAME_ABBR":"远洋集团","ORG_CODE":"10086854","STD_REPORT_DATE":"2022-12-31 00:00:00","REPORT_DATE":"2022-12-31 00:00:00","DATE_TYPE_CODE":"001","REPORT_TYPE":"2022年年报","PER_NETCASH_OPERATE":-2.039027829926,"PER_OI":6.056460826829,"BPS":4.168472066238,"BASIC_EPS":-2.5,"DILUTED_EPS":-2.5,"OPERATE_INCOME":46126585000,"OPERATE_INCOME_YOY":-28.2046684834,"GROSS_PROFIT":2376939000,"GROSS_PROFIT_YOY":-78.886807913431,"HOLDER_PROFIT":-19036534000,"HOLDER_PROFIT_YOY":-683.7073762716,"GROSS_PROFIT_RATIO":5.153078208586,"EPS_TTM":-2.091650330752,"OPERATE_INCOME_QOQ":-31.30481677945,"NET_PROFIT_RATIO":-33.9280590575,"ROE_AVG":-36.696548622007,"GROSS_PROFIT_QOQ":-78.305448684863,"ROA":-6.041901249113,"HOLDER_PROFIT_QOQ":-2620.52292648967,"ROE_YEARLY":-36.696548622007,"ROIC_YEARLY":-6.873376606762,"TOTAL_ASSETS":242966008000,"TOTAL_LIABILITIES":198186347000,"TAX_EBT":-16.275709155062,"OCF_SALES":-33.666986185949,"TOTAL_PARENT_EQUITY":28641157000,"DEBT_ASSET_RATIO":80.5398740215,"OPERATE_PROFIT":-10825300000,"PRETAX_PROFIT":-16130781000,"NETCASH_OPERATE":-15529431000,"NETCASH_INVEST":6471216000,"NETCASH_FINANCE":-7978658000,"END_CASH":4623126000,"DIVI_RATIO":null,"DIVIDEND_RATE":null,"CURRENT_RATIO":1.398462349448,"COMMON_ACS":null,"CURRENTDEBT_DEBT":69.324692179729,"ISSUED_COMMON_SHARES":7616095657,"HK_COMMON_SHARES":7616095657,"PER_SHARES":500,"TOTAL_MARKET_CAP":2322909175.385,"HKSK_MARKET_CAP":2322909175.385,"PE_TTM":-0.251053823659,"PB_TTM":2.113181660795,"REPORT_DATE_SQ":"2021-12-31 00:00:00","REPORT_TYPE_SQ":"2021年年报","OPERATE_INCOME_SQ":64247332000,"DPS_HKD":null,"OPERATE_INCOME_QOQ_SQ":11.445014432512,"NET_PROFIT_RATIO_SQ":7.9245096123,"HOLDER_PROFIT_SQ":2729143000,"HOLDER_PROFIT_QOQ_SQ":2.860495083948,"ROE_AVG_SQ":5.020371679902,"PE_TTM_SQ":-0.098108477269,"PB_TTM_SQ":0.25903642918,"ROA_SQ":1.009034668515,"START_DATE":"2022-01-01 00:00:00","FISCAL_YEAR":"12-31","CURRENCY":"HKD","IS_CNY_CODE":0,"DPS_HKD_LY":0.032,"ORG_TYPE":"一般企业","PREMIUM_INCOME":null,"PREMIUM_INCOME_YOY":null,"NET_INTEREST_INCOME":null,"NET_INTEREST_INCOME_YOY":null,"FEE_COMMISSION_INCOME":null,"FEE_COMMISSION_INCOME_YOY":null,"ACCOUNTS_RECE_TDAYS":0.581067089987,"INVENTORY_TDAYS":0.43668980441,"CURRENT_ASSETS_TDAYS":0.227858259091,"TOTAL_ASSETS_TDAYS":0.17494577223,"PREMIUM_EXPENSE":null,"LOAN_DEPOSIT":null,"LOAN_EQUITY":null,"LOAN_ASSETS":null,"DEPOSIT_EQUITY":null,"DEPOSIT_ASSETS":null,"EQUITY_MULTIPLIER":5.138712879376,"EQUITY_RATIO":6.919634810842},{"SECUCODE":"03377.HK","SECURITY_CODE":"03377","SECURITY_NAME_ABBR":"远洋集团","ORG_CODE":"10086854","STD_REPORT_DATE":"2022-06-30 00:00:00","REPORT_DATE":"2022-06-30 00:00:00","DATE_TYPE_CODE":"002","REPORT_TYPE":"2022年中报","PER_NETCASH_OPERATE":-0.823867015671,"PER_OI":3.074070370752,"BPS":6.865059389314,"BASIC_EPS":-0.143,"DILUTED_EPS":-0.143,"OPERATE_INCOME":23412414000,"OPERATE_INCOME_YOY":14.134558521,"GROSS_PROFIT":4310581000,"GROSS_PROFIT_YOY":-6.540988827842,"HOLDER_PROFIT":-1087353000,"HOLDER_PROFIT_YOY":-207.683234796,"GROSS_PROFIT_RATIO":18.41151877803,"EPS_TTM":0.082984777038,"OPERATE_INCOME_QOQ":4.512904909421,"NET_PROFIT_RATIO":0.4607982756,"ROE_AVG":-2.025643738806,"GROSS_PROFIT_QOQ":-2.679747647799,"ROA":-0.398843502654,"HOLDER_PROFIT_QOQ":-76.841814445047,"ROE_YEARLY":-4.051287477612,"ROIC_YEARLY":-0.92907030073,"TOTAL_ASSETS":264000917000,"TOTAL_LIABILITIES":192254063000,"TAX_EBT":93.845493851142,"OCF_SALES":-26.800525567334,"TOTAL_PARENT_EQUITY":52284949000,"DEBT_ASSET_RATIO":72.8232557616,"OPERATE_PROFIT":2859762000,"PRETAX_PROFIT":1752927000,"NETCASH_OPERATE":-6274650000,"NETCASH_INVEST":2427654000,"NETCASH_FINANCE":-2957841000,"END_CASH":14615320000,"DIVI_RATIO":null,"DIVIDEND_RATE":null,"CURRENT_RATIO":1.713196897891,"COMMON_ACS":null,"CURRENTDEBT_DEBT":59.188948844218,"ISSUED_COMMON_SHARES":7616095657,"HK_COMMON_SHARES":7616095657,"PER_SHARES":500,"TOTAL_MARKET_CAP":2322909175.385,"HKSK_MARKET_CAP":2322909175.385,"PE_TTM":-0.251053823659,"PB_TTM":2.113181660795,"REPORT_DATE_SQ":"2021-06-30 00:00:00","REPORT_TYPE_SQ":"2021年中报","OPERATE_INCOME_SQ":20512993000,"DPS_HKD":null,"OPERATE_INCOME_QOQ_SQ":2.015070581593,"NET_PROFIT_RATIO_SQ":9.390570162,"HOLDER_PROFIT_SQ":1009770000,"HOLDER_PROFIT_QOQ_SQ":-7.432483114891,"ROE_AVG_SQ":1.87877924729,"PE_TTM_SQ":-0.098108477269,"PB_TTM_SQ":0.25903642918,"ROA_SQ":0.383732309873,"START_DATE":"2022-01-01 00:00:00","FISCAL_YEAR":"12-31","CURRENCY":"HKD","IS_CNY_CODE":0,"DPS_HKD_LY":0.032,"ORG_TYPE":"一般企业","PREMIUM_INCOME":null,"PREMIUM_INCOME_YOY":null,"NET_INTEREST_INCOME":null,"NET_INTEREST_INCOME_YOY":null,"FEE_COMMISSION_INCOME":null,"FEE_COMMISSION_INCOME_YOY":null,"ACCOUNTS_RECE_TDAYS":0.303129804556,"INVENTORY_TDAYS":0.189217540049,"CURRENT_ASSETS_TDAYS":0.114855887673,"TOTAL_ASSETS_TDAYS":0.085877256101,"PREMIUM_EXPENSE":null,"LOAN_DEPOSIT":null,"LOAN_EQUITY":null,"LOAN_ASSETS":null,"DEPOSIT_EQUITY":null,"DEPOSIT_ASSETS":null,"EQUITY_MULTIPLIER":3.679616628202,"EQUITY_RATIO":3.677044095424},{"SECUCODE":"03377.HK","SECURITY_CODE":"03377","SECURITY_NAME_ABBR":"远洋集团","ORG_CODE":"10086854","STD_REPORT_DATE":"2021-12-31 00:00:00","REPORT_DATE":"2021-12-31 00:00:00","DATE_TYPE_CODE":"001","REPORT_TYPE":"2021年年报","PER_NETCASH_OPERATE":-1.042989132194,"PER_OI":8.435730706842,"BPS":7.231239401435,"BASIC_EPS":0.358,"DILUTED_EPS":0.358,"OPERATE_INCOME":64247332000,"OPERATE_INCOME_YOY":13.690710133,"GROSS_PROFIT":11258075000,"GROSS_PROFIT_YOY":7.658166464925,"HOLDER_PROFIT":2729143000,"HOLDER_PROFIT_YOY":-4.7845938451,"GROSS_PROFIT_RATIO":17.523023368504,"EPS_TTM":0.358338855355,"OPERATE_INCOME_QOQ":11.445014432512,"NET_PROFIT_RATIO":7.9245096123,"ROE_AVG":5.020371679902,"GROSS_PROFIT_QOQ":6.217744170163,"ROA":1.009034668515,"HOLDER_PROFIT_QOQ":2.860495083948,"ROE_YEARLY":5.020371679902,"ROIC_YEARLY":1.233437060151,"TOTAL_ASSETS":281252042000,"TOTAL_LIABILITIES":204804673000,"TAX_EBT":48.032798230173,"OCF_SALES":-12.363945323053,"TOTAL_PARENT_EQUITY":55073811000,"DEBT_ASSET_RATIO":72.8189105912,"OPERATE_PROFIT":9900571000,"PRETAX_PROFIT":9797114000,"NETCASH_OPERATE":-7943505000,"NETCASH_INVEST":-12683096000,"NETCASH_FINANCE":3222829000,"END_CASH":21655471000,"DIVI_RATIO":null,"DIVIDEND_RATE":null,"CURRENT_RATIO":1.653382839818,"COMMON_ACS":null,"CURRENTDEBT_DEBT":62.823484989525,"ISSUED_COMMON_SHARES":7616095657,"HK_COMMON_SHARES":7616095657,"PER_SHARES":500,"TOTAL_MARKET_CAP":2322909175.385,"HKSK_MARKET_CAP":2322909175.385,"PE_TTM":-0.251053823659,"PB_TTM":2.113181660795,"REPORT_DATE_SQ":"2020-12-31 00:00:00","REPORT_TYPE_SQ":"2020年年报","OPERATE_INCOME_SQ":56510626000,"DPS_HKD":null,"OPERATE_INCOME_QOQ_SQ":4.985494290235,"NET_PROFIT_RATIO_SQ":8.286715847,"HOLDER_PROFIT_SQ":2866283000,"HOLDER_PROFIT_QOQ_SQ":43.036016465982,"ROE_AVG_SQ":5.535709419478,"PE_TTM_SQ":-0.098108477269,"PB_TTM_SQ":0.25903642918,"ROA_SQ":1.138795702238,"START_DATE":"2021-01-01 00:00:00","FISCAL_YEAR":"12-31","CURRENCY":"HKD","IS_CNY_CODE":0,"DPS_HKD_LY":0.144555,"ORG_TYPE":"一般企业","PREMIUM_INCOME":null,"PREMIUM_INCOME_YOY":null,"NET_INTEREST_INCOME":null,"NET_INTEREST_INCOME_YOY":null,"FEE_COMMISSION_INCOME":null,"FEE_COMMISSION_INCOME_YOY":null,"ACCOUNTS_RECE_TDAYS":0.994795085651,"INVENTORY_TDAYS":0.532359959928,"CURRENT_ASSETS_TDAYS":0.318431027899,"TOTAL_ASSETS_TDAYS":0.237538983291,"PREMIUM_EXPENSE":null,"LOAN_DEPOSIT":null,"LOAN_EQUITY":null,"LOAN_ASSETS":null,"DEPOSIT_EQUITY":null,"DEPOSIT_ASSETS":null,"EQUITY_MULTIPLIER":3.679028404492,"EQUITY_RATIO":3.718730723029},{"SECUCODE":"03377.HK","SECURITY_CODE":"03377","SECURITY_NAME_ABBR":"远洋集团","ORG_CODE":"10086854","STD_REPORT_DATE":"2021-06-30 00:00:00","REPORT_DATE":"2021-06-30 00:00:00","DATE_TYPE_CODE":"002","REPORT_TYPE":"2021年中报","PER_NETCASH_OPERATE":-0.426677807941,"PER_OI":2.693373865538,"BPS":7.069659498107,"BASIC_EPS":0.133,"DILUTED_EPS":0.133,"OPERATE_INCOME":20512993000,"OPERATE_INCOME_YOY":5.8775342382,"GROSS_PROFIT":4612269000,"GROSS_PROFIT_YOY":3.172180568523,"HOLDER_PROFIT":1009770000,"HOLDER_PROFIT_YOY":-17.4218968504,"GROSS_PROFIT_RATIO":22.484622307432,"EPS_TTM":0.348373644383,"OPERATE_INCOME_QOQ":2.015070581593,"NET_PROFIT_RATIO":9.390570162,"ROE_AVG":1.87877924729,"GROSS_PROFIT_QOQ":1.356103263174,"ROA":0.383732309873,"HOLDER_PROFIT_QOQ":-7.432483114891,"ROE_YEARLY":3.75755849458,"ROIC_YEARLY":0.959648540376,"TOTAL_ASSETS":266599424000,"TOTAL_LIABILITIES":195558428000,"TAX_EBT":50.865640865534,"OCF_SALES":-15.841759415606,"TOTAL_PARENT_EQUITY":53843203000,"DEBT_ASSET_RATIO":73.3529071691,"OPERATE_PROFIT":4181537000,"PRETAX_PROFIT":3920448000,"NETCASH_OPERATE":-3249619000,"NETCASH_INVEST":-5649038000,"NETCASH_FINANCE":2616335000,"END_CASH":32813540000,"DIVI_RATIO":null,"DIVIDEND_RATE":null,"CURRENT_RATIO":1.532791290579,"COMMON_ACS":null,"CURRENTDEBT_DEBT":64.549058964618,"ISSUED_COMMON_SHARES":7616095657,"HK_COMMON_SHARES":7616095657,"PER_SHARES":500,"TOTAL_MARKET_CAP":2322909175.385,"HKSK_MARKET_CAP":2322909175.385,"PE_TTM":-0.251053823659,"PB_TTM":2.113181660795,"REPORT_DATE_SQ":"2020-06-30 00:00:00","REPORT_TYPE_SQ":"2020年中报","OPERATE_INCOME_SQ":19374264000,"DPS_HKD":null,"OPERATE_INCOME_QOQ_SQ":5.69564091301,"NET_PROFIT_RATIO_SQ":10.2149273903,"HOLDER_PROFIT_SQ":1222806000,"HOLDER_PROFIT_QOQ_SQ":-24.560239764151,"ROE_AVG_SQ":2.437834770758,"PE_TTM_SQ":-0.098108477269,"PB_TTM_SQ":0.25903642918,"ROA_SQ":0.491312869296,"START_DATE":"2021-01-01 00:00:00","FISCAL_YEAR":"12-31","CURRENCY":"HKD","IS_CNY_CODE":0,"DPS_HKD_LY":0.144555,"ORG_TYPE":"一般企业","PREMIUM_INCOME":null,"PREMIUM_INCOME_YOY":null,"NET_INTEREST_INCOME":null,"NET_INTEREST_INCOME_YOY":null,"FEE_COMMISSION_INCOME":null,"FEE_COMMISSION_INCOME_YOY":null,"ACCOUNTS_RECE_TDAYS":0.365567953083,"INVENTORY_TDAYS":0.171461373746,"CURRENT_ASSETS_TDAYS":0.106761472913,"TOTAL_ASSETS_TDAYS":0.077953377366,"PREMIUM_EXPENSE":null,"LOAN_DEPOSIT":null,"LOAN_EQUITY":null,"LOAN_ASSETS":null,"DEPOSIT_EQUITY":null,"DEPOSIT_ASSETS":null,"EQUITY_MULTIPLIER":3.752754592578,"EQUITY_RATIO":3.631998415845},{"SECUCODE":"03377.HK","SECURITY_CODE":"03377","SECURITY_NAME_ABBR":"远洋集团","ORG_CODE":"10086854","STD_REPORT_DATE":"2020-12-31 00:00:00","REPORT_DATE":"2020-12-31 00:00:00","DATE_TYPE_CODE":"001","REPORT_TYPE":"2020年年报","PER_NETCASH_OPERATE":1.499004150441,"PER_OI":7.41989446365,"BPS":7.044152071631,"BASIC_EPS":0.376,"DILUTED_EPS":0.376,"OPERATE_INCOME":56510626000,"OPERATE_INCOME_YOY":10.9650910558,"GROSS_PROFIT":10457242000,"GROSS_PROFIT_YOY":2.300609895919,"HOLDER_PROFIT":2866283000,"HOLDER_PROFIT_YOY":7.9060278728,"GROSS_PROFIT_RATIO":18.504912686687,"EPS_TTM":0.376345456923,"OPERATE_INCOME_QOQ":4.985494290235,"NET_PROFIT_RATIO":8.286715847,"ROE_AVG":5.535709419478,"GROSS_PROFIT_QOQ":-7.731395428658,"ROA":1.138795702238,"HOLDER_PROFIT_QOQ":43.036016465982,"ROE_YEARLY":5.535709419478,"ROIC_YEARLY":1.428696453871,"TOTAL_ASSETS":259689332000,"TOTAL_LIABILITIES":189784005000,"TAX_EBT":53.405684638311,"OCF_SALES":20.202499614851,"TOTAL_PARENT_EQUITY":53648936000,"DEBT_ASSET_RATIO":73.0811710818,"OPERATE_PROFIT":10920663000,"PRETAX_PROFIT":10050314000,"NETCASH_OPERATE":11416559000,"NETCASH_INVEST":2274020000,"NETCASH_FINANCE":-5366226000,"END_CASH":39129442000,"DIVI_RATIO":null,"DIVIDEND_RATE":null,"CURRENT_RATIO":1.466659277168,"COMMON_ACS":null,"CURRENTDEBT_DEBT":68.543972923324,"ISSUED_COMMON_SHARES":7616095657,"HK_COMMON_SHARES":7616095657,"PER_SHARES":500,"TOTAL_MARKET_CAP":2322909175.385,"HKSK_MARKET_CAP":2322909175.385,"PE_TTM":-0.251053823659,"PB_TTM":2.113181660795,"REPORT_DATE_SQ":"2019-12-31 00:00:00","REPORT_TYPE_SQ":"2019年年报","OPERATE_INCOME_SQ":50926490000,"DPS_HKD":null,"OPERATE_INCOME_QOQ_SQ":19.772055693305,"NET_PROFIT_RATIO_SQ":8.1809427667,"HOLDER_PROFIT_SQ":2656277000,"HOLDER_PROFIT_QOQ_SQ":-14.740903247757,"ROE_AVG_SQ":5.404869605247,"PE_TTM_SQ":-0.098108477269,"PB_TTM_SQ":0.25903642918,"ROA_SQ":1.077463462982,"START_DATE":"2020-01-01 00:00:00","FISCAL_YEAR":"12-31","CURRENCY":"HKD","IS_CNY_CODE":0,"DPS_HKD_LY":0.088,"ORG_TYPE":"一般企业","PREMIUM_INCOME":null,"PREMIUM_INCOME_YOY":null,"NET_INTEREST_INCOME":null,"NET_INTEREST_INCOME_YOY":null,"FEE_COMMISSION_INCOME":null,"FEE_COMMISSION_INCOME_YOY":null,"ACCOUNTS_RECE_TDAYS":1.005882540992,"INVENTORY_TDAYS":0.533490235512,"CURRENT_ASSETS_TDAYS":0.304519766924,"TOTAL_ASSETS_TDAYS":0.224520949326,"PREMIUM_EXPENSE":null,"LOAN_DEPOSIT":null,"LOAN_EQUITY":null,"LOAN_ASSETS":null,"DEPOSIT_EQUITY":null,"DEPOSIT_ASSETS":null,"EQUITY_MULTIPLIER":3.714871858054,"EQUITY_RATIO":3.537516662027},{"SECUCODE":"03377.HK","SECURITY_CODE":"03377","SECURITY_NAME_ABBR":"远洋集团","ORG_CODE":"10086854","STD_REPORT_DATE":"2020-06-30 00:00:00","REPORT_DATE":"2020-06-30 00:00:00","DATE_TYPE_CODE":"002","REPORT_TYPE":"2020年中报","PER_NETCASH_OPERATE":0.040731237365,"PER_OI":2.543857755016,"BPS":6.619118019305,"BASIC_EPS":0.161,"DILUTED_EPS":0.161,"OPERATE_INCOME":19374264000,"OPERATE_INCOME_YOY":17.6074262487,"GROSS_PROFIT":4470458000,"GROSS_PROFIT_YOY":33.08689475483,"HOLDER_PROFIT":1222806000,"HOLDER_PROFIT_YOY":-34.7904270172,"GROSS_PROFIT_RATIO":23.074208135081,"EPS_TTM":0.263112372828,"OPERATE_INCOME_QOQ":5.69564091301,"NET_PROFIT_RATIO":10.2149273903,"ROE_AVG":2.437834770758,"GROSS_PROFIT_QOQ":10.872609780092,"ROA":0.491312869296,"HOLDER_PROFIT_QOQ":-24.560239764151,"ROE_YEARLY":4.875669541515,"ROIC_YEARLY":1.246549514762,"TOTAL_ASSETS":254071685000,"TOTAL_LIABILITIES":186927655000,"TAX_EBT":50.476066786731,"OCF_SALES":1.601160178265,"TOTAL_PARENT_EQUITY":50411836000,"DEBT_ASSET_RATIO":73.5728009203,"OPERATE_PROFIT":4733632000,"PRETAX_PROFIT":3996183000,"NETCASH_OPERATE":310213000,"NETCASH_INVEST":7771611000,"NETCASH_FINANCE":2729928000,"END_CASH":41899452000,"DIVI_RATIO":null,"DIVIDEND_RATE":null,"CURRENT_RATIO":1.610243728758,"COMMON_ACS":null,"CURRENTDEBT_DEBT":63.262257262041,"ISSUED_COMMON_SHARES":7616095657,"HK_COMMON_SHARES":7616095657,"PER_SHARES":500,"TOTAL_MARKET_CAP":2322909175.385,"HKSK_MARKET_CAP":2322909175.385,"PE_TTM":-0.251053823659,"PB_TTM":2.113181660795,"REPORT_DATE_SQ":"2019-06-30 00:00:00","REPORT_TYPE_SQ":"2019年中报","OPERATE_INCOME_SQ":16473674000,"DPS_HKD":null,"OPERATE_INCOME_QOQ_SQ":2.64933459794,"NET_PROFIT_RATIO_SQ":15.3786823753,"HOLDER_PROFIT_SQ":1875194000,"HOLDER_PROFIT_QOQ_SQ":-12.821563933633,"ROE_AVG_SQ":3.817449517417,"PE_TTM_SQ":-0.098108477269,"PB_TTM_SQ":0.25903642918,"ROA_SQ":0.74271751747,"START_DATE":"2020-01-01 00:00:00","FISCAL_YEAR":"12-31","CURRENCY":"HKD","IS_CNY_CODE":0,"DPS_HKD_LY":0.088,"ORG_TYPE":"一般企业","PREMIUM_INCOME":null,"PREMIUM_INCOME_YOY":null,"NET_INTEREST_INCOME":null,"NET_INTEREST_INCOME_YOY":null,"FEE_COMMISSION_INCOME":null,"FEE_COMMISSION_INCOME_YOY":null,"ACCOUNTS_RECE_TDAYS":0.33902510001,"INVENTORY_TDAYS":0.177958910933,"CURRENT_ASSETS_TDAYS":0.104507252672,"TOTAL_ASSETS_TDAYS":0.077844116208,"PREMIUM_EXPENSE":null,"LOAN_DEPOSIT":null,"LOAN_EQUITY":null,"LOAN_ASSETS":null,"DEPOSIT_EQUITY":null,"DEPOSIT_ASSETS":null,"EQUITY_MULTIPLIER":3.783980273445,"EQUITY_RATIO":3.70801124958}],"count":40},"success":true,"message":"ok","code":0}