{"version":"016f3856e91c871bcef9f4d679620bb0","result":{"pages":5,"data":[{"SECUCODE":"03389.HK","SECURITY_CODE":"03389","SECURITY_NAME_ABBR":"亨得利","ORG_CODE":"10010633","STD_REPORT_DATE":"2024-06-30 00:00:00","REPORT_DATE":"2024-06-30 00:00:00","DATE_TYPE_CODE":"002","REPORT_TYPE":"2024年中报","PER_NETCASH_OPERATE":-0.018260593505,"PER_OI":0.131779859579,"BPS":0.739382375579,"BASIC_EPS":-0.001,"DILUTED_EPS":-0.001,"OPERATE_INCOME":580361000,"OPERATE_INCOME_YOY":-14.0996209413,"GROSS_PROFIT":95363000,"GROSS_PROFIT_YOY":-8.401690519643,"HOLDER_PROFIT":-2504000,"HOLDER_PROFIT_YOY":-26.1460957179,"GROSS_PROFIT_RATIO":16.431669254137,"EPS_TTM":0.007576261663,"OPERATE_INCOME_QOQ":-6.701588654997,"NET_PROFIT_RATIO":0.085980967,"ROE_AVG":-0.077736332888,"GROSS_PROFIT_QOQ":-4.063363760946,"ROA":-0.06902154925,"HOLDER_PROFIT_QOQ":-1.531651173085,"ROE_YEARLY":-0.155472665776,"ROIC_YEARLY":-0.219426424234,"TOTAL_ASSETS":3656547000,"TOTAL_LIABILITIES":332792000,"TAX_EBT":92.410646387833,"OCF_SALES":-13.856892520345,"TOTAL_PARENT_EQUITY":3256254000,"DEBT_ASSET_RATIO":9.1012641161,"OPERATE_PROFIT":-17220000,"PRETAX_PROFIT":6575000,"NETCASH_OPERATE":-80420000,"NETCASH_INVEST":108029000,"NETCASH_FINANCE":801000,"END_CASH":1060434000,"DIVI_RATIO":null,"DIVIDEND_RATE":null,"CURRENT_RATIO":7.277960208615,"COMMON_ACS":10000000000,"CURRENTDEBT_DEBT":90.226327555951,"ISSUED_COMMON_SHARES":4404018959,"HK_COMMON_SHARES":4404018959,"PER_SHARES":4000,"TOTAL_MARKET_CAP":550502369.875,"HKSK_MARKET_CAP":550502369.875,"PE_TTM":14.958901368626,"PB_TTM":0.154297700037,"REPORT_DATE_SQ":"2023-06-30 00:00:00","REPORT_TYPE_SQ":"2023年中报","OPERATE_INCOME_SQ":675621000,"DPS_HKD":null,"OPERATE_INCOME_QOQ_SQ":14.18820228503,"NET_PROFIT_RATIO_SQ":-1.3023573868,"HOLDER_PROFIT_SQ":-1985000,"HOLDER_PROFIT_QOQ_SQ":26.172802479318,"ROE_AVG_SQ":-0.061909269393,"PE_TTM_SQ":-8.75043346046,"PB_TTM_SQ":0.16111429301,"ROA_SQ":-0.055064299706,"START_DATE":"2024-01-01 00:00:00","FISCAL_YEAR":"12-31","CURRENCY":"HKD","IS_CNY_CODE":0,"DPS_HKD_LY":null,"ORG_TYPE":"一般企业","PREMIUM_INCOME":null,"PREMIUM_INCOME_YOY":null,"NET_INTEREST_INCOME":null,"NET_INTEREST_INCOME_YOY":null,"FEE_COMMISSION_INCOME":null,"FEE_COMMISSION_INCOME_YOY":null,"ACCOUNTS_RECE_TDAYS":0.954684792201,"INVENTORY_TDAYS":2.002667481501,"CURRENT_ASSETS_TDAYS":0.266484987975,"TOTAL_ASSETS_TDAYS":0.159973703451,"PREMIUM_EXPENSE":null,"LOAN_DEPOSIT":null,"LOAN_EQUITY":null,"LOAN_ASSETS":null,"DEPOSIT_EQUITY":null,"DEPOSIT_ASSETS":null,"EQUITY_MULTIPLIER":1.100125310078,"EQUITY_RATIO":0.102200872536},{"SECUCODE":"03389.HK","SECURITY_CODE":"03389","SECURITY_NAME_ABBR":"亨得利","ORG_CODE":"10010633","STD_REPORT_DATE":"2023-12-31 00:00:00","REPORT_DATE":"2023-12-31 00:00:00","DATE_TYPE_CODE":"001","REPORT_TYPE":"2023年年报","PER_NETCASH_OPERATE":0.018912725121,"PER_OI":0.322762915699,"BPS":0.723438302528,"BASIC_EPS":0.008,"DILUTED_EPS":0.008,"OPERATE_INCOME":1421454000,"OPERATE_INCOME_YOY":36.772168585,"GROSS_PROFIT":215265000,"GROSS_PROFIT_YOY":74.172485496751,"HOLDER_PROFIT":33885000,"HOLDER_PROFIT_YOY":142.3446052336,"GROSS_PROFIT_RATIO":15.144000438987,"EPS_TTM":0.007694108567,"OPERATE_INCOME_QOQ":19.777845563737,"NET_PROFIT_RATIO":2.4757044547,"ROE_AVG":1.067651651591,"GROSS_PROFIT_QOQ":26.512609239919,"ROA":0.951164169083,"HOLDER_PROFIT_QOQ":157.356376316057,"ROE_YEARLY":1.067651651591,"ROIC_YEARLY":1.549056542964,"TOTAL_ASSETS":3599158000,"TOTAL_LIABILITIES":353524000,"TAX_EBT":-5.875804801733,"OCF_SALES":5.859633867856,"TOTAL_PARENT_EQUITY":3186036000,"DEBT_ASSET_RATIO":9.8224084633,"OPERATE_PROFIT":22265000,"PRETAX_PROFIT":33238000,"NETCASH_OPERATE":83292000,"NETCASH_INVEST":-164121000,"NETCASH_FINANCE":-3409000,"END_CASH":990815000,"DIVI_RATIO":null,"DIVIDEND_RATE":null,"CURRENT_RATIO":6.895870137133,"COMMON_ACS":10000000000,"CURRENTDEBT_DEBT":89.027053325941,"ISSUED_COMMON_SHARES":4404018959,"HK_COMMON_SHARES":4404018959,"PER_SHARES":4000,"TOTAL_MARKET_CAP":559310407.793,"HKSK_MARKET_CAP":559310407.793,"PE_TTM":15.198243790524,"PB_TTM":0.156766463238,"REPORT_DATE_SQ":"2022-12-31 00:00:00","REPORT_TYPE_SQ":"2022年年报","OPERATE_INCOME_SQ":1039286000,"DPS_HKD":null,"OPERATE_INCOME_QOQ_SQ":-5.625068673149,"NET_PROFIT_RATIO_SQ":-8.4807261909,"HOLDER_PROFIT_SQ":-80022000,"HOLDER_PROFIT_QOQ_SQ":-493.654073199528,"ROE_AVG_SQ":-2.513988857923,"PE_TTM_SQ":-8.682600642938,"PB_TTM_SQ":0.159865345002,"ROA_SQ":-2.267815774189,"START_DATE":"2023-01-01 00:00:00","FISCAL_YEAR":"12-31","CURRENCY":"HKD","IS_CNY_CODE":0,"DPS_HKD_LY":null,"ORG_TYPE":"一般企业","PREMIUM_INCOME":null,"PREMIUM_INCOME_YOY":null,"NET_INTEREST_INCOME":null,"NET_INTEREST_INCOME_YOY":null,"FEE_COMMISSION_INCOME":null,"FEE_COMMISSION_INCOME_YOY":null,"ACCOUNTS_RECE_TDAYS":2.253237895885,"INVENTORY_TDAYS":4.864812869165,"CURRENT_ASSETS_TDAYS":0.630438875498,"TOTAL_ASSETS_TDAYS":0.399007263627,"PREMIUM_EXPENSE":null,"LOAN_DEPOSIT":null,"LOAN_EQUITY":null,"LOAN_ASSETS":null,"DEPOSIT_EQUITY":null,"DEPOSIT_ASSETS":null,"EQUITY_MULTIPLIER":1.108922940787,"EQUITY_RATIO":0.11096045368},{"SECUCODE":"03389.HK","SECURITY_CODE":"03389","SECURITY_NAME_ABBR":"亨得利","ORG_CODE":"10010633","STD_REPORT_DATE":"2023-06-30 00:00:00","REPORT_DATE":"2023-06-30 00:00:00","DATE_TYPE_CODE":"002","REPORT_TYPE":"2023年中报","PER_NETCASH_OPERATE":0.030506226529,"PER_OI":0.15341010252,"BPS":0.73820526893,"BASIC_EPS":-0.001,"DILUTED_EPS":-0.001,"OPERATE_INCOME":675621000,"OPERATE_INCOME_YOY":27.918548181,"GROSS_PROFIT":104110000,"GROSS_PROFIT_YOY":80.903562119896,"HOLDER_PROFIT":-1985000,"HOLDER_PROFIT_YOY":91.3428409438,"GROSS_PROFIT_RATIO":15.40952693892,"EPS_TTM":-0.013414565321,"OPERATE_INCOME_QOQ":14.18820228503,"NET_PROFIT_RATIO":-1.3023573868,"ROE_AVG":-0.061909269393,"GROSS_PROFIT_QOQ":37.672036442193,"ROA":-0.055064299706,"HOLDER_PROFIT_QOQ":26.172802479318,"ROE_YEARLY":-0.123818538785,"ROIC_YEARLY":-0.184985470253,"TOTAL_ASSETS":3683958000,"TOTAL_LIABILITIES":381408000,"TAX_EBT":-22.719665271967,"OCF_SALES":19.885409127307,"TOTAL_PARENT_EQUITY":3251070000,"DEBT_ASSET_RATIO":10.3532124959,"OPERATE_PROFIT":-14888000,"PRETAX_PROFIT":-7170000,"NETCASH_OPERATE":134350000,"NETCASH_INVEST":70906000,"NETCASH_FINANCE":20393000,"END_CASH":1331854000,"DIVI_RATIO":null,"DIVIDEND_RATE":null,"CURRENT_RATIO":6.662974054989,"COMMON_ACS":10000000000,"CURRENTDEBT_DEBT":93.061236261431,"ISSUED_COMMON_SHARES":4404018959,"HK_COMMON_SHARES":4404018959,"PER_SHARES":4000,"TOTAL_MARKET_CAP":559310407.793,"HKSK_MARKET_CAP":559310407.793,"PE_TTM":15.198243790524,"PB_TTM":0.156766463238,"REPORT_DATE_SQ":"2022-06-30 00:00:00","REPORT_TYPE_SQ":"2022年中报","OPERATE_INCOME_SQ":528165000,"DPS_HKD":null,"OPERATE_INCOME_QOQ_SQ":10.903639817032,"NET_PROFIT_RATIO_SQ":-4.993041369,"HOLDER_PROFIT_SQ":-22929000,"HOLDER_PROFIT_QOQ_SQ":-22.654288105928,"ROE_AVG_SQ":-0.714261016002,"PE_TTM_SQ":-8.682600642938,"PB_TTM_SQ":0.159865345002,"ROA_SQ":-0.651037304105,"START_DATE":"2023-01-01 00:00:00","FISCAL_YEAR":"12-31","CURRENCY":"HKD","IS_CNY_CODE":0,"DPS_HKD_LY":null,"ORG_TYPE":"一般企业","PREMIUM_INCOME":null,"PREMIUM_INCOME_YOY":null,"NET_INTEREST_INCOME":null,"NET_INTEREST_INCOME_YOY":null,"FEE_COMMISSION_INCOME":null,"FEE_COMMISSION_INCOME_YOY":null,"ACCOUNTS_RECE_TDAYS":1.075096908476,"INVENTORY_TDAYS":2.347544983477,"CURRENT_ASSETS_TDAYS":0.287251628176,"TOTAL_ASSETS_TDAYS":0.187418625853,"PREMIUM_EXPENSE":null,"LOAN_DEPOSIT":null,"LOAN_EQUITY":null,"LOAN_ASSETS":null,"DEPOSIT_EQUITY":null,"DEPOSIT_ASSETS":null,"EQUITY_MULTIPLIER":1.115488940364,"EQUITY_RATIO":0.117317683101},{"SECUCODE":"03389.HK","SECURITY_CODE":"03389","SECURITY_NAME_ABBR":"亨得利","ORG_CODE":"10010633","STD_REPORT_DATE":"2022-12-31 00:00:00","REPORT_DATE":"2022-12-31 00:00:00","DATE_TYPE_CODE":"001","REPORT_TYPE":"2022年年报","PER_NETCASH_OPERATE":0.053902129444,"PER_OI":0.235985814247,"BPS":0.717876110306,"BASIC_EPS":-0.018,"DILUTED_EPS":-0.018,"OPERATE_INCOME":1039286000,"OPERATE_INCOME_YOY":18.3705127825,"GROSS_PROFIT":123593000,"GROSS_PROFIT_YOY":-10.384657216401,"HOLDER_PROFIT":-80022000,"HOLDER_PROFIT_YOY":-404.4745453162,"GROSS_PROFIT_RATIO":11.892106696328,"EPS_TTM":-0.018170221506,"OPERATE_INCOME_QOQ":-5.625068673149,"NET_PROFIT_RATIO":-8.4807261909,"ROE_AVG":-2.513988857923,"GROSS_PROFIT_QOQ":16.931417164158,"ROA":-2.267815774189,"HOLDER_PROFIT_QOQ":-493.654073199528,"ROE_YEARLY":-2.513988857923,"ROIC_YEARLY":-3.424626609694,"TOTAL_ASSETS":3525795000,"TOTAL_LIABILITIES":305961000,"TAX_EBT":-9.369085173502,"OCF_SALES":22.841258325427,"TOTAL_PARENT_EQUITY":3161540000,"DEBT_ASSET_RATIO":8.6777875628,"OPERATE_PROFIT":-104869000,"PRETAX_PROFIT":-31700000,"NETCASH_OPERATE":237386000,"NETCASH_INVEST":68593000,"NETCASH_FINANCE":-24457000,"END_CASH":1050187000,"DIVI_RATIO":null,"DIVIDEND_RATE":null,"CURRENT_RATIO":8.521258884432,"COMMON_ACS":10000000000,"CURRENTDEBT_DEBT":89.716336395815,"ISSUED_COMMON_SHARES":4404018959,"HK_COMMON_SHARES":4404018959,"PER_SHARES":4000,"TOTAL_MARKET_CAP":559310407.793,"HKSK_MARKET_CAP":559310407.793,"PE_TTM":15.198243790524,"PB_TTM":0.156766463238,"REPORT_DATE_SQ":"2021-12-31 00:00:00","REPORT_TYPE_SQ":"2021年年报","OPERATE_INCOME_SQ":877994000,"DPS_HKD":null,"OPERATE_INCOME_QOQ_SQ":-2.533633563479,"NET_PROFIT_RATIO_SQ":2.0353246146,"HOLDER_PROFIT_SQ":26282000,"HOLDER_PROFIT_QOQ_SQ":107.986265155429,"ROE_AVG_SQ":0.799903580605,"PE_TTM_SQ":-8.682600642938,"PB_TTM_SQ":0.159865345002,"ROA_SQ":0.734149150828,"START_DATE":"2022-01-01 00:00:00","FISCAL_YEAR":"12-31","CURRENCY":"HKD","IS_CNY_CODE":0,"DPS_HKD_LY":null,"ORG_TYPE":"一般企业","PREMIUM_INCOME":null,"PREMIUM_INCOME_YOY":null,"NET_INTEREST_INCOME":null,"NET_INTEREST_INCOME_YOY":null,"FEE_COMMISSION_INCOME":null,"FEE_COMMISSION_INCOME_YOY":null,"ACCOUNTS_RECE_TDAYS":1.555379623699,"INVENTORY_TDAYS":2.192559797815,"CURRENT_ASSETS_TDAYS":0.452469295302,"TOTAL_ASSETS_TDAYS":0.294532651608,"PREMIUM_EXPENSE":null,"LOAN_DEPOSIT":null,"LOAN_EQUITY":null,"LOAN_ASSETS":null,"DEPOSIT_EQUITY":null,"DEPOSIT_ASSETS":null,"EQUITY_MULTIPLIER":1.095023842844,"EQUITY_RATIO":0.096775938309},{"SECUCODE":"03389.HK","SECURITY_CODE":"03389","SECURITY_NAME_ABBR":"亨得利","ORG_CODE":"10010633","STD_REPORT_DATE":"2022-06-30 00:00:00","REPORT_DATE":"2022-06-30 00:00:00","DATE_TYPE_CODE":"002","REPORT_TYPE":"2022年中报","PER_NETCASH_OPERATE":0.012382553415,"PER_OI":0.119927957831,"BPS":0.730183959229,"BASIC_EPS":-0.005,"DILUTED_EPS":-0.005,"OPERATE_INCOME":528165000,"OPERATE_INCOME_YOY":24.0197981582,"GROSS_PROFIT":57550000,"GROSS_PROFIT_YOY":49.612644933188,"HOLDER_PROFIT":-22929000,"HOLDER_PROFIT_YOY":-35.0751104566,"GROSS_PROFIT_RATIO":5.419503486471,"EPS_TTM":0.004615783944,"OPERATE_INCOME_QOQ":10.903639817032,"NET_PROFIT_RATIO":-4.993041369,"ROE_AVG":-0.714261016002,"GROSS_PROFIT_QOQ":-7.175037543801,"ROA":-0.651037304105,"HOLDER_PROFIT_QOQ":-22.654288105928,"ROE_YEARLY":-1.428522032004,"ROIC_YEARLY":-1.859814712036,"TOTAL_ASSETS":3512444000,"TOTAL_LIABILITIES":234028000,"TAX_EBT":14.386325868481,"OCF_SALES":9.755142052671,"TOTAL_PARENT_EQUITY":3215744000,"DEBT_ASSET_RATIO":6.662825087,"OPERATE_PROFIT":-36606000,"PRETAX_PROFIT":12637000,"NETCASH_OPERATE":54533000,"NETCASH_INVEST":266379000,"NETCASH_FINANCE":-19902000,"END_CASH":1021392000,"DIVI_RATIO":null,"DIVIDEND_RATE":null,"CURRENT_RATIO":11.187124033583,"COMMON_ACS":10000000000,"CURRENTDEBT_DEBT":86.163621447006,"ISSUED_COMMON_SHARES":4404018959,"HK_COMMON_SHARES":4404018959,"PER_SHARES":4000,"TOTAL_MARKET_CAP":559310407.793,"HKSK_MARKET_CAP":559310407.793,"PE_TTM":15.198243790524,"PB_TTM":0.156766463238,"REPORT_DATE_SQ":"2021-06-30 00:00:00","REPORT_TYPE_SQ":"2021年中报","OPERATE_INCOME_SQ":450749000,"DPS_HKD":null,"OPERATE_INCOME_QOQ_SQ":-16.484076809066,"NET_PROFIT_RATIO_SQ":-4.8552520361,"HOLDER_PROFIT_SQ":-16975000,"HOLDER_PROFIT_QOQ_SQ":14.092764882164,"ROE_AVG_SQ":-0.512750651246,"PE_TTM_SQ":-8.682600642938,"PB_TTM_SQ":0.159865345002,"ROA_SQ":-0.474014179656,"START_DATE":"2022-01-01 00:00:00","FISCAL_YEAR":"12-31","CURRENCY":"HKD","IS_CNY_CODE":0,"DPS_HKD_LY":null,"ORG_TYPE":"一般企业","PREMIUM_INCOME":null,"PREMIUM_INCOME_YOY":null,"NET_INTEREST_INCOME":null,"NET_INTEREST_INCOME_YOY":null,"FEE_COMMISSION_INCOME":null,"FEE_COMMISSION_INCOME_YOY":null,"ACCOUNTS_RECE_TDAYS":0.793638152453,"INVENTORY_TDAYS":1.077898196171,"CURRENT_ASSETS_TDAYS":0.247866872728,"TOTAL_ASSETS_TDAYS":0.158725444488,"PREMIUM_EXPENSE":null,"LOAN_DEPOSIT":null,"LOAN_EQUITY":null,"LOAN_ASSETS":null,"DEPOSIT_EQUITY":null,"DEPOSIT_ASSETS":null,"EQUITY_MULTIPLIER":1.071384473477,"EQUITY_RATIO":0.072775693588},{"SECUCODE":"03389.HK","SECURITY_CODE":"03389","SECURITY_NAME_ABBR":"亨得利","ORG_CODE":"10010633","STD_REPORT_DATE":"2021-12-31 00:00:00","REPORT_DATE":"2021-12-31 00:00:00","DATE_TYPE_CODE":"001","REPORT_TYPE":"2021年年报","PER_NETCASH_OPERATE":-0.017386194009,"PER_OI":0.196647695648,"BPS":0.727653089107,"BASIC_EPS":0.006,"DILUTED_EPS":0.006,"OPERATE_INCOME":877994000,"OPERATE_INCOME_YOY":-18.6000642699,"GROSS_PROFIT":137915000,"GROSS_PROFIT_YOY":193.045613703676,"HOLDER_PROFIT":26282000,"HOLDER_PROFIT_YOY":106.8607795842,"GROSS_PROFIT_RATIO":11.467407614793,"EPS_TTM":0.005886480701,"OPERATE_INCOME_QOQ":-2.533633563479,"NET_PROFIT_RATIO":2.0353246146,"ROE_AVG":0.799903580605,"GROSS_PROFIT_QOQ":159.450019317719,"ROA":0.734149150828,"HOLDER_PROFIT_QOQ":107.986265155429,"ROE_YEARLY":0.799903580605,"ROIC_YEARLY":1.08554052748,"TOTAL_ASSETS":3531392000,"TOTAL_LIABILITIES":258929000,"TAX_EBT":0.789081686058,"OCF_SALES":-7.817620412463,"TOTAL_PARENT_EQUITY":3204598000,"DEBT_ASSET_RATIO":7.3322078093,"OPERATE_PROFIT":1590000,"PRETAX_PROFIT":49678000,"NETCASH_OPERATE":-77626000,"NETCASH_INVEST":-227053000,"NETCASH_FINANCE":-17578000,"END_CASH":661017000,"DIVI_RATIO":null,"DIVIDEND_RATE":null,"CURRENT_RATIO":10.275065848835,"COMMON_ACS":10000000000,"CURRENTDEBT_DEBT":84.749873517451,"ISSUED_COMMON_SHARES":4404018959,"HK_COMMON_SHARES":4404018959,"PER_SHARES":4000,"TOTAL_MARKET_CAP":559310407.793,"HKSK_MARKET_CAP":559310407.793,"PE_TTM":15.198243790524,"PB_TTM":0.156766463238,"REPORT_DATE_SQ":"2020-12-31 00:00:00","REPORT_TYPE_SQ":"2020年年报","OPERATE_INCOME_SQ":1219856000,"DPS_HKD":null,"OPERATE_INCOME_QOQ_SQ":-28.573252092407,"NET_PROFIT_RATIO_SQ":-31.686035073,"HOLDER_PROFIT_SQ":-383076000,"HOLDER_PROFIT_QOQ_SQ":11.612668029515,"ROE_AVG_SQ":-10.55115544594,"PE_TTM_SQ":-8.682600642938,"PB_TTM_SQ":0.159865345002,"ROA_SQ":-9.264759818848,"START_DATE":"2021-01-01 00:00:00","FISCAL_YEAR":"12-31","CURRENCY":"HKD","IS_CNY_CODE":0,"DPS_HKD_LY":null,"ORG_TYPE":"一般企业","PREMIUM_INCOME":null,"PREMIUM_INCOME_YOY":null,"NET_INTEREST_INCOME":null,"NET_INTEREST_INCOME_YOY":null,"FEE_COMMISSION_INCOME":null,"FEE_COMMISSION_INCOME_YOY":null,"ACCOUNTS_RECE_TDAYS":1.503110672844,"INVENTORY_TDAYS":1.405864813279,"CURRENT_ASSETS_TDAYS":0.4212268266,"TOTAL_ASSETS_TDAYS":0.277369381746,"PREMIUM_EXPENSE":null,"LOAN_DEPOSIT":null,"LOAN_EQUITY":null,"LOAN_ASSETS":null,"DEPOSIT_EQUITY":null,"DEPOSIT_ASSETS":null,"EQUITY_MULTIPLIER":1.079123583674,"EQUITY_RATIO":0.080799214129},{"SECUCODE":"03389.HK","SECURITY_CODE":"03389","SECURITY_NAME_ABBR":"亨得利","ORG_CODE":"10010633","STD_REPORT_DATE":"2021-06-30 00:00:00","REPORT_DATE":"2021-06-30 00:00:00","DATE_TYPE_CODE":"002","REPORT_TYPE":"2021年中报","PER_NETCASH_OPERATE":-0.003284128549,"PER_OI":0.100955988498,"BPS":0.738974566254,"BASIC_EPS":-0.004,"DILUTED_EPS":-0.004,"OPERATE_INCOME":450749000,"OPERATE_INCOME_YOY":-30.848793629,"GROSS_PROFIT":38466000,"GROSS_PROFIT_YOY":-52.962324369933,"HOLDER_PROFIT":-16975000,"HOLDER_PROFIT_YOY":76.0784092671,"GROSS_PROFIT_RATIO":8.533795970707,"EPS_TTM":-0.073707553993,"OPERATE_INCOME_QOQ":-16.484076809066,"NET_PROFIT_RATIO":-4.8552520361,"ROE_AVG":-0.512750651246,"GROSS_PROFIT_QOQ":-29.220161513395,"ROA":-0.474014179656,"HOLDER_PROFIT_QOQ":14.092764882164,"ROE_YEARLY":-1.025501302492,"ROIC_YEARLY":-1.461911185128,"TOTAL_ASSETS":3533772000,"TOTAL_LIABILITIES":211280000,"TAX_EBT":2.106816961889,"OCF_SALES":-3.253029956805,"TOTAL_PARENT_EQUITY":3254458000,"DEBT_ASSET_RATIO":5.9788803579,"OPERATE_PROFIT":-20656000,"PRETAX_PROFIT":-22356000,"NETCASH_OPERATE":-14663000,"NETCASH_INVEST":130865000,"NETCASH_FINANCE":-11003000,"END_CASH":1109632000,"DIVI_RATIO":null,"DIVIDEND_RATE":null,"CURRENT_RATIO":13.735853515187,"COMMON_ACS":10000000000,"CURRENTDEBT_DEBT":78.114823930329,"ISSUED_COMMON_SHARES":4404018959,"HK_COMMON_SHARES":4404018959,"PER_SHARES":4000,"TOTAL_MARKET_CAP":559310407.793,"HKSK_MARKET_CAP":559310407.793,"PE_TTM":15.198243790524,"PB_TTM":0.156766463238,"REPORT_DATE_SQ":"2020-06-30 00:00:00","REPORT_TYPE_SQ":"2020年中报","OPERATE_INCOME_SQ":651831000,"DPS_HKD":null,"OPERATE_INCOME_QOQ_SQ":-29.345713043417,"NET_PROFIT_RATIO_SQ":-10.9410261249,"HOLDER_PROFIT_SQ":-70961000,"HOLDER_PROFIT_QOQ_SQ":-30.339829183207,"ROE_AVG_SQ":-1.809789840606,"PE_TTM_SQ":-8.682600642938,"PB_TTM_SQ":0.159865345002,"ROA_SQ":-1.560881722973,"START_DATE":"2021-01-01 00:00:00","FISCAL_YEAR":"12-31","CURRENCY":"HKD","IS_CNY_CODE":0,"DPS_HKD_LY":null,"ORG_TYPE":"一般企业","PREMIUM_INCOME":null,"PREMIUM_INCOME_YOY":null,"NET_INTEREST_INCOME":null,"NET_INTEREST_INCOME_YOY":null,"FEE_COMMISSION_INCOME":null,"FEE_COMMISSION_INCOME_YOY":null,"ACCOUNTS_RECE_TDAYS":0.877298595541,"INVENTORY_TDAYS":0.645997953655,"CURRENT_ASSETS_TDAYS":0.190719886131,"TOTAL_ASSETS_TDAYS":0.125868287167,"PREMIUM_EXPENSE":null,"LOAN_DEPOSIT":null,"LOAN_EQUITY":null,"LOAN_ASSETS":null,"DEPOSIT_EQUITY":null,"DEPOSIT_ASSETS":null,"EQUITY_MULTIPLIER":1.063590822792,"EQUITY_RATIO":0.064920180257},{"SECUCODE":"03389.HK","SECURITY_CODE":"03389","SECURITY_NAME_ABBR":"亨得利","ORG_CODE":"10010633","STD_REPORT_DATE":"2020-12-31 00:00:00","REPORT_DATE":"2020-12-31 00:00:00","DATE_TYPE_CODE":"001","REPORT_TYPE":"2020年年报","PER_NETCASH_OPERATE":0.01923319868,"PER_OI":0.261621945279,"BPS":0.764459470166,"BASIC_EPS":-0.082,"DILUTED_EPS":-0.082,"OPERATE_INCOME":1219856000,"OPERATE_INCOME_YOY":-49.5339405696,"GROSS_PROFIT":-148223000,"GROSS_PROFIT_YOY":-137.956845512466,"HOLDER_PROFIT":-383076000,"HOLDER_PROFIT_YOY":-15.2038975099,"GROSS_PROFIT_RATIO":-12.150860429428,"EPS_TTM":-0.082158130394,"OPERATE_INCOME_QOQ":-28.573252092407,"NET_PROFIT_RATIO":-31.686035073,"ROE_AVG":-10.55115544594,"GROSS_PROFIT_QOQ":-167.390019459145,"ROA":-9.264759818848,"HOLDER_PROFIT_QOQ":11.612668029515,"ROE_YEARLY":-10.55115544594,"ROIC_YEARLY":-14.864344175943,"TOTAL_ASSETS":3628461000,"TOTAL_LIABILITIES":188651000,"TAX_EBT":-9.1259175607,"OCF_SALES":7.351523458507,"TOTAL_PARENT_EQUITY":3366694000,"DEBT_ASSET_RATIO":5.1992015348,"OPERATE_PROFIT":-346846000,"PRETAX_PROFIT":-354200000,"NETCASH_OPERATE":89678000,"NETCASH_INVEST":119665000,"NETCASH_FINANCE":-276315000,"END_CASH":1014983000,"DIVI_RATIO":null,"DIVIDEND_RATE":null,"CURRENT_RATIO":17.914224539734,"COMMON_ACS":10000000000,"CURRENTDEBT_DEBT":72.786256102539,"ISSUED_COMMON_SHARES":4404018959,"HK_COMMON_SHARES":4404018959,"PER_SHARES":4000,"TOTAL_MARKET_CAP":559310407.793,"HKSK_MARKET_CAP":559310407.793,"PE_TTM":15.198243790524,"PB_TTM":0.156766463238,"REPORT_DATE_SQ":"2019-12-31 00:00:00","REPORT_TYPE_SQ":"2019年年报","OPERATE_INCOME_SQ":2417181000,"DPS_HKD":null,"OPERATE_INCOME_QOQ_SQ":-10.619541017456,"NET_PROFIT_RATIO_SQ":-13.4088841506,"HOLDER_PROFIT_SQ":-332520000,"HOLDER_PROFIT_QOQ_SQ":-590.016062718284,"ROE_AVG_SQ":-8.047370386442,"PE_TTM_SQ":-8.682600642938,"PB_TTM_SQ":0.159865345002,"ROA_SQ":-6.955687197818,"START_DATE":"2020-01-01 00:00:00","FISCAL_YEAR":"12-31","CURRENCY":"HKD","IS_CNY_CODE":0,"DPS_HKD_LY":null,"ORG_TYPE":"一般企业","PREMIUM_INCOME":null,"PREMIUM_INCOME_YOY":null,"NET_INTEREST_INCOME":null,"NET_INTEREST_INCOME_YOY":null,"FEE_COMMISSION_INCOME":null,"FEE_COMMISSION_INCOME_YOY":null,"ACCOUNTS_RECE_TDAYS":2.56339584975,"INVENTORY_TDAYS":1.393962088051,"CURRENT_ASSETS_TDAYS":0.413416964128,"TOTAL_ASSETS_TDAYS":0.295024299449,"PREMIUM_EXPENSE":null,"LOAN_DEPOSIT":null,"LOAN_EQUITY":null,"LOAN_ASSETS":null,"DEPOSIT_EQUITY":null,"DEPOSIT_ASSETS":null,"EQUITY_MULTIPLIER":1.054843436121,"EQUITY_RATIO":0.056034495562},{"SECUCODE":"03389.HK","SECURITY_CODE":"03389","SECURITY_NAME_ABBR":"亨得利","ORG_CODE":"10010633","STD_REPORT_DATE":"2020-06-30 00:00:00","REPORT_DATE":"2020-06-30 00:00:00","DATE_TYPE_CODE":"002","REPORT_TYPE":"2020年中报","PER_NETCASH_OPERATE":0.003291249436,"PER_OI":0.139797889434,"BPS":0.896292690097,"BASIC_EPS":-0.015,"DILUTED_EPS":-0.015,"OPERATE_INCOME":651831000,"OPERATE_INCOME_YOY":-52.1124473798,"GROSS_PROFIT":81777000,"GROSS_PROFIT_YOY":-67.591634863454,"HOLDER_PROFIT":-70961000,"HOLDER_PROFIT_YOY":-337.1294903926,"GROSS_PROFIT_RATIO":12.545736548277,"EPS_TTM":-0.092952381933,"OPERATE_INCOME_QOQ":-29.345713043417,"NET_PROFIT_RATIO":-10.9410261249,"ROE_AVG":-1.809789840606,"GROSS_PROFIT_QOQ":-43.675865035954,"ROA":-1.560881722973,"HOLDER_PROFIT_QOQ":-30.339829183207,"ROE_YEARLY":-3.619579681213,"ROIC_YEARLY":-4.867983699756,"TOTAL_ASSETS":4451357000,"TOTAL_LIABILITIES":420593000,"TAX_EBT":2.476479597418,"OCF_SALES":2.354291219657,"TOTAL_PARENT_EQUITY":3947290000,"DEBT_ASSET_RATIO":9.4486467834,"OPERATE_PROFIT":-68184000,"PRETAX_PROFIT":-73128000,"NETCASH_OPERATE":15346000,"NETCASH_INVEST":148330000,"NETCASH_FINANCE":-156845000,"END_CASH":1186946000,"DIVI_RATIO":null,"DIVIDEND_RATE":null,"CURRENT_RATIO":10.180777068508,"COMMON_ACS":10000000000,"CURRENTDEBT_DEBT":73.971273891862,"ISSUED_COMMON_SHARES":4404018959,"HK_COMMON_SHARES":4404018959,"PER_SHARES":4000,"TOTAL_MARKET_CAP":559310407.793,"HKSK_MARKET_CAP":559310407.793,"PE_TTM":15.198243790524,"PB_TTM":0.156766463238,"REPORT_DATE_SQ":"2019-06-30 00:00:00","REPORT_TYPE_SQ":"2019年中报","OPERATE_INCOME_SQ":1361170000,"DPS_HKD":null,"OPERATE_INCOME_QOQ_SQ":0.637269057415,"NET_PROFIT_RATIO_SQ":2.4547999148,"HOLDER_PROFIT_SQ":29925000,"HOLDER_PROFIT_QOQ_SQ":-1.290256887673,"ROE_AVG_SQ":0.685182507548,"PE_TTM_SQ":-8.682600642938,"PB_TTM_SQ":0.159865345002,"ROA_SQ":0.603332025862,"START_DATE":"2020-01-01 00:00:00","FISCAL_YEAR":"12-31","CURRENCY":"HKD","IS_CNY_CODE":0,"DPS_HKD_LY":null,"ORG_TYPE":"一般企业","PREMIUM_INCOME":null,"PREMIUM_INCOME_YOY":null,"NET_INTEREST_INCOME":null,"NET_INTEREST_INCOME_YOY":null,"FEE_COMMISSION_INCOME":null,"FEE_COMMISSION_INCOME_YOY":null,"ACCOUNTS_RECE_TDAYS":1.281230221286,"INVENTORY_TDAYS":0.456802954674,"CURRENT_ASSETS_TDAYS":0.197257948349,"TOTAL_ASSETS_TDAYS":0.143378911566,"PREMIUM_EXPENSE":null,"LOAN_DEPOSIT":null,"LOAN_EQUITY":null,"LOAN_ASSETS":null,"DEPOSIT_EQUITY":null,"DEPOSIT_ASSETS":null,"EQUITY_MULTIPLIER":1.104345727013,"EQUITY_RATIO":0.106552343507}],"count":45},"success":true,"message":"ok","code":0}