{"version":"9063b18e0129a2aded974a9d761f676f","result":{"pages":5,"data":[{"SECUCODE":"03382.HK","SECURITY_CODE":"03382","SECURITY_NAME_ABBR":"天津港发展","ORG_CODE":"10083745","STD_REPORT_DATE":"2024-06-30 00:00:00","REPORT_DATE":"2024-06-30 00:00:00","DATE_TYPE_CODE":"002","REPORT_TYPE":"2024年中报","PER_NETCASH_OPERATE":0.206590705534,"PER_OI":0.999867173251,"BPS":2.022594772166,"BASIC_EPS":0.06206224,"DILUTED_EPS":0.06206224,"OPERATE_INCOME":6157182052.88,"OPERATE_INCOME_YOY":8.0445319387,"GROSS_PROFIT":1814903425.24,"GROSS_PROFIT_YOY":-3.040441431654,"HOLDER_PROFIT":381630753.24,"HOLDER_PROFIT_YOY":-11.8736050548,"GROSS_PROFIT_RATIO":29.476202094611,"EPS_TTM":0.098154468259,"OPERATE_INCOME_QOQ":3.276413576961,"NET_PROFIT_RATIO":15.0352802573,"ROE_AVG":3.06815996802,"GROSS_PROFIT_QOQ":-1.698396748006,"ROA":1.022236716069,"HOLDER_PROFIT_QOQ":-8.455864862476,"ROE_YEARLY":6.13631993604,"ROIC_YEARLY":4.773593429558,"TOTAL_ASSETS":37593022697.44,"TOTAL_LIABILITIES":9902753234.56,"TAX_EBT":20.043134707674,"OCF_SALES":20.66181499514,"TOTAL_PARENT_EQUITY":12455138607,"DEBT_ASSET_RATIO":26.3419978602,"OPERATE_PROFIT":1078356975.04,"PRETAX_PROFIT":1157811245.12,"NETCASH_OPERATE":1272185564.68,"NETCASH_INVEST":10631809.32,"NETCASH_FINANCE":-661917519.28,"END_CASH":6381869266,"DIVI_RATIO":0.436701525261,"DIVIDEND_RATE":7.166666666667,"CURRENT_RATIO":1.512010090875,"COMMON_ACS":12000000000,"CURRENTDEBT_DEBT":60.024882508992,"ISSUED_COMMON_SHARES":6158000000,"HK_COMMON_SHARES":6158000000,"PER_SHARES":2000,"TOTAL_MARKET_CAP":4064280000,"HKSK_MARKET_CAP":4064280000,"PE_TTM":6.045732578065,"PB_TTM":0.297819814572,"REPORT_DATE_SQ":"2023-06-30 00:00:00","REPORT_TYPE_SQ":"2023年中报","OPERATE_INCOME_SQ":5756813616.64,"DPS_HKD":0.0473,"OPERATE_INCOME_QOQ_SQ":-2.811948330402,"NET_PROFIT_RATIO_SQ":17.3592337437,"HOLDER_PROFIT_SQ":437461992.38,"HOLDER_PROFIT_QOQ_SQ":62.511576662788,"ROE_AVG_SQ":3.594393869453,"PE_TTM_SQ":5.538900892156,"PB_TTM_SQ":0.224664051677,"ROA_SQ":1.161565862296,"START_DATE":"2024-01-01 00:00:00","FISCAL_YEAR":"12-31","CURRENCY":"HKD","IS_CNY_CODE":0,"DPS_HKD_LY":0.0473,"ORG_TYPE":"一般企业","PREMIUM_INCOME":null,"PREMIUM_INCOME_YOY":null,"NET_INTEREST_INCOME":null,"NET_INTEREST_INCOME_YOY":null,"FEE_COMMISSION_INCOME":null,"FEE_COMMISSION_INCOME_YOY":null,"ACCOUNTS_RECE_TDAYS":2.660112464773,"INVENTORY_TDAYS":71.544706766917,"CURRENT_ASSETS_TDAYS":0.723841254546,"TOTAL_ASSETS_TDAYS":0.164926372116,"PREMIUM_EXPENSE":null,"LOAN_DEPOSIT":null,"LOAN_EQUITY":null,"LOAN_ASSETS":null,"DEPOSIT_EQUITY":null,"DEPOSIT_ASSETS":null,"EQUITY_MULTIPLIER":1.357625744589,"EQUITY_RATIO":0.795073707891},{"SECUCODE":"03382.HK","SECURITY_CODE":"03382","SECURITY_NAME_ABBR":"天津港发展","ORG_CODE":"10083745","STD_REPORT_DATE":"2023-12-31 00:00:00","REPORT_DATE":"2023-12-31 00:00:00","DATE_TYPE_CODE":"001","REPORT_TYPE":"2023年年报","PER_NETCASH_OPERATE":0.419596783563,"PER_OI":1.984364414683,"BPS":2.002888652251,"BASIC_EPS":0.10693396,"DILUTED_EPS":0.10693396,"OPERATE_INCOME":12219716065.62,"OPERATE_INCOME_YOY":3.5871038338,"GROSS_PROFIT":3350891632.76,"GROSS_PROFIT_YOY":12.399916708181,"HOLDER_PROFIT":660266454.68,"HOLDER_PROFIT_YOY":111.023964132,"GROSS_PROFIT_RATIO":27.422008946572,"EPS_TTM":0.107220924761,"OPERATE_INCOME_QOQ":8.129379055479,"NET_PROFIT_RATIO":12.4974646386,"ROE_AVG":5.426212546183,"GROSS_PROFIT_QOQ":-1.007165416637,"ROA":1.759238225707,"HOLDER_PROFIT_QOQ":31.734148110769,"ROE_YEARLY":5.426212546183,"ROIC_YEARLY":4.118624950181,"TOTAL_ASSETS":36810401752.18,"TOTAL_LIABILITIES":9366786885.54,"TAX_EBT":19.178389660617,"OCF_SALES":21.145147557476,"TOTAL_PARENT_EQUITY":12333788320.56,"DEBT_ASSET_RATIO":25.4460327507,"OPERATE_PROFIT":1749267403.8,"PRETAX_PROFIT":1889537572.72,"NETCASH_OPERATE":2583876993.18,"NETCASH_INVEST":-745406729.9,"NETCASH_FINANCE":-3227350285.04,"END_CASH":5771055451.84,"DIVI_RATIO":0.399774634433,"DIVIDEND_RATE":7.629032258065,"CURRENT_RATIO":1.573644282122,"COMMON_ACS":12000000000,"CURRENTDEBT_DEBT":54.0580800876,"ISSUED_COMMON_SHARES":6158000000,"HK_COMMON_SHARES":6158000000,"PER_SHARES":2000,"TOTAL_MARKET_CAP":3817960000,"HKSK_MARKET_CAP":3817960000,"PE_TTM":5.679324543031,"PB_TTM":0.27977012884,"REPORT_DATE_SQ":"2022-12-31 00:00:00","REPORT_TYPE_SQ":"2022年年报","OPERATE_INCOME_SQ":11627986796.02,"DPS_HKD":0.0473,"OPERATE_INCOME_QOQ_SQ":-10.637613392734,"NET_PROFIT_RATIO_SQ":9.0257323201,"HOLDER_PROFIT_SQ":308415759.82,"HOLDER_PROFIT_QOQ_SQ":-52.693119901957,"ROE_AVG_SQ":2.494620197135,"PE_TTM_SQ":5.25041647069,"PB_TTM_SQ":0.212962798985,"ROA_SQ":0.780149073761,"START_DATE":"2023-01-01 00:00:00","FISCAL_YEAR":"12-31","CURRENCY":"HKD","IS_CNY_CODE":0,"DPS_HKD_LY":0.0224,"ORG_TYPE":"一般企业","PREMIUM_INCOME":null,"PREMIUM_INCOME_YOY":null,"NET_INTEREST_INCOME":null,"NET_INTEREST_INCOME_YOY":null,"FEE_COMMISSION_INCOME":null,"FEE_COMMISSION_INCOME_YOY":null,"ACCOUNTS_RECE_TDAYS":6.02256002787,"INVENTORY_TDAYS":124.206630030586,"CURRENT_ASSETS_TDAYS":1.417824803528,"TOTAL_ASSETS_TDAYS":0.325586609127,"PREMIUM_EXPENSE":null,"LOAN_DEPOSIT":null,"LOAN_EQUITY":null,"LOAN_ASSETS":null,"DEPOSIT_EQUITY":null,"DEPOSIT_ASSETS":null,"EQUITY_MULTIPLIER":1.341310243969,"EQUITY_RATIO":0.7594411905},{"SECUCODE":"03382.HK","SECURITY_CODE":"03382","SECURITY_NAME_ABBR":"天津港发展","ORG_CODE":"10083745","STD_REPORT_DATE":"2023-06-30 00:00:00","REPORT_DATE":"2023-06-30 00:00:00","DATE_TYPE_CODE":"002","REPORT_TYPE":"2023年中报","PER_NETCASH_OPERATE":0.21806339179,"PER_OI":0.934851188152,"BPS":1.969831829779,"BASIC_EPS":0.07099246,"DILUTED_EPS":0.07099246,"OPERATE_INCOME":5756813616.64,"OPERATE_INCOME_YOY":-12.2293507736,"GROSS_PROFIT":1871814859.76,"GROSS_PROFIT_YOY":27.503189510765,"HOLDER_PROFIT":437461992.38,"HOLDER_PROFIT_YOY":65.8467787037,"GROSS_PROFIT_RATIO":32.514772657387,"EPS_TTM":0.081391898987,"OPERATE_INCOME_QOQ":-2.811948330402,"NET_PROFIT_RATIO":17.3592337437,"ROE_AVG":3.594393869453,"GROSS_PROFIT_QOQ":13.543487446586,"ROA":1.161565862296,"HOLDER_PROFIT_QOQ":62.511576662788,"ROE_YEARLY":7.188787738907,"ROIC_YEARLY":5.456085492291,"TOTAL_ASSETS":36405194408.34,"TOTAL_LIABILITIES":9406753572.52,"TAX_EBT":18.905441742219,"OCF_SALES":23.326000389496,"TOTAL_PARENT_EQUITY":12130224407.78,"DEBT_ASSET_RATIO":25.8390422724,"OPERATE_PROFIT":1168576458.72,"PRETAX_PROFIT":1232312936.12,"NETCASH_OPERATE":1342834366.64,"NETCASH_INVEST":-229617275.04,"NETCASH_FINANCE":-2325293488.7,"END_CASH":5920026204.16,"DIVI_RATIO":0.526639709033,"DIVIDEND_RATE":7.629032258065,"CURRENT_RATIO":1.602250351113,"COMMON_ACS":12000000000,"CURRENTDEBT_DEBT":54.608432961467,"ISSUED_COMMON_SHARES":6158000000,"HK_COMMON_SHARES":6158000000,"PER_SHARES":2000,"TOTAL_MARKET_CAP":3817960000,"HKSK_MARKET_CAP":3817960000,"PE_TTM":5.679324543031,"PB_TTM":0.27977012884,"REPORT_DATE_SQ":"2022-06-30 00:00:00","REPORT_TYPE_SQ":"2022年中报","OPERATE_INCOME_SQ":6083786597.21,"DPS_HKD":0.0473,"OPERATE_INCOME_QOQ_SQ":-8.378906975981,"NET_PROFIT_RATIO_SQ":10.8452410254,"HOLDER_PROFIT_SQ":244666438.24,"HOLDER_PROFIT_QOQ_SQ":-13.619623299776,"ROE_AVG_SQ":2.035344199942,"PE_TTM_SQ":5.25041647069,"PB_TTM_SQ":0.212962798985,"ROA_SQ":0.630310386931,"START_DATE":"2023-01-01 00:00:00","FISCAL_YEAR":"12-31","CURRENCY":"HKD","IS_CNY_CODE":0,"DPS_HKD_LY":0.0224,"ORG_TYPE":"一般企业","PREMIUM_INCOME":null,"PREMIUM_INCOME_YOY":null,"NET_INTEREST_INCOME":null,"NET_INTEREST_INCOME_YOY":null,"FEE_COMMISSION_INCOME":null,"FEE_COMMISSION_INCOME_YOY":null,"ACCOUNTS_RECE_TDAYS":2.770048014707,"INVENTORY_TDAYS":31.755078356086,"CURRENT_ASSETS_TDAYS":0.651928149507,"TOTAL_ASSETS_TDAYS":0.152857123342,"PREMIUM_EXPENSE":null,"LOAN_DEPOSIT":null,"LOAN_EQUITY":null,"LOAN_ASSETS":null,"DEPOSIT_EQUITY":null,"DEPOSIT_ASSETS":null,"EQUITY_MULTIPLIER":1.348418400519,"EQUITY_RATIO":0.775480589336},{"SECUCODE":"03382.HK","SECURITY_CODE":"03382","SECURITY_NAME_ABBR":"天津港发展","ORG_CODE":"10083745","STD_REPORT_DATE":"2022-12-31 00:00:00","REPORT_DATE":"2022-12-31 00:00:00","DATE_TYPE_CODE":"001","REPORT_TYPE":"2022年年报","PER_NETCASH_OPERATE":0.447991731781,"PER_OI":1.888273269896,"BPS":1.921220688155,"BASIC_EPS":0.05002312,"DILUTED_EPS":0.05002312,"OPERATE_INCOME":11627986796.02,"OPERATE_INCOME_YOY":-25.0609192205,"GROSS_PROFIT":2981222523.02,"GROSS_PROFIT_YOY":-4.832527598668,"HOLDER_PROFIT":308415759.82,"HOLDER_PROFIT_YOY":-62.5977666945,"GROSS_PROFIT_RATIO":25.638337704687,"EPS_TTM":0.050083754437,"OPERATE_INCOME_QOQ":-10.637613392734,"NET_PROFIT_RATIO":9.0257323201,"ROE_AVG":2.494620197135,"GROSS_PROFIT_QOQ":0.4042086192,"ROA":0.780149073761,"HOLDER_PROFIT_QOQ":-52.693119901957,"ROE_YEARLY":2.494620197135,"ROIC_YEARLY":1.767849537452,"TOTAL_ASSETS":37705735109.35,"TOTAL_LIABILITIES":11217080809.48,"TAX_EBT":26.862019337312,"OCF_SALES":23.724941666207,"TOTAL_PARENT_EQUITY":11830876997.66,"DEBT_ASSET_RATIO":29.7490044338,"OPERATE_PROFIT":1428310145.36,"PRETAX_PROFIT":1434973939.56,"NETCASH_OPERATE":2758733084.31,"NETCASH_INVEST":106894047.82,"NETCASH_FINANCE":-2010429192.8,"END_CASH":7105804741.21,"DIVI_RATIO":0.855850494482,"DIVIDEND_RATE":7.629032258065,"CURRENT_RATIO":1.311472191734,"COMMON_ACS":12000000000,"CURRENTDEBT_DEBT":62.10813705213,"ISSUED_COMMON_SHARES":6158000000,"HK_COMMON_SHARES":6158000000,"PER_SHARES":2000,"TOTAL_MARKET_CAP":3817960000,"HKSK_MARKET_CAP":3817960000,"PE_TTM":5.679324543031,"PB_TTM":0.27977012884,"REPORT_DATE_SQ":"2021-12-31 00:00:00","REPORT_TYPE_SQ":"2021年年报","OPERATE_INCOME_SQ":14202156774.4,"DPS_HKD":0.0473,"OPERATE_INCOME_QOQ_SQ":-2.28882936745,"NET_PROFIT_RATIO_SQ":11.1816244788,"HOLDER_PROFIT_SQ":754739641.6,"HOLDER_PROFIT_QOQ_SQ":10.644388728873,"ROE_AVG_SQ":6.612851884607,"PE_TTM_SQ":5.25041647069,"PB_TTM_SQ":0.212962798985,"ROA_SQ":1.965204351259,"START_DATE":"2022-01-01 00:00:00","FISCAL_YEAR":"12-31","CURRENCY":"HKD","IS_CNY_CODE":0,"DPS_HKD_LY":0.0599,"ORG_TYPE":"一般企业","PREMIUM_INCOME":null,"PREMIUM_INCOME_YOY":null,"NET_INTEREST_INCOME":null,"NET_INTEREST_INCOME_YOY":null,"FEE_COMMISSION_INCOME":null,"FEE_COMMISSION_INCOME_YOY":null,"ACCOUNTS_RECE_TDAYS":4.863584667669,"INVENTORY_TDAYS":108.458263305322,"CURRENT_ASSETS_TDAYS":1.157858441586,"TOTAL_ASSETS_TDAYS":0.294134227574,"PREMIUM_EXPENSE":null,"LOAN_DEPOSIT":null,"LOAN_EQUITY":null,"LOAN_ASSETS":null,"DEPOSIT_EQUITY":null,"DEPOSIT_ASSETS":null,"EQUITY_MULTIPLIER":1.423467371445,"EQUITY_RATIO":0.948119130281},{"SECUCODE":"03382.HK","SECURITY_CODE":"03382","SECURITY_NAME_ABBR":"天津港发展","ORG_CODE":"10083745","STD_REPORT_DATE":"2022-06-30 00:00:00","REPORT_DATE":"2022-06-30 00:00:00","DATE_TYPE_CODE":"002","REPORT_TYPE":"2022年中报","PER_NETCASH_OPERATE":0.207600913803,"PER_OI":0.987948456838,"BPS":1.899304914065,"BASIC_EPS":0.03933874,"DILUTED_EPS":0.03933874,"OPERATE_INCOME":6083786597.21,"OPERATE_INCOME_YOY":-18.6201750374,"GROSS_PROFIT":1468053361.6,"GROSS_PROFIT_YOY":-10.014833274769,"HOLDER_PROFIT":244666438.24,"HOLDER_PROFIT_YOY":-31.4869761171,"GROSS_PROFIT_RATIO":24.130586077316,"EPS_TTM":0.105869916453,"OPERATE_INCOME_QOQ":-8.378906975981,"NET_PROFIT_RATIO":10.8452410254,"ROE_AVG":2.035344199942,"GROSS_PROFIT_QOQ":-5.21565409447,"ROA":0.630310386931,"HOLDER_PROFIT_QOQ":-13.619623299776,"ROE_YEARLY":4.070688399884,"ROIC_YEARLY":2.804918705976,"TOTAL_ASSETS":38036696121.2,"TOTAL_LIABILITIES":12267481621.36,"TAX_EBT":23.306182416783,"OCF_SALES":21.013334487871,"TOTAL_PARENT_EQUITY":11695919660.81,"DEBT_ASSET_RATIO":32.2517013104,"OPERATE_PROFIT":844162324.95,"PRETAX_PROFIT":860305746.58,"NETCASH_OPERATE":1278406427.2,"NETCASH_INVEST":-1931373068.66,"NETCASH_FINANCE":-993168064.98,"END_CASH":4667106209.29,"DIVI_RATIO":0.404876167243,"DIVIDEND_RATE":7.629032258065,"CURRENT_RATIO":1.161541612222,"COMMON_ACS":12000000000,"CURRENTDEBT_DEBT":68.896886553012,"ISSUED_COMMON_SHARES":6158000000,"HK_COMMON_SHARES":6158000000,"PER_SHARES":2000,"TOTAL_MARKET_CAP":3817960000,"HKSK_MARKET_CAP":3817960000,"PE_TTM":5.679324543031,"PB_TTM":0.27977012884,"REPORT_DATE_SQ":"2021-06-30 00:00:00","REPORT_TYPE_SQ":"2021年中报","OPERATE_INCOME_SQ":7273772101.92,"DPS_HKD":0.0473,"OPERATE_INCOME_QOQ_SQ":11.487798065769,"NET_PROFIT_RATIO_SQ":10.5098863215,"HOLDER_PROFIT_SQ":347459134.32,"HOLDER_PROFIT_QOQ_SQ":27.401446429737,"ROE_AVG_SQ":3.068503148423,"PE_TTM_SQ":5.25041647069,"PB_TTM_SQ":0.212962798985,"ROA_SQ":0.876251983588,"START_DATE":"2022-01-01 00:00:00","FISCAL_YEAR":"12-31","CURRENCY":"HKD","IS_CNY_CODE":0,"DPS_HKD_LY":0.0599,"ORG_TYPE":"一般企业","PREMIUM_INCOME":null,"PREMIUM_INCOME_YOY":null,"NET_INTEREST_INCOME":null,"NET_INTEREST_INCOME_YOY":null,"FEE_COMMISSION_INCOME":null,"FEE_COMMISSION_INCOME_YOY":null,"ACCOUNTS_RECE_TDAYS":2.383510129223,"INVENTORY_TDAYS":34.714916498098,"CURRENT_ASSETS_TDAYS":0.599411984745,"TOTAL_ASSETS_TDAYS":0.156730686549,"PREMIUM_EXPENSE":null,"LOAN_DEPOSIT":null,"LOAN_EQUITY":null,"LOAN_ASSETS":null,"DEPOSIT_EQUITY":null,"DEPOSIT_ASSETS":null,"EQUITY_MULTIPLIER":1.47605182616,"EQUITY_RATIO":1.048868492357},{"SECUCODE":"03382.HK","SECURITY_CODE":"03382","SECURITY_NAME_ABBR":"天津港发展","ORG_CODE":"10083745","STD_REPORT_DATE":"2021-12-31 00:00:00","REPORT_DATE":"2021-12-31 00:00:00","DATE_TYPE_CODE":"001","REPORT_TYPE":"2021年年报","PER_NETCASH_OPERATE":0.469308374667,"PER_OI":2.306293727574,"BPS":1.916724853264,"BASIC_EPS":0.12264,"DILUTED_EPS":0.12264,"OPERATE_INCOME":14202156774.4,"OPERATE_INCOME_YOY":12.1390930523,"GROSS_PROFIT":3132606601.6,"GROSS_PROFIT_YOY":10.844741618788,"HOLDER_PROFIT":754739641.6,"HOLDER_PROFIT_YOY":45.107292022,"GROSS_PROFIT_RATIO":22.05725969204,"EPS_TTM":0.122562462098,"OPERATE_INCOME_QOQ":-2.28882936745,"NET_PROFIT_RATIO":11.1816244788,"ROE_AVG":6.612851884607,"GROSS_PROFIT_QOQ":0.440281868622,"ROA":1.965204351259,"HOLDER_PROFIT_QOQ":10.644388728873,"ROE_YEARLY":6.612851884607,"ROIC_YEARLY":4.122687186226,"TOTAL_ASSETS":37856451427.2,"TOTAL_LIABILITIES":12896053038.4,"TAX_EBT":21.56394065976,"OCF_SALES":20.34902879265,"TOTAL_PARENT_EQUITY":11803191646.4,"DEBT_ASSET_RATIO":34.0656679435,"OPERATE_PROFIT":2084351830.4,"PRETAX_PROFIT":2024619609.6,"NETCASH_OPERATE":2890000971.2,"NETCASH_INVEST":-589534568,"NETCASH_FINANCE":-2491934424,"END_CASH":6321397857.6,"DIVI_RATIO":0.349733558434,"DIVIDEND_RATE":7.629032258065,"CURRENT_RATIO":1.219428279327,"COMMON_ACS":12000000000,"CURRENTDEBT_DEBT":63.724525470931,"ISSUED_COMMON_SHARES":6158000000,"HK_COMMON_SHARES":6158000000,"PER_SHARES":2000,"TOTAL_MARKET_CAP":3817960000,"HKSK_MARKET_CAP":3817960000,"PE_TTM":5.679324543031,"PB_TTM":0.27977012884,"REPORT_DATE_SQ":"2020-12-31 00:00:00","REPORT_TYPE_SQ":"2020年年报","OPERATE_INCOME_SQ":13037152570.28,"DPS_HKD":0.0473,"OPERATE_INCOME_QOQ_SQ":-0.092784675272,"NET_PROFIT_RATIO_SQ":9.0865714446,"HOLDER_PROFIT_SQ":535418544.04,"HOLDER_PROFIT_QOQ_SQ":73.633694349898,"ROE_AVG_SQ":4.956323326353,"PE_TTM_SQ":5.25041647069,"PB_TTM_SQ":0.212962798985,"ROA_SQ":1.376116807421,"START_DATE":"2021-01-01 00:00:00","FISCAL_YEAR":"12-31","CURRENCY":"HKD","IS_CNY_CODE":0,"DPS_HKD_LY":0.0413,"ORG_TYPE":"一般企业","PREMIUM_INCOME":null,"PREMIUM_INCOME_YOY":null,"NET_INTEREST_INCOME":null,"NET_INTEREST_INCOME_YOY":null,"FEE_COMMISSION_INCOME":null,"FEE_COMMISSION_INCOME_YOY":null,"ACCOUNTS_RECE_TDAYS":5.275365452632,"INVENTORY_TDAYS":65.251713335582,"CURRENT_ASSETS_TDAYS":1.403854457906,"TOTAL_ASSETS_TDAYS":0.36979825561,"PREMIUM_EXPENSE":null,"LOAN_DEPOSIT":null,"LOAN_EQUITY":null,"LOAN_ASSETS":null,"DEPOSIT_EQUITY":null,"DEPOSIT_ASSETS":null,"EQUITY_MULTIPLIER":1.516660545136,"EQUITY_RATIO":1.092590328509},{"SECUCODE":"03382.HK","SECURITY_CODE":"03382","SECURITY_NAME_ABBR":"天津港发展","ORG_CODE":"10083745","STD_REPORT_DATE":"2021-06-30 00:00:00","REPORT_DATE":"2021-06-30 00:00:00","DATE_TYPE_CODE":"002","REPORT_TYPE":"2021年中报","PER_NETCASH_OPERATE":0.189430484235,"PER_OI":1.181190662865,"BPS":1.855851342072,"BASIC_EPS":0.05658144,"DILUTED_EPS":0.05658144,"OPERATE_INCOME":7273772101.92,"OPERATE_INCOME_YOY":38.2422058345,"GROSS_PROFIT":1631439286.08,"GROSS_PROFIT_YOY":21.868741145409,"HOLDER_PROFIT":347459134.32,"HOLDER_PROFIT_YOY":90.0072803385,"GROSS_PROFIT_RATIO":22.42906793367,"EPS_TTM":0.110771511783,"OPERATE_INCOME_QOQ":11.487798065769,"NET_PROFIT_RATIO":10.5098863215,"ROE_AVG":3.068503148423,"GROSS_PROFIT_QOQ":10.358851604752,"ROA":0.876251983588,"HOLDER_PROFIT_QOQ":27.401446429737,"ROE_YEARLY":6.137006296847,"ROIC_YEARLY":3.523769488824,"TOTAL_ASSETS":39662025129.6,"TOTAL_LIABILITIES":14968309586.16,"TAX_EBT":22.099681272941,"OCF_SALES":16.037248700878,"TOTAL_PARENT_EQUITY":11428332564.48,"DEBT_ASSET_RATIO":37.7396503009,"OPERATE_PROFIT":990250919.28,"PRETAX_PROFIT":981337678.32,"NETCASH_OPERATE":1166512921.92,"NETCASH_INVEST":-1216916167.92,"NETCASH_FINANCE":-1286842506.96,"END_CASH":5136305860.08,"DIVI_RATIO":0.386960557909,"DIVIDEND_RATE":7.629032258065,"CURRENT_RATIO":1.28698150847,"COMMON_ACS":12000000000,"CURRENTDEBT_DEBT":59.114737000506,"ISSUED_COMMON_SHARES":6158000000,"HK_COMMON_SHARES":6158000000,"PER_SHARES":2000,"TOTAL_MARKET_CAP":3817960000,"HKSK_MARKET_CAP":3817960000,"PE_TTM":5.679324543031,"PB_TTM":0.27977012884,"REPORT_DATE_SQ":"2020-06-30 00:00:00","REPORT_TYPE_SQ":"2020年中报","OPERATE_INCOME_SQ":5776090341.12,"DPS_HKD":0.0473,"OPERATE_INCOME_QOQ_SQ":-3.382012111275,"NET_PROFIT_RATIO_SQ":9.4309781625,"HOLDER_PROFIT_SQ":200746708.8,"HOLDER_PROFIT_QOQ_SQ":-11.391154284078,"ROE_AVG_SQ":1.806436287201,"PE_TTM_SQ":5.25041647069,"PB_TTM_SQ":0.212962798985,"ROA_SQ":0.500660144902,"START_DATE":"2021-01-01 00:00:00","FISCAL_YEAR":"12-31","CURRENCY":"HKD","IS_CNY_CODE":0,"DPS_HKD_LY":0.0413,"ORG_TYPE":"一般企业","PREMIUM_INCOME":null,"PREMIUM_INCOME_YOY":null,"NET_INTEREST_INCOME":null,"NET_INTEREST_INCOME_YOY":null,"FEE_COMMISSION_INCOME":null,"FEE_COMMISSION_INCOME_YOY":null,"ACCOUNTS_RECE_TDAYS":2.325062633677,"INVENTORY_TDAYS":28.908945959312,"CURRENT_ASSETS_TDAYS":0.667913735059,"TOTAL_ASSETS_TDAYS":0.183436168542,"PREMIUM_EXPENSE":null,"LOAN_DEPOSIT":null,"LOAN_EQUITY":null,"LOAN_ASSETS":null,"DEPOSIT_EQUITY":null,"DEPOSIT_ASSETS":null,"EQUITY_MULTIPLIER":1.606158662508,"EQUITY_RATIO":1.309754463454},{"SECUCODE":"03382.HK","SECURITY_CODE":"03382","SECURITY_NAME_ABBR":"天津港发展","ORG_CODE":"10083745","STD_REPORT_DATE":"2020-12-31 00:00:00","REPORT_DATE":"2020-12-31 00:00:00","DATE_TYPE_CODE":"001","REPORT_TYPE":"2020年年报","PER_NETCASH_OPERATE":0.381229024787,"PER_OI":2.117108244605,"BPS":1.84270476634,"BASIC_EPS":0.08668892,"DILUTED_EPS":0.08668892,"OPERATE_INCOME":13037152570.28,"OPERATE_INCOME_YOY":2.7376995892,"GROSS_PROFIT":2826121073.36,"GROSS_PROFIT_YOY":-2.116089844594,"HOLDER_PROFIT":535418544.04,"HOLDER_PROFIT_YOY":63.751798626,"GROSS_PROFIT_RATIO":21.677441129304,"EPS_TTM":0.0869468243,"OPERATE_INCOME_QOQ":-0.092784675272,"NET_PROFIT_RATIO":9.0865714446,"ROE_AVG":4.956323326353,"GROSS_PROFIT_QOQ":-4.398806125332,"ROA":1.376116807421,"HOLDER_PROFIT_QOQ":73.633694349898,"ROE_YEARLY":4.956323326353,"ROIC_YEARLY":2.80111806776,"TOTAL_ASSETS":40099209781.4,"TOTAL_LIABILITIES":15637593769.12,"TAX_EBT":21.671779934879,"OCF_SALES":18.007063444143,"TOTAL_PARENT_EQUITY":11347375951.12,"DEBT_ASSET_RATIO":38.9972616776,"OPERATE_PROFIT":1608570142.12,"PRETAX_PROFIT":1512392572.76,"NETCASH_OPERATE":2347608334.64,"NETCASH_INVEST":-72381.04,"NETCASH_FINANCE":-2626330886.88,"END_CASH":6499653272.2,"DIVI_RATIO":0.492993347889,"DIVIDEND_RATE":7.629032258065,"CURRENT_RATIO":1.172558885023,"COMMON_ACS":12000000000,"CURRENTDEBT_DEBT":57.330676771919,"ISSUED_COMMON_SHARES":6158000000,"HK_COMMON_SHARES":6158000000,"PER_SHARES":2000,"TOTAL_MARKET_CAP":3817960000,"HKSK_MARKET_CAP":3817960000,"PE_TTM":5.679324543031,"PB_TTM":0.27977012884,"REPORT_DATE_SQ":"2019-12-31 00:00:00","REPORT_TYPE_SQ":"2019年年报","OPERATE_INCOME_SQ":13506036059.34,"DPS_HKD":0.0473,"OPERATE_INCOME_QOQ_SQ":-2.268816124594,"NET_PROFIT_RATIO_SQ":7.3321910942,"HOLDER_PROFIT_SQ":348002467.98,"HOLDER_PROFIT_QOQ_SQ":16.852036045184,"ROE_AVG_SQ":3.190008710527,"PE_TTM_SQ":5.25041647069,"PB_TTM_SQ":0.212962798985,"ROA_SQ":0.860595000591,"START_DATE":"2020-01-01 00:00:00","FISCAL_YEAR":"12-31","CURRENCY":"HKD","IS_CNY_CODE":0,"DPS_HKD_LY":0.0252,"ORG_TYPE":"一般企业","PREMIUM_INCOME":null,"PREMIUM_INCOME_YOY":null,"NET_INTEREST_INCOME":null,"NET_INTEREST_INCOME_YOY":null,"FEE_COMMISSION_INCOME":null,"FEE_COMMISSION_INCOME_YOY":null,"ACCOUNTS_RECE_TDAYS":4.705662359977,"INVENTORY_TDAYS":41.840865903581,"CURRENT_ASSETS_TDAYS":1.259680491265,"TOTAL_ASSETS_TDAYS":0.335077015404,"PREMIUM_EXPENSE":null,"LOAN_DEPOSIT":null,"LOAN_EQUITY":null,"LOAN_ASSETS":null,"DEPOSIT_EQUITY":null,"DEPOSIT_ASSETS":null,"EQUITY_MULTIPLIER":1.639270674564,"EQUITY_RATIO":1.378080169061},{"SECUCODE":"03382.HK","SECURITY_CODE":"03382","SECURITY_NAME_ABBR":"天津港发展","ORG_CODE":"10083745","STD_REPORT_DATE":"2020-06-30 00:00:00","REPORT_DATE":"2020-06-30 00:00:00","DATE_TYPE_CODE":"002","REPORT_TYPE":"2020年中报","PER_NETCASH_OPERATE":0.18942087457,"PER_OI":0.937981542891,"BPS":1.801316288379,"BASIC_EPS":0.03288384,"DILUTED_EPS":0.03288384,"OPERATE_INCOME":5776090341.12,"OPERATE_INCOME_YOY":-10.7555951981,"GROSS_PROFIT":1338685597.92,"GROSS_PROFIT_YOY":5.429391820806,"HOLDER_PROFIT":200746708.8,"HOLDER_PROFIT_YOY":-19.5788841968,"GROSS_PROFIT_RATIO":23.176327218948,"EPS_TTM":0.050074857087,"OPERATE_INCOME_QOQ":-3.382012111275,"NET_PROFIT_RATIO":9.4309781625,"ROE_AVG":1.806436287201,"GROSS_PROFIT_QOQ":2.387748717584,"ROA":0.500660144902,"HOLDER_PROFIT_QOQ":-11.391154284078,"ROE_YEARLY":3.612872574402,"ROIC_YEARLY":2.041121346206,"TOTAL_ASSETS":39258565119.84,"TOTAL_LIABILITIES":15191721161.76,"TAX_EBT":25.982278829792,"OCF_SALES":20.194520457826,"TOTAL_PARENT_EQUITY":11092505703.84,"DEBT_ASSET_RATIO":38.6965777159,"OPERATE_PROFIT":793296150.24,"PRETAX_PROFIT":735961348.32,"NETCASH_OPERATE":1166453745.6,"NETCASH_INVEST":821239193.28,"NETCASH_FINANCE":-1791078632.64,"END_CASH":6905421885.12,"DIVI_RATIO":0.856002562838,"DIVIDEND_RATE":7.629032258065,"CURRENT_RATIO":1.187699208954,"COMMON_ACS":12000000000,"CURRENTDEBT_DEBT":57.012148578144,"ISSUED_COMMON_SHARES":6158000000,"HK_COMMON_SHARES":6158000000,"PER_SHARES":2000,"TOTAL_MARKET_CAP":3817960000,"HKSK_MARKET_CAP":3817960000,"PE_TTM":5.679324543031,"PB_TTM":0.27977012884,"REPORT_DATE_SQ":"2019-06-30 00:00:00","REPORT_TYPE_SQ":"2019年中报","OPERATE_INCOME_SQ":6232866116.4,"DPS_HKD":0.0473,"OPERATE_INCOME_QOQ_SQ":-0.623166961424,"NET_PROFIT_RATIO_SQ":9.4092616794,"HOLDER_PROFIT_SQ":240388206.84,"HOLDER_PROFIT_QOQ_SQ":-21.05305352379,"ROE_AVG_SQ":2.437402087559,"PE_TTM_SQ":5.25041647069,"PB_TTM_SQ":0.212962798985,"ROA_SQ":0.641479235739,"START_DATE":"2020-01-01 00:00:00","FISCAL_YEAR":"12-31","CURRENCY":"HKD","IS_CNY_CODE":0,"DPS_HKD_LY":0.0252,"ORG_TYPE":"一般企业","PREMIUM_INCOME":null,"PREMIUM_INCOME_YOY":null,"NET_INTEREST_INCOME":null,"NET_INTEREST_INCOME_YOY":null,"FEE_COMMISSION_INCOME":null,"FEE_COMMISSION_INCOME_YOY":null,"ACCOUNTS_RECE_TDAYS":1.949862512517,"INVENTORY_TDAYS":16.167095423671,"CURRENT_ASSETS_TDAYS":0.541266993749,"TOTAL_ASSETS_TDAYS":0.144055075395,"PREMIUM_EXPENSE":null,"LOAN_DEPOSIT":null,"LOAN_EQUITY":null,"LOAN_ASSETS":null,"DEPOSIT_EQUITY":null,"DEPOSIT_ASSETS":null,"EQUITY_MULTIPLIER":1.631230301248,"EQUITY_RATIO":1.369548194733}],"count":41},"success":true,"message":"ok","code":0}