{"version":"955690c8cf346610d68917410d098ec2","result":{"pages":5,"data":[{"SECUCODE":"03383.HK","SECURITY_CODE":"03383","SECURITY_NAME_ABBR":"雅居乐集团","ORG_CODE":"10010858","STD_REPORT_DATE":"2024-06-30 00:00:00","REPORT_DATE":"2024-06-30 00:00:00","DATE_TYPE_CODE":"002","REPORT_TYPE":"2024年中报","PER_NETCASH_OPERATE":-0.28022090557,"PER_OI":4.188813720045,"BPS":3.527135842459,"BASIC_EPS":-1.917,"DILUTED_EPS":-1.917,"OPERATE_INCOME":21136953000,"OPERATE_INCOME_YOY":5.6748474156,"GROSS_PROFIT":-1870080000,"GROSS_PROFIT_YOY":-193.18423828632,"HOLDER_PROFIT":-9673862000,"HOLDER_PROFIT_YOY":-116.1567523024,"GROSS_PROFIT_RATIO":-8.847443621604,"EPS_TTM":-3.765256866884,"OPERATE_INCOME_QOQ":2.620789890589,"NET_PROFIT_RATIO":-42.1077200673,"ROE_AVG":-42.766981854034,"GROSS_PROFIT_QOQ":-739.27783487757,"ROA":-4.194816373597,"HOLDER_PROFIT_QOQ":-37.666810736317,"ROE_YEARLY":-85.533963708069,"ROIC_YEARLY":-10.221576838766,"TOTAL_ASSETS":219421191000,"TOTAL_LIABILITIES":166660333000,"TAX_EBT":-58.395216690968,"OCF_SALES":-6.689743786628,"TOTAL_PARENT_EQUITY":17798095000,"DEBT_ASSET_RATIO":75.9545293873,"OPERATE_PROFIT":-4855428000,"PRETAX_PROFIT":-5619039000,"NETCASH_OPERATE":-1414008000,"NETCASH_INVEST":459498000,"NETCASH_FINANCE":-3532416000,"END_CASH":4148084000,"DIVI_RATIO":null,"DIVIDEND_RATE":null,"CURRENT_RATIO":0.910534175027,"COMMON_ACS":10000000000,"CURRENTDEBT_DEBT":89.659346834498,"ISSUED_COMMON_SHARES":5046047500,"HK_COMMON_SHARES":5046047500,"PER_SHARES":2000,"TOTAL_MARKET_CAP":3027628500,"HKSK_MARKET_CAP":3027628500,"PE_TTM":-0.144346681524,"PB_TTM":0.155255715816,"REPORT_DATE_SQ":"2023-06-30 00:00:00","REPORT_TYPE_SQ":"2023年中报","OPERATE_INCOME_SQ":20001877000,"DPS_HKD":null,"OPERATE_INCOME_QOQ_SQ":-21.547069513793,"NET_PROFIT_RATIO_SQ":-18.0529257329,"HOLDER_PROFIT_SQ":-4475392000,"HOLDER_PROFIT_QOQ_SQ":-45.90119693049,"ROE_AVG_SQ":-9.882217377992,"PE_TTM_SQ":-0.152829355701,"PB_TTM_SQ":0.094600758984,"ROA_SQ":-1.669395002508,"START_DATE":"2024-01-01 00:00:00","FISCAL_YEAR":"12-31","CURRENCY":"HKD","IS_CNY_CODE":0,"DPS_HKD_LY":null,"ORG_TYPE":"一般企业","PREMIUM_INCOME":null,"PREMIUM_INCOME_YOY":null,"NET_INTEREST_INCOME":null,"NET_INTEREST_INCOME_YOY":null,"FEE_COMMISSION_INCOME":null,"FEE_COMMISSION_INCOME_YOY":null,"ACCOUNTS_RECE_TDAYS":0.430331488827,"INVENTORY_TDAYS":0.317422222889,"CURRENT_ASSETS_TDAYS":0.147360030675,"TOTAL_ASSETS_TDAYS":0.091654849462,"PREMIUM_EXPENSE":null,"LOAN_DEPOSIT":null,"LOAN_EQUITY":null,"LOAN_ASSETS":null,"DEPOSIT_EQUITY":null,"DEPOSIT_ASSETS":null,"EQUITY_MULTIPLIER":4.158787391218,"EQUITY_RATIO":9.363942208422},{"SECUCODE":"03383.HK","SECURITY_CODE":"03383","SECURITY_NAME_ABBR":"雅居乐集团","ORG_CODE":"10010858","STD_REPORT_DATE":"2023-12-31 00:00:00","REPORT_DATE":"2023-12-31 00:00:00","DATE_TYPE_CODE":"001","REPORT_TYPE":"2023年年报","PER_NETCASH_OPERATE":2.111910757875,"PER_OI":8.583045244818,"BPS":5.438269853782,"BASIC_EPS":-2.873,"DILUTED_EPS":-2.873,"OPERATE_INCOME":43310454000,"OPERATE_INCOME_YOY":-19.8464080065,"GROSS_PROFIT":-524423000,"GROSS_PROFIT_YOY":-152.390799843754,"HOLDER_PROFIT":-13801195000,"HOLDER_PROFIT_YOY":7.876289103,"GROSS_PROFIT_RATIO":-1.210846231259,"EPS_TTM":-2.735050551942,"OPERATE_INCOME_QOQ":2.167747586645,"NET_PROFIT_RATIO":-29.500616641,"ROE_AVG":-40.658734667442,"GROSS_PROFIT_QOQ":88.055835381829,"ROA":-5.357706930883,"HOLDER_PROFIT_QOQ":36.858838148581,"ROE_YEARLY":-40.658734667442,"ROIC_YEARLY":-6.257357766206,"TOTAL_ASSETS":241808152000,"TOTAL_LIABILITIES":179451341000,"TAX_EBT":-7.816050188843,"OCF_SALES":24.605611384263,"TOTAL_PARENT_EQUITY":27441768000,"DEBT_ASSET_RATIO":74.2122792452,"OPERATE_PROFIT":-9456067000,"PRETAX_PROFIT":-11850602000,"NETCASH_OPERATE":10656802000,"NETCASH_INVEST":-822977000,"NETCASH_FINANCE":-9674552000,"END_CASH":8637126000,"DIVI_RATIO":null,"DIVIDEND_RATE":null,"CURRENT_RATIO":1.053474518784,"COMMON_ACS":10000000000,"CURRENTDEBT_DEBT":79.777333065458,"ISSUED_COMMON_SHARES":5046047500,"HK_COMMON_SHARES":5046047500,"PER_SHARES":2000,"TOTAL_MARKET_CAP":4390061325,"HKSK_MARKET_CAP":4390061325,"PE_TTM":-0.20930268821,"PB_TTM":0.225120787933,"REPORT_DATE_SQ":"2022-12-31 00:00:00","REPORT_TYPE_SQ":"2022年年报","OPERATE_INCOME_SQ":54034327000,"DPS_HKD":null,"OPERATE_INCOME_QOQ_SQ":-18.234733473462,"NET_PROFIT_RATIO_SQ":-24.7496096324,"HOLDER_PROFIT_SQ":-14981154000,"HOLDER_PROFIT_QOQ_SQ":-491.881766502497,"ROE_AVG_SQ":-24.777613447154,"PE_TTM_SQ":-0.165220925082,"PB_TTM_SQ":0.102271090793,"ROA_SQ":-5.078856961578,"START_DATE":"2023-01-01 00:00:00","FISCAL_YEAR":"12-31","CURRENCY":"HKD","IS_CNY_CODE":0,"DPS_HKD_LY":null,"ORG_TYPE":"一般企业","PREMIUM_INCOME":null,"PREMIUM_INCOME_YOY":null,"NET_INTEREST_INCOME":null,"NET_INTEREST_INCOME_YOY":null,"FEE_COMMISSION_INCOME":null,"FEE_COMMISSION_INCOME_YOY":null,"ACCOUNTS_RECE_TDAYS":0.769974666392,"INVENTORY_TDAYS":0.540274861586,"CURRENT_ASSETS_TDAYS":0.261749728309,"TOTAL_ASSETS_TDAYS":0.168133788107,"PREMIUM_EXPENSE":null,"LOAN_DEPOSIT":null,"LOAN_EQUITY":null,"LOAN_ASSETS":null,"DEPOSIT_EQUITY":null,"DEPOSIT_ASSETS":null,"EQUITY_MULTIPLIER":3.877814598306,"EQUITY_RATIO":6.539350562252},{"SECUCODE":"03383.HK","SECURITY_CODE":"03383","SECURITY_NAME_ABBR":"雅居乐集团","ORG_CODE":"10010858","STD_REPORT_DATE":"2023-06-30 00:00:00","REPORT_DATE":"2023-06-30 00:00:00","DATE_TYPE_CODE":"002","REPORT_TYPE":"2023年中报","PER_NETCASH_OPERATE":1.171763476858,"PER_OI":4.255675501152,"BPS":7.212047845368,"BASIC_EPS":-0.963,"DILUTED_EPS":-0.963,"OPERATE_INCOME":20001877000,"OPERATE_INCOME_YOY":-36.7923137565,"GROSS_PROFIT":2006863000,"GROSS_PROFIT_YOY":-72.874610375366,"HOLDER_PROFIT":-4475392000,"HOLDER_PROFIT_YOY":-286.3863661257,"GROSS_PROFIT_RATIO":10.033373367909,"EPS_TTM":-4.650523851089,"OPERATE_INCOME_QOQ":-21.547069513793,"NET_PROFIT_RATIO":-18.0529257329,"ROE_AVG":-9.882217377992,"GROSS_PROFIT_QOQ":-538.630925799939,"ROA":-1.669395002508,"HOLDER_PROFIT_QOQ":-45.90119693049,"ROE_YEARLY":-19.764434755985,"ROIC_YEARLY":-3.754029435094,"TOTAL_ASSETS":262787115000,"TOTAL_LIABILITIES":190900905000,"TAX_EBT":-21.401468413773,"OCF_SALES":27.534135921344,"TOTAL_PARENT_EQUITY":50128449000,"DEBT_ASSET_RATIO":72.6446975911,"OPERATE_PROFIT":-1568082000,"PRETAX_PROFIT":-2974366000,"NETCASH_OPERATE":5507344000,"NETCASH_INVEST":-1614186000,"NETCASH_FINANCE":-5320768000,"END_CASH":7029557000,"DIVI_RATIO":null,"DIVIDEND_RATE":null,"CURRENT_RATIO":1.150416482991,"COMMON_ACS":10000000000,"CURRENTDEBT_DEBT":76.396437198661,"ISSUED_COMMON_SHARES":5046047500,"HK_COMMON_SHARES":5046047500,"PER_SHARES":2000,"TOTAL_MARKET_CAP":4390061325,"HKSK_MARKET_CAP":4390061325,"PE_TTM":-0.20930268821,"PB_TTM":0.225120787933,"REPORT_DATE_SQ":"2022-06-30 00:00:00","REPORT_TYPE_SQ":"2022年中报","OPERATE_INCOME_SQ":31644691000,"DPS_HKD":null,"OPERATE_INCOME_QOQ_SQ":-9.507436233532,"NET_PROFIT_RATIO_SQ":10.5991428388,"HOLDER_PROFIT_SQ":2401137000,"HOLDER_PROFIT_QOQ_SQ":-43.044465196551,"ROE_AVG_SQ":3.50898698425,"PE_TTM_SQ":-0.165220925082,"PB_TTM_SQ":0.102271090793,"ROA_SQ":0.779120808213,"START_DATE":"2023-01-01 00:00:00","FISCAL_YEAR":"12-31","CURRENCY":"HKD","IS_CNY_CODE":0,"DPS_HKD_LY":null,"ORG_TYPE":"一般企业","PREMIUM_INCOME":null,"PREMIUM_INCOME_YOY":null,"NET_INTEREST_INCOME":null,"NET_INTEREST_INCOME_YOY":null,"FEE_COMMISSION_INCOME":null,"FEE_COMMISSION_INCOME_YOY":null,"ACCOUNTS_RECE_TDAYS":0.341420650298,"INVENTORY_TDAYS":0.213125471475,"CURRENT_ASSETS_TDAYS":0.114989089264,"TOTAL_ASSETS_TDAYS":0.074610298952,"PREMIUM_EXPENSE":null,"LOAN_DEPOSIT":null,"LOAN_EQUITY":null,"LOAN_ASSETS":null,"DEPOSIT_EQUITY":null,"DEPOSIT_ASSETS":null,"EQUITY_MULTIPLIER":3.655598410327,"EQUITY_RATIO":3.80823482091},{"SECUCODE":"03383.HK","SECURITY_CODE":"03383","SECURITY_NAME_ABBR":"雅居乐集团","ORG_CODE":"10010858","STD_REPORT_DATE":"2022-12-31 00:00:00","REPORT_DATE":"2022-12-31 00:00:00","DATE_TYPE_CODE":"001","REPORT_TYPE":"2022年年报","PER_NETCASH_OPERATE":2.770600914286,"PER_OI":12.059759884255,"BPS":8.01542256588,"BASIC_EPS":-3.827,"DILUTED_EPS":-3.827,"OPERATE_INCOME":54034327000,"OPERATE_INCOME_YOY":-26.0085140496,"GROSS_PROFIT":1000983000,"GROSS_PROFIT_YOY":-94.737503975197,"HOLDER_PROFIT":-14981154000,"HOLDER_PROFIT_YOY":-323.1983559087,"GROSS_PROFIT_RATIO":1.852494618837,"EPS_TTM":-3.343598968653,"OPERATE_INCOME_QOQ":-18.234733473462,"NET_PROFIT_RATIO":-24.7496096324,"ROE_AVG":-24.777613447154,"GROSS_PROFIT_QOQ":-93.57147453612,"ROA":-5.078856961578,"HOLDER_PROFIT_QOQ":-491.881766502497,"ROE_YEARLY":-24.777613447154,"ROIC_YEARLY":-5.824223838985,"TOTAL_ASSETS":273382215000,"TOTAL_LIABILITIES":197655352000,"TAX_EBT":-28.93729797032,"OCF_SALES":22.973930997605,"TOTAL_PARENT_EQUITY":40446203000,"DEBT_ASSET_RATIO":72.3000038609,"OPERATE_PROFIT":-5111414000,"PRETAX_PROFIT":-10371929000,"NETCASH_OPERATE":12413809000,"NETCASH_INVEST":3655218000,"NETCASH_FINANCE":-30299587000,"END_CASH":8463079000,"DIVI_RATIO":null,"DIVIDEND_RATE":null,"CURRENT_RATIO":1.182969471163,"COMMON_ACS":10000000000,"CURRENTDEBT_DEBT":77.030661431318,"ISSUED_COMMON_SHARES":5046047500,"HK_COMMON_SHARES":5046047500,"PER_SHARES":2000,"TOTAL_MARKET_CAP":4390061325,"HKSK_MARKET_CAP":4390061325,"PE_TTM":-0.20930268821,"PB_TTM":0.225120787933,"REPORT_DATE_SQ":"2021-12-31 00:00:00","REPORT_TYPE_SQ":"2021年年报","OPERATE_INCOME_SQ":73027763000,"DPS_HKD":null,"OPERATE_INCOME_QOQ_SQ":-14.392805014749,"NET_PROFIT_RATIO_SQ":12.4583262943,"HOLDER_PROFIT_SQ":6712036000,"HOLDER_PROFIT_QOQ_SQ":-30.35437314499,"ROE_AVG_SQ":10.192347950558,"PE_TTM_SQ":-0.165220925082,"PB_TTM_SQ":0.102271090793,"ROA_SQ":2.129707107176,"START_DATE":"2022-01-01 00:00:00","FISCAL_YEAR":"12-31","CURRENCY":"HKD","IS_CNY_CODE":0,"DPS_HKD_LY":null,"ORG_TYPE":"一般企业","PREMIUM_INCOME":null,"PREMIUM_INCOME_YOY":null,"NET_INTEREST_INCOME":null,"NET_INTEREST_INCOME_YOY":null,"FEE_COMMISSION_INCOME":null,"FEE_COMMISSION_INCOME_YOY":null,"ACCOUNTS_RECE_TDAYS":0.904869469969,"INVENTORY_TDAYS":0.556003831079,"CURRENT_ASSETS_TDAYS":0.271546962662,"TOTAL_ASSETS_TDAYS":0.183185232492,"PREMIUM_EXPENSE":null,"LOAN_DEPOSIT":null,"LOAN_EQUITY":null,"LOAN_ASSETS":null,"DEPOSIT_EQUITY":null,"DEPOSIT_ASSETS":null,"EQUITY_MULTIPLIER":3.610108806436,"EQUITY_RATIO":4.886870394237},{"SECUCODE":"03383.HK","SECURITY_CODE":"03383","SECURITY_NAME_ABBR":"雅居乐集团","ORG_CODE":"10010858","STD_REPORT_DATE":"2022-06-30 00:00:00","REPORT_DATE":"2022-06-30 00:00:00","DATE_TYPE_CODE":"002","REPORT_TYPE":"2022年中报","PER_NETCASH_OPERATE":1.100026231492,"PER_OI":8.078710048831,"BPS":11.214976870511,"BASIC_EPS":0.618,"DILUTED_EPS":0.618,"OPERATE_INCOME":31644691000,"OPERATE_INCOME_YOY":-17.9929287938,"GROSS_PROFIT":7398467000,"GROSS_PROFIT_YOY":-31.802426087548,"HOLDER_PROFIT":2401137000,"HOLDER_PROFIT_YOY":-54.6124348028,"GROSS_PROFIT_RATIO":23.379804846254,"EPS_TTM":0.975958550413,"OPERATE_INCOME_QOQ":-9.507436233532,"NET_PROFIT_RATIO":10.5991428388,"ROE_AVG":3.50898698425,"GROSS_PROFIT_QOQ":-18.138365409431,"ROA":0.779120808213,"HOLDER_PROFIT_QOQ":-43.044465196551,"ROE_YEARLY":7.017973968499,"ROIC_YEARLY":1.790530072197,"TOTAL_ASSETS":299811169000,"TOTAL_LIABILITIES":208131574000,"TAX_EBT":44.527104525649,"OCF_SALES":13.616359850061,"TOTAL_PARENT_EQUITY":69602186000,"DEBT_ASSET_RATIO":69.4208873853,"OPERATE_PROFIT":7839224000,"PRETAX_PROFIT":6046315000,"NETCASH_OPERATE":4308855000,"NETCASH_INVEST":7811933000,"NETCASH_FINANCE":-22019233000,"END_CASH":12905660000,"DIVI_RATIO":null,"DIVIDEND_RATE":null,"CURRENT_RATIO":1.32064921524,"COMMON_ACS":10000000000,"CURRENTDEBT_DEBT":72.837303868177,"ISSUED_COMMON_SHARES":5046047500,"HK_COMMON_SHARES":5046047500,"PER_SHARES":2000,"TOTAL_MARKET_CAP":4390061325,"HKSK_MARKET_CAP":4390061325,"PE_TTM":-0.20930268821,"PB_TTM":0.225120787933,"REPORT_DATE_SQ":"2021-06-30 00:00:00","REPORT_TYPE_SQ":"2021年中报","OPERATE_INCOME_SQ":38587759000,"DPS_HKD":null,"OPERATE_INCOME_QOQ_SQ":6.306148804916,"NET_PROFIT_RATIO_SQ":16.7685741999,"HOLDER_PROFIT_SQ":5290297000,"HOLDER_PROFIT_QOQ_SQ":1.718437206353,"ROE_AVG_SQ":7.98308809074,"PE_TTM_SQ":-0.165220925082,"PB_TTM_SQ":0.102271090793,"ROA_SQ":1.642550642062,"START_DATE":"2022-01-01 00:00:00","FISCAL_YEAR":"12-31","CURRENCY":"HKD","IS_CNY_CODE":0,"DPS_HKD_LY":null,"ORG_TYPE":"一般企业","PREMIUM_INCOME":null,"PREMIUM_INCOME_YOY":null,"NET_INTEREST_INCOME":null,"NET_INTEREST_INCOME_YOY":null,"FEE_COMMISSION_INCOME":null,"FEE_COMMISSION_INCOME_YOY":null,"ACCOUNTS_RECE_TDAYS":0.568579966068,"INVENTORY_TDAYS":0.235073586849,"CURRENT_ASSETS_TDAYS":0.151385440867,"TOTAL_ASSETS_TDAYS":0.102680676811,"PREMIUM_EXPENSE":null,"LOAN_DEPOSIT":null,"LOAN_EQUITY":null,"LOAN_ASSETS":null,"DEPOSIT_EQUITY":null,"DEPOSIT_ASSETS":null,"EQUITY_MULTIPLIER":3.270206080209,"EQUITY_RATIO":2.99030225861},{"SECUCODE":"03383.HK","SECURITY_CODE":"03383","SECURITY_NAME_ABBR":"雅居乐集团","ORG_CODE":"10010858","STD_REPORT_DATE":"2021-12-31 00:00:00","REPORT_DATE":"2021-12-31 00:00:00","DATE_TYPE_CODE":"001","REPORT_TYPE":"2021年年报","PER_NETCASH_OPERATE":0.23738874752,"PER_OI":18.643573507853,"BPS":10.748830842357,"BASIC_EPS":1.729,"DILUTED_EPS":1.729,"OPERATE_INCOME":73027763000,"OPERATE_INCOME_YOY":-8.9942879113,"GROSS_PROFIT":19021069000,"GROSS_PROFIT_YOY":-21.082209129188,"HOLDER_PROFIT":6712036000,"HOLDER_PROFIT_YOY":-29.1575567805,"GROSS_PROFIT_RATIO":26.046353083553,"EPS_TTM":1.71354470427,"OPERATE_INCOME_QOQ":-14.392805014749,"NET_PROFIT_RATIO":12.4583262943,"ROE_AVG":10.192347950558,"GROSS_PROFIT_QOQ":-18.819276086186,"ROA":2.129707107176,"HOLDER_PROFIT_QOQ":-30.35437314499,"ROE_YEARLY":10.192347950558,"ROIC_YEARLY":2.528537959689,"TOTAL_ASSETS":316559739000,"TOTAL_LIABILITIES":227128462000,"TAX_EBT":46.155358499515,"OCF_SALES":1.273300676073,"TOTAL_PARENT_EQUITY":67254235000,"DEBT_ASSET_RATIO":71.7490046958,"OPERATE_PROFIT":17830760000,"PRETAX_PROFIT":16896829000,"NETCASH_OPERATE":929863000,"NETCASH_INVEST":-16283670000,"NETCASH_FINANCE":-3746872000,"END_CASH":22802716000,"DIVI_RATIO":null,"DIVIDEND_RATE":null,"CURRENT_RATIO":1.332934360003,"COMMON_ACS":10000000000,"CURRENTDEBT_DEBT":71.961262609175,"ISSUED_COMMON_SHARES":5046047500,"HK_COMMON_SHARES":5046047500,"PER_SHARES":2000,"TOTAL_MARKET_CAP":4390061325,"HKSK_MARKET_CAP":4390061325,"PE_TTM":-0.20930268821,"PB_TTM":0.225120787933,"REPORT_DATE_SQ":"2020-12-31 00:00:00","REPORT_TYPE_SQ":"2020年年报","OPERATE_INCOME_SQ":80245252000,"DPS_HKD":null,"OPERATE_INCOME_QOQ_SQ":20.394281669913,"NET_PROFIT_RATIO_SQ":15.2643012449,"HOLDER_PROFIT_SQ":9474597000,"HOLDER_PROFIT_QOQ_SQ":25.282138119548,"ROE_AVG_SQ":15.469536611179,"PE_TTM_SQ":-0.165220925082,"PB_TTM_SQ":0.102271090793,"ROA_SQ":3.228159220055,"START_DATE":"2021-01-01 00:00:00","FISCAL_YEAR":"12-31","CURRENCY":"HKD","IS_CNY_CODE":0,"DPS_HKD_LY":1.1,"ORG_TYPE":"一般企业","PREMIUM_INCOME":null,"PREMIUM_INCOME_YOY":null,"NET_INTEREST_INCOME":null,"NET_INTEREST_INCOME_YOY":null,"FEE_COMMISSION_INCOME":null,"FEE_COMMISSION_INCOME_YOY":null,"ACCOUNTS_RECE_TDAYS":1.353010252391,"INVENTORY_TDAYS":0.526248342645,"CURRENT_ASSETS_TDAYS":0.333189142376,"TOTAL_ASSETS_TDAYS":0.231714707553,"PREMIUM_EXPENSE":null,"LOAN_DEPOSIT":null,"LOAN_EQUITY":null,"LOAN_ASSETS":null,"DEPOSIT_EQUITY":null,"DEPOSIT_ASSETS":null,"EQUITY_MULTIPLIER":3.539698298174,"EQUITY_RATIO":3.37716222629},{"SECUCODE":"03383.HK","SECURITY_CODE":"03383","SECURITY_NAME_ABBR":"雅居乐集团","ORG_CODE":"10010858","STD_REPORT_DATE":"2021-06-30 00:00:00","REPORT_DATE":"2021-06-30 00:00:00","DATE_TYPE_CODE":"002","REPORT_TYPE":"2021年中报","PER_NETCASH_OPERATE":0.211224653262,"PER_OI":9.851235911742,"BPS":10.913626358056,"BASIC_EPS":1.363,"DILUTED_EPS":1.363,"OPERATE_INCOME":38587759000,"OPERATE_INCOME_YOY":15.0932936173,"GROSS_PROFIT":10848578000,"GROSS_PROFIT_YOY":-5.831896321997,"HOLDER_PROFIT":5290297000,"HOLDER_PROFIT_YOY":3.1753402547,"GROSS_PROFIT_RATIO":28.114039999058,"EPS_TTM":2.460376597424,"OPERATE_INCOME_QOQ":6.306148804916,"NET_PROFIT_RATIO":16.7685741999,"ROE_AVG":7.98308809074,"GROSS_PROFIT_QOQ":-2.787525084656,"ROA":1.642550642062,"HOLDER_PROFIT_QOQ":1.718437206353,"ROE_YEARLY":15.966176181481,"ROIC_YEARLY":4.059161691789,"TOTAL_ASSETS":330391276000,"TOTAL_LIABILITIES":240424255000,"TAX_EBT":43.048865926754,"OCF_SALES":2.144143690749,"TOTAL_PARENT_EQUITY":68084487000,"DEBT_ASSET_RATIO":72.769553092,"OPERATE_PROFIT":12405386000,"PRETAX_PROFIT":11361700000,"NETCASH_OPERATE":827377000,"NETCASH_INVEST":-9845324000,"NETCASH_FINANCE":13644471000,"END_CASH":46512122000,"DIVI_RATIO":null,"DIVIDEND_RATE":null,"CURRENT_RATIO":1.324450429441,"COMMON_ACS":10000000000,"CURRENTDEBT_DEBT":71.885100777374,"ISSUED_COMMON_SHARES":5046047500,"HK_COMMON_SHARES":5046047500,"PER_SHARES":2000,"TOTAL_MARKET_CAP":4390061325,"HKSK_MARKET_CAP":4390061325,"PE_TTM":-0.20930268821,"PB_TTM":0.225120787933,"REPORT_DATE_SQ":"2020-06-30 00:00:00","REPORT_TYPE_SQ":"2020年中报","OPERATE_INCOME_SQ":33527374000,"DPS_HKD":null,"OPERATE_INCOME_QOQ_SQ":10.645825251995,"NET_PROFIT_RATIO_SQ":18.907532096,"HOLDER_PROFIT_SQ":5127482000,"HOLDER_PROFIT_QOQ_SQ":0.676456249998,"ROE_AVG_SQ":8.569177478742,"PE_TTM_SQ":-0.165220925082,"PB_TTM_SQ":0.102271090793,"ROA_SQ":1.783343251922,"START_DATE":"2021-01-01 00:00:00","FISCAL_YEAR":"12-31","CURRENCY":"HKD","IS_CNY_CODE":0,"DPS_HKD_LY":1.1,"ORG_TYPE":"一般企业","PREMIUM_INCOME":null,"PREMIUM_INCOME_YOY":null,"NET_INTEREST_INCOME":null,"NET_INTEREST_INCOME_YOY":null,"FEE_COMMISSION_INCOME":null,"FEE_COMMISSION_INCOME_YOY":null,"ACCOUNTS_RECE_TDAYS":0.72922074053,"INVENTORY_TDAYS":0.277431675545,"CURRENT_ASSETS_TDAYS":0.171730457448,"TOTAL_ASSETS_TDAYS":0.119808676755,"PREMIUM_EXPENSE":null,"LOAN_DEPOSIT":null,"LOAN_EQUITY":null,"LOAN_ASSETS":null,"DEPOSIT_EQUITY":null,"DEPOSIT_ASSETS":null,"EQUITY_MULTIPLIER":3.672359852846,"EQUITY_RATIO":3.531263369877},{"SECUCODE":"03383.HK","SECURITY_CODE":"03383","SECURITY_NAME_ABBR":"雅居乐集团","ORG_CODE":"10010858","STD_REPORT_DATE":"2020-12-31 00:00:00","REPORT_DATE":"2020-12-31 00:00:00","DATE_TYPE_CODE":"001","REPORT_TYPE":"2020年年报","PER_NETCASH_OPERATE":0.84432317964,"PER_OI":20.486157494899,"BPS":10.070382413166,"BASIC_EPS":2.44,"DILUTED_EPS":2.44,"OPERATE_INCOME":80245252000,"OPERATE_INCOME_YOY":33.2112465099,"GROSS_PROFIT":24102384000,"GROSS_PROFIT_YOY":31.291003272363,"HOLDER_PROFIT":9474597000,"HOLDER_PROFIT_YOY":26.129616973,"GROSS_PROFIT_RATIO":30.035900441811,"EPS_TTM":2.418810851796,"OPERATE_INCOME_QOQ":20.394281669913,"NET_PROFIT_RATIO":15.2643012449,"ROE_AVG":15.469536611179,"GROSS_PROFIT_QOQ":11.28433428539,"ROA":3.228159220055,"HOLDER_PROFIT_QOQ":25.282138119548,"ROE_YEARLY":15.469536611179,"ROIC_YEARLY":3.853756551017,"TOTAL_ASSETS":313765058000,"TOTAL_LIABILITIES":236795336000,"TAX_EBT":42.953995561088,"OCF_SALES":4.121432630058,"TOTAL_PARENT_EQUITY":64453121000,"DEBT_ASSET_RATIO":75.4689950211,"OPERATE_PROFIT":20926508000,"PRETAX_PROFIT":21471928000,"NETCASH_OPERATE":3307254000,"NETCASH_INVEST":776142000,"NETCASH_FINANCE":4440180000,"END_CASH":41925908000,"DIVI_RATIO":null,"DIVIDEND_RATE":null,"CURRENT_RATIO":1.307719880103,"COMMON_ACS":10000000000,"CURRENTDEBT_DEBT":71.20519130495,"ISSUED_COMMON_SHARES":5046047500,"HK_COMMON_SHARES":5046047500,"PER_SHARES":2000,"TOTAL_MARKET_CAP":4390061325,"HKSK_MARKET_CAP":4390061325,"PE_TTM":-0.20930268821,"PB_TTM":0.225120787933,"REPORT_DATE_SQ":"2019-12-31 00:00:00","REPORT_TYPE_SQ":"2019年年报","OPERATE_INCOME_SQ":60239097000,"DPS_HKD":null,"OPERATE_INCOME_QOQ_SQ":2.007543286417,"NET_PROFIT_RATIO_SQ":15.3276633612,"HOLDER_PROFIT_SQ":7511794000,"HOLDER_PROFIT_QOQ_SQ":-11.026449155587,"ROE_AVG_SQ":13.960551606705,"PE_TTM_SQ":-0.165220925082,"PB_TTM_SQ":0.102271090793,"ROA_SQ":2.982778595289,"START_DATE":"2020-01-01 00:00:00","FISCAL_YEAR":"12-31","CURRENCY":"HKD","IS_CNY_CODE":0,"DPS_HKD_LY":0.9,"ORG_TYPE":"一般企业","PREMIUM_INCOME":null,"PREMIUM_INCOME_YOY":null,"NET_INTEREST_INCOME":null,"NET_INTEREST_INCOME_YOY":null,"FEE_COMMISSION_INCOME":null,"FEE_COMMISSION_INCOME_YOY":null,"ACCOUNTS_RECE_TDAYS":1.879687032448,"INVENTORY_TDAYS":0.576112692148,"CURRENT_ASSETS_TDAYS":0.390241122641,"TOTAL_ASSETS_TDAYS":0.273409465447,"PREMIUM_EXPENSE":null,"LOAN_DEPOSIT":null,"LOAN_EQUITY":null,"LOAN_ASSETS":null,"DEPOSIT_EQUITY":null,"DEPOSIT_ASSETS":null,"EQUITY_MULTIPLIER":4.076473837334,"EQUITY_RATIO":3.673915744127},{"SECUCODE":"03383.HK","SECURITY_CODE":"03383","SECURITY_NAME_ABBR":"雅居乐集团","ORG_CODE":"10010858","STD_REPORT_DATE":"2020-06-30 00:00:00","REPORT_DATE":"2020-06-30 00:00:00","DATE_TYPE_CODE":"002","REPORT_TYPE":"2020年中报","PER_NETCASH_OPERATE":1.920080366654,"PER_OI":8.559348335704,"BPS":9.512151441301,"BASIC_EPS":1.321,"DILUTED_EPS":1.321,"OPERATE_INCOME":33527374000,"OPERATE_INCOME_YOY":23.6514290825,"GROSS_PROFIT":11520438000,"GROSS_PROFIT_YOY":40.150563670949,"HOLDER_PROFIT":5127482000,"HOLDER_PROFIT_YOY":1.0009321074,"GROSS_PROFIT_RATIO":34.361289375064,"EPS_TTM":1.930690909416,"OPERATE_INCOME_QOQ":10.645825251995,"NET_PROFIT_RATIO":18.907532096,"ROE_AVG":8.569177478742,"GROSS_PROFIT_QOQ":17.977974272341,"ROA":1.783343251922,"HOLDER_PROFIT_QOQ":0.676456249998,"ROE_YEARLY":17.138354957484,"ROIC_YEARLY":4.221701617048,"TOTAL_ASSETS":301809687000,"TOTAL_LIABILITIES":230166402000,"TAX_EBT":44.328539303661,"OCF_SALES":22.432553172819,"TOTAL_PARENT_EQUITY":61632186000,"DEBT_ASSET_RATIO":76.2620989034,"OPERATE_PROFIT":12237922000,"PRETAX_PROFIT":11386802000,"NETCASH_OPERATE":7521046000,"NETCASH_INVEST":-5169014000,"NETCASH_FINANCE":2481761000,"END_CASH":38361769000,"DIVI_RATIO":null,"DIVIDEND_RATE":null,"CURRENT_RATIO":1.338786952326,"COMMON_ACS":10000000000,"CURRENTDEBT_DEBT":71.415460975925,"ISSUED_COMMON_SHARES":5046047500,"HK_COMMON_SHARES":5046047500,"PER_SHARES":2000,"TOTAL_MARKET_CAP":4390061325,"HKSK_MARKET_CAP":4390061325,"PE_TTM":-0.20930268821,"PB_TTM":0.225120787933,"REPORT_DATE_SQ":"2019-06-30 00:00:00","REPORT_TYPE_SQ":"2019年中报","OPERATE_INCOME_SQ":27114425000,"DPS_HKD":null,"OPERATE_INCOME_QOQ_SQ":5.180601716351,"NET_PROFIT_RATIO_SQ":21.7363672658,"HOLDER_PROFIT_SQ":5076668000,"HOLDER_PROFIT_QOQ_SQ":18.494297619637,"ROE_AVG_SQ":9.460292474835,"PE_TTM_SQ":-0.165220925082,"PB_TTM_SQ":0.102271090793,"ROA_SQ":2.110845434788,"START_DATE":"2020-01-01 00:00:00","FISCAL_YEAR":"12-31","CURRENCY":"HKD","IS_CNY_CODE":0,"DPS_HKD_LY":0.9,"ORG_TYPE":"一般企业","PREMIUM_INCOME":null,"PREMIUM_INCOME_YOY":null,"NET_INTEREST_INCOME":null,"NET_INTEREST_INCOME_YOY":null,"FEE_COMMISSION_INCOME":null,"FEE_COMMISSION_INCOME_YOY":null,"ACCOUNTS_RECE_TDAYS":0.843300029344,"INVENTORY_TDAYS":0.217641099082,"CURRENT_ASSETS_TDAYS":0.163219041822,"TOTAL_ASSETS_TDAYS":0.116608534516,"PREMIUM_EXPENSE":null,"LOAN_DEPOSIT":null,"LOAN_EQUITY":null,"LOAN_ASSETS":null,"DEPOSIT_EQUITY":null,"DEPOSIT_ASSETS":null,"EQUITY_MULTIPLIER":4.21267236699,"EQUITY_RATIO":3.734516280179}],"count":43},"success":true,"message":"ok","code":0}