{"version":"f3f999a3ae6a0a8731939fa71ab340c1","result":{"pages":3,"data":[{"SECUCODE":"03380.HK","SECURITY_CODE":"03380","SECURITY_NAME_ABBR":"龙光集团","ORG_CODE":"10359803","STD_REPORT_DATE":"2024-06-30 00:00:00","REPORT_DATE":"2024-06-30 00:00:00","DATE_TYPE_CODE":"002","REPORT_TYPE":"2024年中报","PER_NETCASH_OPERATE":-0.187542231472,"PER_OI":2.471830580938,"BPS":4.113472113595,"BASIC_EPS":-0.278,"DILUTED_EPS":-0.278,"OPERATE_INCOME":14053364000,"OPERATE_INCOME_YOY":1.4021388637,"GROSS_PROFIT":-1673872000,"GROSS_PROFIT_YOY":-93.396517441101,"HOLDER_PROFIT":-1536487000,"HOLDER_PROFIT_YOY":19.666733067,"GROSS_PROFIT_RATIO":-11.910827898573,"EPS_TTM":-1.505325357112,"OPERATE_INCOME_QOQ":0.411991175061,"NET_PROFIT_RATIO":-12.8091395057,"ROE_AVG":-5.772679934575,"GROSS_PROFIT_QOQ":-17.925956544869,"ROA":-0.647118393213,"HOLDER_PROFIT_QOQ":4.210109482948,"ROE_YEARLY":-11.545359869151,"ROIC_YEARLY":-1.38990263826,"TOTAL_ASSETS":226488385000,"TOTAL_LIABILITIES":195975418000,"TAX_EBT":48.08153331972,"OCF_SALES":-7.587179838222,"TOTAL_PARENT_EQUITY":25750111000,"DEBT_ASSET_RATIO":86.5278005316,"OPERATE_PROFIT":-2340832000,"PRETAX_PROFIT":-3467196000,"NETCASH_OPERATE":-1066254000,"NETCASH_INVEST":180593000,"NETCASH_FINANCE":-2932121000,"END_CASH":6576849000,"DIVI_RATIO":null,"DIVIDEND_RATE":null,"CURRENT_RATIO":1.076678638953,"COMMON_ACS":100000000000,"CURRENTDEBT_DEBT":81.33506774814,"ISSUED_COMMON_SHARES":5685407450,"HK_COMMON_SHARES":5685407450,"PER_SHARES":1000,"TOTAL_MARKET_CAP":5685407450,"HKSK_MARKET_CAP":5685407450,"PE_TTM":-0.600478536093,"PB_TTM":0.221875820425,"REPORT_DATE_SQ":"2023-06-30 00:00:00","REPORT_TYPE_SQ":"2023年中报","OPERATE_INCOME_SQ":13859041000,"DPS_HKD":null,"OPERATE_INCOME_QOQ_SQ":2.954235041193,"NET_PROFIT_RATIO_SQ":-12.6985481896,"HOLDER_PROFIT_SQ":-1912641000,"HOLDER_PROFIT_QOQ_SQ":-16.096468346558,"ROE_AVG_SQ":-5.419377159002,"PE_TTM_SQ":-0.305362320378,"PB_TTM_SQ":0.098370227306,"ROA_SQ":-0.698482196869,"START_DATE":"2024-01-01 00:00:00","FISCAL_YEAR":"12-31","CURRENCY":"HKD","IS_CNY_CODE":0,"DPS_HKD_LY":null,"ORG_TYPE":"一般企业","PREMIUM_INCOME":null,"PREMIUM_INCOME_YOY":null,"NET_INTEREST_INCOME":null,"NET_INTEREST_INCOME_YOY":null,"FEE_COMMISSION_INCOME":null,"FEE_COMMISSION_INCOME_YOY":null,"ACCOUNTS_RECE_TDAYS":0.558098769208,"INVENTORY_TDAYS":0.110908173504,"CURRENT_ASSETS_TDAYS":0.077192079847,"TOTAL_ASSETS_TDAYS":0.059188202249,"PREMIUM_EXPENSE":null,"LOAN_DEPOSIT":null,"LOAN_EQUITY":null,"LOAN_ASSETS":null,"DEPOSIT_EQUITY":null,"DEPOSIT_ASSETS":null,"EQUITY_MULTIPLIER":7.42269294888,"EQUITY_RATIO":7.61066303753},{"SECUCODE":"03380.HK","SECURITY_CODE":"03380","SECURITY_NAME_ABBR":"龙光集团","ORG_CODE":"10359803","STD_REPORT_DATE":"2023-12-31 00:00:00","REPORT_DATE":"2023-12-31 00:00:00","DATE_TYPE_CODE":"001","REPORT_TYPE":"2023年年报","PER_NETCASH_OPERATE":1.263766592489,"PER_OI":8.296113764019,"BPS":4.418258536598,"BASIC_EPS":-1.6165,"DILUTED_EPS":-1.6165,"OPERATE_INCOME":47166787000,"OPERATE_INCOME_YOY":13.3199918804,"GROSS_PROFIT":-4509433000,"GROSS_PROFIT_YOY":5.708056346416,"HOLDER_PROFIT":-8934542000,"HOLDER_PROFIT_YOY":-4.8153108822,"GROSS_PROFIT_RATIO":-9.560610944307,"EPS_TTM":-1.571486666272,"OPERATE_INCOME_QOQ":10.068315145116,"NET_PROFIT_RATIO":-18.7804015567,"ROE_AVG":-27.805020764273,"GROSS_PROFIT_QOQ":39.109934565331,"ROA":-3.392625957002,"HOLDER_PROFIT_QOQ":9.717054812287,"ROE_YEARLY":-27.805020764273,"ROIC_YEARLY":-3.729773629124,"TOTAL_ASSETS":248382061000,"TOTAL_LIABILITIES":215648650000,"TAX_EBT":-25.257702657415,"OCF_SALES":15.233236048069,"TOTAL_PARENT_EQUITY":27482946000,"DEBT_ASSET_RATIO":86.8213465706,"OPERATE_PROFIT":-5451108000,"PRETAX_PROFIT":-7071910000,"NETCASH_OPERATE":7185028000,"NETCASH_INVEST":4343159000,"NETCASH_FINANCE":-13052632000,"END_CASH":10237672000,"DIVI_RATIO":null,"DIVIDEND_RATE":null,"CURRENT_RATIO":1.178135054989,"COMMON_ACS":100000000000,"CURRENTDEBT_DEBT":75.766601831266,"ISSUED_COMMON_SHARES":5685407450,"HK_COMMON_SHARES":5685407450,"PER_SHARES":1000,"TOTAL_MARKET_CAP":6367656344,"HKSK_MARKET_CAP":6367656344,"PE_TTM":-0.672535960424,"PB_TTM":0.248500918876,"REPORT_DATE_SQ":"2022-12-31 00:00:00","REPORT_TYPE_SQ":"2022年年报","OPERATE_INCOME_SQ":41622653000,"DPS_HKD":null,"OPERATE_INCOME_QOQ_SQ":-25.349528284645,"NET_PROFIT_RATIO_SQ":-21.3095090311,"HOLDER_PROFIT_SQ":-8524081000,"HOLDER_PROFIT_QOQ_SQ":-362.039709521106,"ROE_AVG_SQ":-20.133085421291,"PE_TTM_SQ":-0.357118645865,"PB_TTM_SQ":0.115043147189,"ROA_SQ":-3.021528412224,"START_DATE":"2023-01-01 00:00:00","FISCAL_YEAR":"12-31","CURRENCY":"HKD","IS_CNY_CODE":0,"DPS_HKD_LY":null,"ORG_TYPE":"一般企业","PREMIUM_INCOME":null,"PREMIUM_INCOME_YOY":null,"NET_INTEREST_INCOME":null,"NET_INTEREST_INCOME_YOY":null,"FEE_COMMISSION_INCOME":null,"FEE_COMMISSION_INCOME_YOY":null,"ACCOUNTS_RECE_TDAYS":1.337137095953,"INVENTORY_TDAYS":0.346786672043,"CURRENT_ASSETS_TDAYS":0.231352861994,"TOTAL_ASSETS_TDAYS":0.179101811693,"PREMIUM_EXPENSE":null,"LOAN_DEPOSIT":null,"LOAN_EQUITY":null,"LOAN_ASSETS":null,"DEPOSIT_EQUITY":null,"DEPOSIT_ASSETS":null,"EQUITY_MULTIPLIER":7.588028665881,"EQUITY_RATIO":7.846635146028},{"SECUCODE":"03380.HK","SECURITY_CODE":"03380","SECURITY_NAME_ABBR":"龙光集团","ORG_CODE":"10359803","STD_REPORT_DATE":"2023-06-30 00:00:00","REPORT_DATE":"2023-06-30 00:00:00","DATE_TYPE_CODE":"002","REPORT_TYPE":"2023年中报","PER_NETCASH_OPERATE":-0.339148779917,"PER_OI":2.437651324357,"BPS":5.529805256086,"BASIC_EPS":-0.346,"DILUTED_EPS":-0.346,"OPERATE_INCOME":13859041000,"OPERATE_INCOME_YOY":9.7362505454,"GROSS_PROFIT":-865513000,"GROSS_PROFIT_YOY":-149.234753810019,"HOLDER_PROFIT":-1912641000,"HOLDER_PROFIT_YOY":-253.8225745285,"GROSS_PROFIT_RATIO":-6.245114651151,"EPS_TTM":-1.740624060286,"OPERATE_INCOME_QOQ":2.954235041193,"NET_PROFIT_RATIO":-12.6985481896,"ROE_AVG":-5.419377159002,"GROSS_PROFIT_QOQ":-54.856039290601,"ROA":-0.698482196869,"HOLDER_PROFIT_QOQ":-16.096468346558,"ROE_YEARLY":-10.838754318004,"ROIC_YEARLY":-1.542694280227,"TOTAL_ASSETS":269334768000,"TOTAL_LIABILITIES":227305043000,"TAX_EBT":17.411671070853,"OCF_SALES":-13.912932359461,"TOTAL_PARENT_EQUITY":33802542000,"DEBT_ASSET_RATIO":84.3949872079,"OPERATE_PROFIT":-1544160000,"PRETAX_PROFIT":-2130927000,"NETCASH_OPERATE":-1928199000,"NETCASH_INVEST":9274109000,"NETCASH_FINANCE":-7672903000,"END_CASH":11070780000,"DIVI_RATIO":null,"DIVIDEND_RATE":null,"CURRENT_RATIO":1.149530622423,"COMMON_ACS":100000000000,"CURRENTDEBT_DEBT":79.714259133265,"ISSUED_COMMON_SHARES":5685407450,"HK_COMMON_SHARES":5685407450,"PER_SHARES":1000,"TOTAL_MARKET_CAP":6367656344,"HKSK_MARKET_CAP":6367656344,"PE_TTM":-0.672535960424,"PB_TTM":0.248500918876,"REPORT_DATE_SQ":"2022-06-30 00:00:00","REPORT_TYPE_SQ":"2022年中报","OPERATE_INCOME_SQ":12629410000,"DPS_HKD":null,"OPERATE_INCOME_QOQ_SQ":-28.784200667486,"NET_PROFIT_RATIO_SQ":-5.6312052582,"HOLDER_PROFIT_SQ":-540565000,"HOLDER_PROFIT_QOQ_SQ":-67.39026527683,"ROE_AVG_SQ":-1.147882647413,"PE_TTM_SQ":-0.357118645865,"PB_TTM_SQ":0.115043147189,"ROA_SQ":-0.186387665366,"START_DATE":"2023-01-01 00:00:00","FISCAL_YEAR":"12-31","CURRENCY":"HKD","IS_CNY_CODE":0,"DPS_HKD_LY":null,"ORG_TYPE":"一般企业","PREMIUM_INCOME":null,"PREMIUM_INCOME_YOY":null,"NET_INTEREST_INCOME":null,"NET_INTEREST_INCOME_YOY":null,"FEE_COMMISSION_INCOME":null,"FEE_COMMISSION_INCOME_YOY":null,"ACCOUNTS_RECE_TDAYS":null,"INVENTORY_TDAYS":0.096908362115,"CURRENT_ASSETS_TDAYS":0.065443652655,"TOTAL_ASSETS_TDAYS":0.050612181817,"PREMIUM_EXPENSE":null,"LOAN_DEPOSIT":null,"LOAN_EQUITY":null,"LOAN_ASSETS":null,"DEPOSIT_EQUITY":null,"DEPOSIT_ASSETS":null,"EQUITY_MULTIPLIER":6.40819724612,"EQUITY_RATIO":6.724495542377},{"SECUCODE":"03380.HK","SECURITY_CODE":"03380","SECURITY_NAME_ABBR":"龙光集团","ORG_CODE":"10359803","STD_REPORT_DATE":"2022-12-31 00:00:00","REPORT_DATE":"2022-12-31 00:00:00","DATE_TYPE_CODE":"001","REPORT_TYPE":"2022年年报","PER_NETCASH_OPERATE":-2.086574991208,"PER_OI":7.320962194187,"BPS":6.053986860695,"BASIC_EPS":-1.5569,"DILUTED_EPS":-1.5569,"OPERATE_INCOME":41622653000,"OPERATE_INCOME_YOY":-46.8370698624,"GROSS_PROFIT":-4782416000,"GROSS_PROFIT_YOY":-127.94909639408,"HOLDER_PROFIT":-8524081000,"HOLDER_PROFIT_YOY":-185.4504541442,"GROSS_PROFIT_RATIO":-11.48993554063,"EPS_TTM":-1.499291136997,"OPERATE_INCOME_QOQ":-25.349528284645,"NET_PROFIT_RATIO":-21.3095090311,"ROE_AVG":-20.133085421291,"GROSS_PROFIT_QOQ":-150.855687897867,"ROA":-3.021528412224,"HOLDER_PROFIT_QOQ":-362.039709521106,"ROE_YEARLY":-20.133085421291,"ROIC_YEARLY":-3.566185817685,"TOTAL_ASSETS":278321567000,"TOTAL_LIABILITIES":226451917000,"TAX_EBT":-15.370596362651,"OCF_SALES":-28.501376401932,"TOTAL_PARENT_EQUITY":36782728000,"DEBT_ASSET_RATIO":81.3634097569,"OPERATE_PROFIT":-5856058000,"PRETAX_PROFIT":-7687906000,"NETCASH_OPERATE":-11863029000,"NETCASH_INVEST":29048810000,"NETCASH_FINANCE":-30736948000,"END_CASH":11134447000,"DIVI_RATIO":null,"DIVIDEND_RATE":null,"CURRENT_RATIO":1.189119145266,"COMMON_ACS":100000000000,"CURRENTDEBT_DEBT":79.936820760056,"ISSUED_COMMON_SHARES":5685407450,"HK_COMMON_SHARES":5685407450,"PER_SHARES":1000,"TOTAL_MARKET_CAP":6367656344,"HKSK_MARKET_CAP":6367656344,"PE_TTM":-0.672535960424,"PB_TTM":0.248500918876,"REPORT_DATE_SQ":"2021-12-31 00:00:00","REPORT_TYPE_SQ":"2021年年报","OPERATE_INCOME_SQ":78292624000,"DPS_HKD":null,"OPERATE_INCOME_QOQ_SQ":4.098583812095,"NET_PROFIT_RATIO_SQ":13.1970235153,"HOLDER_PROFIT_SQ":9975466000,"HOLDER_PROFIT_QOQ_SQ":-23.507357021608,"ROE_AVG_SQ":22.094581432448,"PE_TTM_SQ":-0.357118645865,"PB_TTM_SQ":0.115043147189,"ROA_SQ":3.768484888907,"START_DATE":"2022-01-01 00:00:00","FISCAL_YEAR":"12-31","CURRENCY":"HKD","IS_CNY_CODE":0,"DPS_HKD_LY":null,"ORG_TYPE":"一般企业","PREMIUM_INCOME":null,"PREMIUM_INCOME_YOY":null,"NET_INTEREST_INCOME":null,"NET_INTEREST_INCOME_YOY":null,"FEE_COMMISSION_INCOME":null,"FEE_COMMISSION_INCOME_YOY":null,"ACCOUNTS_RECE_TDAYS":0.925321324694,"INVENTORY_TDAYS":0.350001206203,"CURRENT_ASSETS_TDAYS":0.189805045637,"TOTAL_ASSETS_TDAYS":0.147539692117,"PREMIUM_EXPENSE":null,"LOAN_DEPOSIT":null,"LOAN_EQUITY":null,"LOAN_ASSETS":null,"DEPOSIT_EQUITY":null,"DEPOSIT_ASSETS":null,"EQUITY_MULTIPLIER":5.365788413845,"EQUITY_RATIO":6.156474228883},{"SECUCODE":"03380.HK","SECURITY_CODE":"03380","SECURITY_NAME_ABBR":"龙光集团","ORG_CODE":"10359803","STD_REPORT_DATE":"2022-06-30 00:00:00","REPORT_DATE":"2022-06-30 00:00:00","DATE_TYPE_CODE":"002","REPORT_TYPE":"2022年中报","PER_NETCASH_OPERATE":-0.989987445843,"PER_OI":2.221372893864,"BPS":7.726227783375,"BASIC_EPS":-0.109,"DILUTED_EPS":-0.109,"OPERATE_INCOME":12629410000,"OPERATE_INCOME_YOY":-64.0856063969,"GROSS_PROFIT":1757931000,"GROSS_PROFIT_YOY":-81.427428897435,"HOLDER_PROFIT":-540565000,"HOLDER_PROFIT_YOY":-108.744278484,"GROSS_PROFIT_RATIO":13.919343817328,"EPS_TTM":0.572161806978,"OPERATE_INCOME_QOQ":-28.784200667486,"NET_PROFIT_RATIO":-5.6312052582,"ROE_AVG":-1.147882647413,"GROSS_PROFIT_QOQ":-45.042339314711,"ROA":-0.186387665366,"HOLDER_PROFIT_QOQ":-67.39026527683,"ROE_YEARLY":-2.295765294825,"ROIC_YEARLY":-0.439946347893,"TOTAL_ASSETS":294142191000,"TOTAL_LIABILITIES":230627470000,"TAX_EBT":-68.559517065991,"OCF_SALES":-44.566468267322,"TOTAL_PARENT_EQUITY":46290099000,"DEBT_ASSET_RATIO":78.4067967999,"OPERATE_PROFIT":312565000,"PRETAX_PROFIT":-421921000,"NETCASH_OPERATE":-5628482000,"NETCASH_INVEST":4482176000,"NETCASH_FINANCE":-13752286000,"END_CASH":10327272000,"DIVI_RATIO":null,"DIVIDEND_RATE":null,"CURRENT_RATIO":1.345158599416,"COMMON_ACS":100000000000,"CURRENTDEBT_DEBT":74.830656122621,"ISSUED_COMMON_SHARES":5685407450,"HK_COMMON_SHARES":5685407450,"PER_SHARES":1000,"TOTAL_MARKET_CAP":6367656344,"HKSK_MARKET_CAP":6367656344,"PE_TTM":-0.672535960424,"PB_TTM":0.248500918876,"REPORT_DATE_SQ":"2021-06-30 00:00:00","REPORT_TYPE_SQ":"2021年中报","OPERATE_INCOME_SQ":35165316000,"DPS_HKD":null,"OPERATE_INCOME_QOQ_SQ":5.810864866972,"NET_PROFIT_RATIO_SQ":18.4853393611,"HOLDER_PROFIT_SQ":6181928000,"HOLDER_PROFIT_QOQ_SQ":0.187790469657,"ROE_AVG_SQ":14.056334063788,"PE_TTM_SQ":-0.357118645865,"PB_TTM_SQ":0.115043147189,"ROA_SQ":2.318329160639,"START_DATE":"2022-01-01 00:00:00","FISCAL_YEAR":"12-31","CURRENCY":"HKD","IS_CNY_CODE":0,"DPS_HKD_LY":null,"ORG_TYPE":"一般企业","PREMIUM_INCOME":null,"PREMIUM_INCOME_YOY":null,"NET_INTEREST_INCOME":null,"NET_INTEREST_INCOME_YOY":null,"FEE_COMMISSION_INCOME":null,"FEE_COMMISSION_INCOME_YOY":null,"ACCOUNTS_RECE_TDAYS":null,"INVENTORY_TDAYS":0.079985772563,"CURRENT_ASSETS_TDAYS":0.055455603711,"TOTAL_ASSETS_TDAYS":0.043546405055,"PREMIUM_EXPENSE":null,"LOAN_DEPOSIT":null,"LOAN_EQUITY":null,"LOAN_ASSETS":null,"DEPOSIT_EQUITY":null,"DEPOSIT_ASSETS":null,"EQUITY_MULTIPLIER":4.631086878279,"EQUITY_RATIO":4.982220279978},{"SECUCODE":"03380.HK","SECURITY_CODE":"03380","SECURITY_NAME_ABBR":"龙光集团","ORG_CODE":"10359803","STD_REPORT_DATE":"2021-12-31 00:00:00","REPORT_DATE":"2021-12-31 00:00:00","DATE_TYPE_CODE":"001","REPORT_TYPE":"2021年年报","PER_NETCASH_OPERATE":0.834723130965,"PER_OI":13.761120940635,"BPS":8.008444495917,"BASIC_EPS":1.8183,"DILUTED_EPS":1.8126,"OPERATE_INCOME":78292624000,"OPERATE_INCOME_YOY":10.1476118458,"GROSS_PROFIT":17111165000,"GROSS_PROFIT_YOY":-19.785919397979,"HOLDER_PROFIT":9975466000,"HOLDER_PROFIT_YOY":-23.3637111281,"GROSS_PROFIT_RATIO":21.855398536649,"EPS_TTM":1.753340060044,"OPERATE_INCOME_QOQ":4.098583812095,"NET_PROFIT_RATIO":13.1970235153,"ROE_AVG":22.094581432448,"GROSS_PROFIT_QOQ":-13.852865375293,"ROA":3.768484888907,"HOLDER_PROFIT_QOQ":-23.507357021608,"ROE_YEARLY":22.094581432448,"ROIC_YEARLY":4.8292973134,"TOTAL_ASSETS":285901557000,"TOTAL_LIABILITIES":218133274000,"TAX_EBT":30.138895340421,"OCF_SALES":6.065807680683,"TOTAL_PARENT_EQUITY":47894616000,"DEBT_ASSET_RATIO":76.2966373072,"OPERATE_PROFIT":16088311000,"PRETAX_PROFIT":14789769000,"NETCASH_OPERATE":4749080000,"NETCASH_INVEST":-32979108000,"NETCASH_FINANCE":12624317000,"END_CASH":24390778000,"DIVI_RATIO":null,"DIVIDEND_RATE":null,"CURRENT_RATIO":1.439674705559,"COMMON_ACS":100000000000,"CURRENTDEBT_DEBT":71.115147247091,"ISSUED_COMMON_SHARES":5685407450,"HK_COMMON_SHARES":5685407450,"PER_SHARES":1000,"TOTAL_MARKET_CAP":6367656344,"HKSK_MARKET_CAP":6367656344,"PE_TTM":-0.672535960424,"PB_TTM":0.248500918876,"REPORT_DATE_SQ":"2020-12-31 00:00:00","REPORT_TYPE_SQ":"2020年年报","OPERATE_INCOME_SQ":71079729000,"DPS_HKD":null,"OPERATE_INCOME_QOQ_SQ":15.588675382392,"NET_PROFIT_RATIO_SQ":18.8156232278,"HOLDER_PROFIT_SQ":13016635000,"HOLDER_PROFIT_QOQ_SQ":5.842426724202,"ROE_AVG_SQ":33.987034406577,"PE_TTM_SQ":-0.357118645865,"PB_TTM_SQ":0.115043147189,"ROA_SQ":5.791299940882,"START_DATE":"2021-01-01 00:00:00","FISCAL_YEAR":"12-31","CURRENCY":"HKD","IS_CNY_CODE":0,"DPS_HKD_LY":1.07,"ORG_TYPE":"一般企业","PREMIUM_INCOME":null,"PREMIUM_INCOME_YOY":null,"NET_INTEREST_INCOME":null,"NET_INTEREST_INCOME_YOY":null,"FEE_COMMISSION_INCOME":null,"FEE_COMMISSION_INCOME_YOY":null,"ACCOUNTS_RECE_TDAYS":null,"INVENTORY_TDAYS":0.547793387881,"CURRENT_ASSETS_TDAYS":0.375986799305,"TOTAL_ASSETS_TDAYS":0.295770213098,"PREMIUM_EXPENSE":null,"LOAN_DEPOSIT":null,"LOAN_EQUITY":null,"LOAN_ASSETS":null,"DEPOSIT_EQUITY":null,"DEPOSIT_ASSETS":null,"EQUITY_MULTIPLIER":4.218810693488,"EQUITY_RATIO":4.554442486813},{"SECUCODE":"03380.HK","SECURITY_CODE":"03380","SECURITY_NAME_ABBR":"龙光集团","ORG_CODE":"10359803","STD_REPORT_DATE":"2021-06-30 00:00:00","REPORT_DATE":"2021-06-30 00:00:00","DATE_TYPE_CODE":"002","REPORT_TYPE":"2021年中报","PER_NETCASH_OPERATE":0.302912015315,"PER_OI":6.369283885108,"BPS":7.597123228169,"BASIC_EPS":1.1213,"DILUTED_EPS":1.1169,"OPERATE_INCOME":35165316000,"OPERATE_INCOME_YOY":13.3086873713,"GROSS_PROFIT":9465200000,"GROSS_PROFIT_YOY":-13.436106084394,"HOLDER_PROFIT":6181928000,"HOLDER_PROFIT_YOY":0.3969803251,"GROSS_PROFIT_RATIO":26.916294453319,"EPS_TTM":2.36205283408,"OPERATE_INCOME_QOQ":5.810864866972,"NET_PROFIT_RATIO":18.4853393611,"ROE_AVG":14.056334063788,"GROSS_PROFIT_QOQ":-6.88711708002,"ROA":2.318329160639,"HOLDER_PROFIT_QOQ":0.187790469657,"ROE_YEARLY":28.112668127577,"ROIC_YEARLY":6.055692917839,"TOTAL_ASSETS":289795263000,"TOTAL_LIABILITIES":219019650000,"TAX_EBT":29.131376870332,"OCF_SALES":4.755825313784,"TOTAL_PARENT_EQUITY":45556087000,"DEBT_ASSET_RATIO":75.5773740856,"OPERATE_PROFIT":9554693000,"PRETAX_PROFIT":9172505000,"NETCASH_OPERATE":1672401000,"NETCASH_INVEST":-6529629000,"NETCASH_FINANCE":4692980000,"END_CASH":40157725000,"DIVI_RATIO":null,"DIVIDEND_RATE":null,"CURRENT_RATIO":1.54681434348,"COMMON_ACS":100000000000,"CURRENTDEBT_DEBT":69.392800143731,"ISSUED_COMMON_SHARES":5685407450,"HK_COMMON_SHARES":5685407450,"PER_SHARES":1000,"TOTAL_MARKET_CAP":6367656344,"HKSK_MARKET_CAP":6367656344,"PE_TTM":-0.672535960424,"PB_TTM":0.248500918876,"REPORT_DATE_SQ":"2020-06-30 00:00:00","REPORT_TYPE_SQ":"2020年中报","OPERATE_INCOME_SQ":31034969000,"DPS_HKD":null,"OPERATE_INCOME_QOQ_SQ":6.981962100554,"NET_PROFIT_RATIO_SQ":20.2515137038,"HOLDER_PROFIT_SQ":6157484000,"HOLDER_PROFIT_QOQ_SQ":9.131937012581,"ROE_AVG_SQ":17.160294061458,"PE_TTM_SQ":-0.357118645865,"PB_TTM_SQ":0.115043147189,"ROA_SQ":2.759796326457,"START_DATE":"2021-01-01 00:00:00","FISCAL_YEAR":"12-31","CURRENCY":"HKD","IS_CNY_CODE":0,"DPS_HKD_LY":1.07,"ORG_TYPE":"一般企业","PREMIUM_INCOME":null,"PREMIUM_INCOME_YOY":null,"NET_INTEREST_INCOME":null,"NET_INTEREST_INCOME_YOY":null,"FEE_COMMISSION_INCOME":null,"FEE_COMMISSION_INCOME_YOY":null,"ACCOUNTS_RECE_TDAYS":null,"INVENTORY_TDAYS":0.221095848627,"CURRENT_ASSETS_TDAYS":0.164237610039,"TOTAL_ASSETS_TDAYS":0.131875973848,"PREMIUM_EXPENSE":null,"LOAN_DEPOSIT":null,"LOAN_EQUITY":null,"LOAN_ASSETS":null,"DEPOSIT_EQUITY":null,"DEPOSIT_ASSETS":null,"EQUITY_MULTIPLIER":4.094563801227,"EQUITY_RATIO":4.807692328799},{"SECUCODE":"03380.HK","SECURITY_CODE":"03380","SECURITY_NAME_ABBR":"龙光集团","ORG_CODE":"10359803","STD_REPORT_DATE":"2020-12-31 00:00:00","REPORT_DATE":"2020-12-31 00:00:00","DATE_TYPE_CODE":"001","REPORT_TYPE":"2020年年报","PER_NETCASH_OPERATE":0.222981324653,"PER_OI":12.876458200367,"BPS":7.042571416759,"BASIC_EPS":2.3413,"DILUTED_EPS":2.3236,"OPERATE_INCOME":71079729000,"OPERATE_INCOME_YOY":23.6590328901,"GROSS_PROFIT":21331872000,"GROSS_PROFIT_YOY":17.641285787483,"HOLDER_PROFIT":13016635000,"HOLDER_PROFIT_YOY":15.5078904652,"GROSS_PROFIT_RATIO":30.011189266071,"EPS_TTM":2.358030325171,"OPERATE_INCOME_QOQ":15.588675382392,"NET_PROFIT_RATIO":18.8156232278,"ROE_AVG":33.987034406577,"GROSS_PROFIT_QOQ":8.421568275655,"ROA":5.791299940882,"HOLDER_PROFIT_QOQ":5.842426724202,"ROE_YEARLY":33.987034406577,"ROIC_YEARLY":7.618940560617,"TOTAL_ASSETS":243513648000,"TOTAL_LIABILITIES":182842183000,"TAX_EBT":31.407114633426,"OCF_SALES":1.731697654615,"TOTAL_PARENT_EQUITY":42403234000,"DEBT_ASSET_RATIO":75.0849837377,"OPERATE_PROFIT":21549210000,"PRETAX_PROFIT":19497786000,"NETCASH_OPERATE":1230886000,"NETCASH_INVEST":-273741000,"NETCASH_FINANCE":1685530000,"END_CASH":40462748000,"DIVI_RATIO":null,"DIVIDEND_RATE":null,"CURRENT_RATIO":1.599171346419,"COMMON_ACS":100000000000,"CURRENTDEBT_DEBT":66.052228221318,"ISSUED_COMMON_SHARES":5685407450,"HK_COMMON_SHARES":5685407450,"PER_SHARES":1000,"TOTAL_MARKET_CAP":6367656344,"HKSK_MARKET_CAP":6367656344,"PE_TTM":-0.672535960424,"PB_TTM":0.248500918876,"REPORT_DATE_SQ":"2019-12-31 00:00:00","REPORT_TYPE_SQ":"2019年年报","OPERATE_INCOME_SQ":57480418000,"DPS_HKD":null,"OPERATE_INCOME_QOQ_SQ":2.634278514124,"NET_PROFIT_RATIO_SQ":20.1168648426,"HOLDER_PROFIT_SQ":11269044000,"HOLDER_PROFIT_QOQ_SQ":12.859808714939,"ROE_AVG_SQ":35.524815629244,"PE_TTM_SQ":-0.357118645865,"PB_TTM_SQ":0.115043147189,"ROA_SQ":5.992502057977,"START_DATE":"2020-01-01 00:00:00","FISCAL_YEAR":"12-31","CURRENCY":"HKD","IS_CNY_CODE":0,"DPS_HKD_LY":0.88,"ORG_TYPE":"一般企业","PREMIUM_INCOME":null,"PREMIUM_INCOME_YOY":null,"NET_INTEREST_INCOME":null,"NET_INTEREST_INCOME_YOY":null,"FEE_COMMISSION_INCOME":null,"FEE_COMMISSION_INCOME_YOY":null,"ACCOUNTS_RECE_TDAYS":null,"INVENTORY_TDAYS":0.516381191495,"CURRENT_ASSETS_TDAYS":0.403451144922,"TOTAL_ASSETS_TDAYS":0.316244582686,"PREMIUM_EXPENSE":null,"LOAN_DEPOSIT":null,"LOAN_EQUITY":null,"LOAN_ASSETS":null,"DEPOSIT_EQUITY":null,"DEPOSIT_ASSETS":null,"EQUITY_MULTIPLIER":4.013643778002,"EQUITY_RATIO":4.311986746105},{"SECUCODE":"03380.HK","SECURITY_CODE":"03380","SECURITY_NAME_ABBR":"龙光集团","ORG_CODE":"10359803","STD_REPORT_DATE":"2020-06-30 00:00:00","REPORT_DATE":"2020-06-30 00:00:00","DATE_TYPE_CODE":"002","REPORT_TYPE":"2020年中报","PER_NETCASH_OPERATE":0.98057780942,"PER_OI":5.622751208664,"BPS":6.192441845131,"BASIC_EPS":1.1028,"DILUTED_EPS":1.0941,"OPERATE_INCOME":31034969000,"OPERATE_INCOME_YOY":14.8519886308,"GROSS_PROFIT":10934351000,"GROSS_PROFIT_YOY":16.417032157283,"HOLDER_PROFIT":6157484000,"HOLDER_PROFIT_YOY":20.0663286536,"GROSS_PROFIT_RATIO":35.232356765041,"EPS_TTM":2.228109292805,"OPERATE_INCOME_QOQ":6.981962100554,"NET_PROFIT_RATIO":20.2515137038,"ROE_AVG":17.160294061458,"GROSS_PROFIT_QOQ":8.50358250527,"ROA":2.759796326457,"HOLDER_PROFIT_QOQ":9.131937012581,"ROE_YEARLY":34.320588122917,"ROIC_YEARLY":7.1828636853,"TOTAL_ASSETS":240217297000,"TOTAL_LIABILITIES":187993913000,"TAX_EBT":38.677738863148,"OCF_SALES":17.439466428982,"TOTAL_PARENT_EQUITY":37569901000,"DEBT_ASSET_RATIO":78.2599402074,"OPERATE_PROFIT":11193040000,"PRETAX_PROFIT":10249216000,"NETCASH_OPERATE":5412333000,"NETCASH_INVEST":-16038781000,"NETCASH_FINANCE":12695428000,"END_CASH":37163448000,"DIVI_RATIO":null,"DIVIDEND_RATE":null,"CURRENT_RATIO":1.405678789957,"COMMON_ACS":100000000000,"CURRENTDEBT_DEBT":73.160391102663,"ISSUED_COMMON_SHARES":5685407450,"HK_COMMON_SHARES":5685407450,"PER_SHARES":1000,"TOTAL_MARKET_CAP":6367656344,"HKSK_MARKET_CAP":6367656344,"PE_TTM":-0.672535960424,"PB_TTM":0.248500918876,"REPORT_DATE_SQ":"2019-06-30 00:00:00","REPORT_TYPE_SQ":"2019年中报","OPERATE_INCOME_SQ":27021708000,"DPS_HKD":null,"OPERATE_INCOME_QOQ_SQ":26.889468559963,"NET_PROFIT_RATIO_SQ":19.5781887659,"HOLDER_PROFIT_SQ":5128402000,"HOLDER_PROFIT_QOQ_SQ":20.469516545899,"ROE_AVG_SQ":16.806782119248,"PE_TTM_SQ":-0.357118645865,"PB_TTM_SQ":0.115043147189,"ROA_SQ":2.836472859764,"START_DATE":"2020-01-01 00:00:00","FISCAL_YEAR":"12-31","CURRENCY":"HKD","IS_CNY_CODE":0,"DPS_HKD_LY":0.88,"ORG_TYPE":"一般企业","PREMIUM_INCOME":null,"PREMIUM_INCOME_YOY":null,"NET_INTEREST_INCOME":null,"NET_INTEREST_INCOME_YOY":null,"FEE_COMMISSION_INCOME":null,"FEE_COMMISSION_INCOME_YOY":null,"ACCOUNTS_RECE_TDAYS":0.49582449377,"INVENTORY_TDAYS":0.238908847696,"CURRENT_ASSETS_TDAYS":0.176056240571,"TOTAL_ASSETS_TDAYS":0.139099335764,"PREMIUM_EXPENSE":null,"LOAN_DEPOSIT":null,"LOAN_EQUITY":null,"LOAN_ASSETS":null,"DEPOSIT_EQUITY":null,"DEPOSIT_ASSETS":null,"EQUITY_MULTIPLIER":4.599803356292,"EQUITY_RATIO":5.003843715212}],"count":27},"success":true,"message":"ok","code":0}