{"version":"8b97e76e2a412d10152547534cf3b334","result":{"pages":5,"data":[{"SECUCODE":"03393.HK","SECURITY_CODE":"03393","SECURITY_NAME_ABBR":"威胜控股","ORG_CODE":"10010859","STD_REPORT_DATE":"2024-06-30 00:00:00","REPORT_DATE":"2024-06-30 00:00:00","DATE_TYPE_CODE":"002","REPORT_TYPE":"2024年中报","PER_NETCASH_OPERATE":-0.085784459855,"PER_OI":3.757017131613,"BPS":5.226550084979,"BASIC_EPS":0.335,"DILUTED_EPS":0.334,"OPERATE_INCOME":3741537000,"OPERATE_INCOME_YOY":15.9921219761,"GROSS_PROFIT":1327730000,"GROSS_PROFIT_YOY":12.832266392687,"HOLDER_PROFIT":331030000,"HOLDER_PROFIT_YOY":54.8207562613,"GROSS_PROFIT_RATIO":35.486218631541,"EPS_TTM":0.641089497082,"OPERATE_INCOME_QOQ":7.113012308419,"NET_PROFIT_RATIO":12.4460081512,"ROE_AVG":6.38336172322,"GROSS_PROFIT_QOQ":5.851048783862,"ROA":2.346212945953,"HOLDER_PROFIT_QOQ":22.488023590218,"ROE_YEARLY":12.766723446441,"ROIC_YEARLY":6.568403198721,"TOTAL_ASSETS":14338121000,"TOTAL_LIABILITIES":7486250000,"TAX_EBT":16.935508325678,"OCF_SALES":-2.283312980735,"TOTAL_PARENT_EQUITY":5205015000,"DEBT_ASSET_RATIO":52.2122110701,"OPERATE_PROFIT":623009000,"PRETAX_PROFIT":560615000,"NETCASH_OPERATE":-85431000,"NETCASH_INVEST":-364252000,"NETCASH_FINANCE":-16045000,"END_CASH":1737570000,"DIVI_RATIO":0.395797468458,"DIVIDEND_RATE":3.309692671395,"CURRENT_RATIO":1.722527954103,"COMMON_ACS":100000000000,"CURRENTDEBT_DEBT":82.375087660711,"ISSUED_COMMON_SHARES":995879675,"HK_COMMON_SHARES":995879675,"PER_SHARES":2000,"TOTAL_MARKET_CAP":8425142050.5,"HKSK_MARKET_CAP":8425142050.5,"PE_TTM":11.93421637471,"PB_TTM":1.477317288548,"REPORT_DATE_SQ":"2023-06-30 00:00:00","REPORT_TYPE_SQ":"2023年中报","OPERATE_INCOME_SQ":3225682000,"DPS_HKD":0.28,"OPERATE_INCOME_QOQ_SQ":11.491750804837,"NET_PROFIT_RATIO_SQ":9.7698099193,"HOLDER_PROFIT_SQ":213815000,"HOLDER_PROFIT_QOQ_SQ":21.772900922492,"ROE_AVG_SQ":4.514035279208,"PE_TTM_SQ":9.916543275187,"PB_TTM_SQ":0.810030114911,"ROA_SQ":1.618709638248,"START_DATE":"2024-01-01 00:00:00","FISCAL_YEAR":"12-31","CURRENCY":"HKD","IS_CNY_CODE":0,"DPS_HKD_LY":0.28,"ORG_TYPE":"一般企业","PREMIUM_INCOME":null,"PREMIUM_INCOME_YOY":null,"NET_INTEREST_INCOME":null,"NET_INTEREST_INCOME_YOY":null,"FEE_COMMISSION_INCOME":null,"FEE_COMMISSION_INCOME_YOY":null,"ACCOUNTS_RECE_TDAYS":0.788603376471,"INVENTORY_TDAYS":1.948399605607,"CURRENT_ASSETS_TDAYS":0.354446627038,"TOTAL_ASSETS_TDAYS":0.265185709669,"PREMIUM_EXPENSE":null,"LOAN_DEPOSIT":null,"LOAN_EQUITY":null,"LOAN_ASSETS":null,"DEPOSIT_EQUITY":null,"DEPOSIT_ASSETS":null,"EQUITY_MULTIPLIER":2.092584784508,"EQUITY_RATIO":1.438276354631},{"SECUCODE":"03393.HK","SECURITY_CODE":"03393","SECURITY_NAME_ABBR":"威胜控股","ORG_CODE":"10010859","STD_REPORT_DATE":"2023-12-31 00:00:00","REPORT_DATE":"2023-12-31 00:00:00","DATE_TYPE_CODE":"001","REPORT_TYPE":"2023年年报","PER_NETCASH_OPERATE":1.502786970725,"PER_OI":7.28227734942,"BPS":5.188012296767,"BASIC_EPS":0.527,"DILUTED_EPS":0.527,"OPERATE_INCOME":7252272000,"OPERATE_INCOME_YOY":23.8467418189,"GROSS_PROFIT":2580751000,"GROSS_PROFIT_YOY":33.771454222008,"HOLDER_PROFIT":521233000,"HOLDER_PROFIT_YOY":60.97524066,"GROSS_PROFIT_RATIO":35.585413784811,"EPS_TTM":0.523389534986,"OPERATE_INCOME_QOQ":11.081529283482,"NET_PROFIT_RATIO":10.4876513181,"ROE_AVG":10.612998267251,"GROSS_PROFIT_QOQ":15.314079102992,"ROA":3.874449039094,"HOLDER_PROFIT_QOQ":32.192991577415,"ROE_YEARLY":10.612998267251,"ROIC_YEARLY":5.443461270768,"TOTAL_ASSETS":13880119000,"TOTAL_LIABILITIES":7103498000,"TAX_EBT":11.634167197223,"OCF_SALES":20.636222689938,"TOTAL_PARENT_EQUITY":5166636000,"DEBT_ASSET_RATIO":51.1775007116,"OPERATE_PROFIT":991506000,"PRETAX_PROFIT":860732000,"NETCASH_OPERATE":1496595000,"NETCASH_INVEST":-515795000,"NETCASH_FINANCE":-480011000,"END_CASH":2204896000,"DIVI_RATIO":0.484804496534,"DIVIDEND_RATE":4.287901990812,"CURRENT_RATIO":1.68432623158,"COMMON_ACS":100000000000,"CURRENTDEBT_DEBT":87.671046011416,"ISSUED_COMMON_SHARES":995879675,"HK_COMMON_SHARES":995879675,"PER_SHARES":2000,"TOTAL_MARKET_CAP":6503094277.75,"HKSK_MARKET_CAP":6503094277.75,"PE_TTM":9.211635097737,"PB_TTM":1.140293368111,"REPORT_DATE_SQ":"2022-12-31 00:00:00","REPORT_TYPE_SQ":"2022年年报","OPERATE_INCOME_SQ":5855844000,"DPS_HKD":0.28,"OPERATE_INCOME_QOQ_SQ":15.320804596728,"NET_PROFIT_RATIO_SQ":8.729057673,"HOLDER_PROFIT_SQ":323797000,"HOLDER_PROFIT_QOQ_SQ":12.328885928578,"ROE_AVG_SQ":6.972500573331,"PE_TTM_SQ":8.563226781161,"PB_TTM_SQ":0.699484828641,"ROA_SQ":2.519998097921,"START_DATE":"2023-01-01 00:00:00","FISCAL_YEAR":"12-31","CURRENCY":"HKD","IS_CNY_CODE":0,"DPS_HKD_LY":0.23,"ORG_TYPE":"一般企业","PREMIUM_INCOME":null,"PREMIUM_INCOME_YOY":null,"NET_INTEREST_INCOME":null,"NET_INTEREST_INCOME_YOY":null,"FEE_COMMISSION_INCOME":null,"FEE_COMMISSION_INCOME_YOY":null,"ACCOUNTS_RECE_TDAYS":1.621445200807,"INVENTORY_TDAYS":4.085722382031,"CURRENT_ASSETS_TDAYS":0.715010486657,"TOTAL_ASSETS_TDAYS":0.539078651614,"PREMIUM_EXPENSE":null,"LOAN_DEPOSIT":null,"LOAN_EQUITY":null,"LOAN_ASSETS":null,"DEPOSIT_EQUITY":null,"DEPOSIT_ASSETS":null,"EQUITY_MULTIPLIER":2.048235986636,"EQUITY_RATIO":1.374878741216},{"SECUCODE":"03393.HK","SECURITY_CODE":"03393","SECURITY_NAME_ABBR":"威胜控股","ORG_CODE":"10010859","STD_REPORT_DATE":"2023-06-30 00:00:00","REPORT_DATE":"2023-06-30 00:00:00","DATE_TYPE_CODE":"002","REPORT_TYPE":"2023年中报","PER_NETCASH_OPERATE":0.206936646237,"PER_OI":3.239027847415,"BPS":4.837369534628,"BASIC_EPS":0.217,"DILUTED_EPS":0.217,"OPERATE_INCOME":3225682000,"OPERATE_INCOME_YOY":26.361408101,"GROSS_PROFIT":1176729000,"GROSS_PROFIT_YOY":35.578166081753,"HOLDER_PROFIT":213815000,"HOLDER_PROFIT_YOY":49.1923385549,"GROSS_PROFIT_RATIO":36.480006398647,"EPS_TTM":0.395928353493,"OPERATE_INCOME_QOQ":11.491750804837,"NET_PROFIT_RATIO":9.7698099193,"ROE_AVG":4.514035279208,"GROSS_PROFIT_QOQ":16.006176576696,"ROA":1.618709638248,"HOLDER_PROFIT_QOQ":21.772900922492,"ROE_YEARLY":9.028070558415,"ROIC_YEARLY":4.42325238708,"TOTAL_ASSETS":13391901000,"TOTAL_LIABILITIES":7069806000,"TAX_EBT":15.277762842365,"OCF_SALES":6.388850481852,"TOTAL_PARENT_EQUITY":4817438000,"DEBT_ASSET_RATIO":52.7916537017,"OPERATE_PROFIT":434389000,"PRETAX_PROFIT":371972000,"NETCASH_OPERATE":206084000,"NETCASH_INVEST":-304032000,"NETCASH_FINANCE":67316000,"END_CASH":1677253000,"DIVI_RATIO":0.64087756727,"DIVIDEND_RATE":4.287901990812,"CURRENT_RATIO":1.557345713688,"COMMON_ACS":100000000000,"CURRENTDEBT_DEBT":92.284215436746,"ISSUED_COMMON_SHARES":995879675,"HK_COMMON_SHARES":995879675,"PER_SHARES":2000,"TOTAL_MARKET_CAP":6503094277.75,"HKSK_MARKET_CAP":6503094277.75,"PE_TTM":9.211635097737,"PB_TTM":1.140293368111,"REPORT_DATE_SQ":"2022-06-30 00:00:00","REPORT_TYPE_SQ":"2022年中报","OPERATE_INCOME_SQ":2552743000,"DPS_HKD":0.28,"OPERATE_INCOME_QOQ_SQ":10.610678575801,"NET_PROFIT_RATIO_SQ":9.3023465347,"HOLDER_PROFIT_SQ":143315000,"HOLDER_PROFIT_QOQ_SQ":7.525253278823,"ROE_AVG_SQ":3.137268036391,"PE_TTM_SQ":8.563226781161,"PB_TTM_SQ":0.699484828641,"ROA_SQ":1.131226139339,"START_DATE":"2023-01-01 00:00:00","FISCAL_YEAR":"12-31","CURRENCY":"HKD","IS_CNY_CODE":0,"DPS_HKD_LY":0.23,"ORG_TYPE":"一般企业","PREMIUM_INCOME":null,"PREMIUM_INCOME_YOY":null,"NET_INTEREST_INCOME":null,"NET_INTEREST_INCOME_YOY":null,"FEE_COMMISSION_INCOME":null,"FEE_COMMISSION_INCOME_YOY":null,"ACCOUNTS_RECE_TDAYS":0.697168602621,"INVENTORY_TDAYS":1.945939811242,"CURRENT_ASSETS_TDAYS":0.323264916712,"TOTAL_ASSETS_TDAYS":0.244203752932,"PREMIUM_EXPENSE":null,"LOAN_DEPOSIT":null,"LOAN_EQUITY":null,"LOAN_ASSETS":null,"DEPOSIT_EQUITY":null,"DEPOSIT_ASSETS":null,"EQUITY_MULTIPLIER":2.118269497688,"EQUITY_RATIO":1.467544782102},{"SECUCODE":"03393.HK","SECURITY_CODE":"03393","SECURITY_NAME_ABBR":"威胜控股","ORG_CODE":"10010859","STD_REPORT_DATE":"2022-12-31 00:00:00","REPORT_DATE":"2022-12-31 00:00:00","DATE_TYPE_CODE":"001","REPORT_TYPE":"2022年年报","PER_NETCASH_OPERATE":0.866801503907,"PER_OI":5.880071806868,"BPS":4.675167208328,"BASIC_EPS":0.329,"DILUTED_EPS":0.329,"OPERATE_INCOME":5855844000,"OPERATE_INCOME_YOY":27.5571245035,"GROSS_PROFIT":1929224000,"GROSS_PROFIT_YOY":28.72048413032,"HOLDER_PROFIT":323797000,"HOLDER_PROFIT_YOY":20.7819191,"GROSS_PROFIT_RATIO":32.945276547668,"EPS_TTM":0.325136668745,"OPERATE_INCOME_QOQ":15.320804596728,"NET_PROFIT_RATIO":8.729057673,"ROE_AVG":6.972500573331,"GROSS_PROFIT_QOQ":14.256880527475,"ROA":2.519998097921,"HOLDER_PROFIT_QOQ":12.328885928578,"ROE_YEARLY":6.972500573331,"ROIC_YEARLY":3.563924385988,"TOTAL_ASSETS":13026055000,"TOTAL_LIABILITIES":6897579000,"TAX_EBT":12.237266368378,"OCF_SALES":14.74134215324,"TOTAL_PARENT_EQUITY":4655904000,"DEBT_ASSET_RATIO":52.9521716283,"OPERATE_PROFIT":691699000,"PRETAX_PROFIT":582434000,"NETCASH_OPERATE":863230000,"NETCASH_INVEST":-678193000,"NETCASH_FINANCE":-718767000,"END_CASH":1697928000,"DIVI_RATIO":0.780415205027,"DIVIDEND_RATE":4.287901990812,"CURRENT_RATIO":1.656819673983,"COMMON_ACS":100000000000,"CURRENTDEBT_DEBT":85.721410367319,"ISSUED_COMMON_SHARES":995879675,"HK_COMMON_SHARES":995879675,"PER_SHARES":2000,"TOTAL_MARKET_CAP":6503094277.75,"HKSK_MARKET_CAP":6503094277.75,"PE_TTM":9.211635097737,"PB_TTM":1.140293368111,"REPORT_DATE_SQ":"2021-12-31 00:00:00","REPORT_TYPE_SQ":"2021年年报","OPERATE_INCOME_SQ":4590762000,"DPS_HKD":0.28,"OPERATE_INCOME_QOQ_SQ":6.103546806432,"NET_PROFIT_RATIO_SQ":9.32250463,"HOLDER_PROFIT_SQ":268084000,"HOLDER_PROFIT_QOQ_SQ":12.608635384157,"ROE_AVG_SQ":5.856414046315,"PE_TTM_SQ":8.563226781161,"PB_TTM_SQ":0.699484828641,"ROA_SQ":2.239424561346,"START_DATE":"2022-01-01 00:00:00","FISCAL_YEAR":"12-31","CURRENCY":"HKD","IS_CNY_CODE":0,"DPS_HKD_LY":0.2,"ORG_TYPE":"一般企业","PREMIUM_INCOME":null,"PREMIUM_INCOME_YOY":null,"NET_INTEREST_INCOME":null,"NET_INTEREST_INCOME_YOY":null,"FEE_COMMISSION_INCOME":null,"FEE_COMMISSION_INCOME_YOY":null,"ACCOUNTS_RECE_TDAYS":1.37940876061,"INVENTORY_TDAYS":3.790918389857,"CURRENT_ASSETS_TDAYS":0.604174174766,"TOTAL_ASSETS_TDAYS":0.455739730193,"PREMIUM_EXPENSE":null,"LOAN_DEPOSIT":null,"LOAN_EQUITY":null,"LOAN_ASSETS":null,"DEPOSIT_EQUITY":null,"DEPOSIT_ASSETS":null,"EQUITY_MULTIPLIER":2.125496616123,"EQUITY_RATIO":1.481469334419},{"SECUCODE":"03393.HK","SECURITY_CODE":"03393","SECURITY_NAME_ABBR":"威胜控股","ORG_CODE":"10010859","STD_REPORT_DATE":"2022-06-30 00:00:00","REPORT_DATE":"2022-06-30 00:00:00","DATE_TYPE_CODE":"002","REPORT_TYPE":"2022年中报","PER_NETCASH_OPERATE":-0.159562449148,"PER_OI":2.563304648225,"BPS":4.523003243339,"BASIC_EPS":0.146,"DILUTED_EPS":0.146,"OPERATE_INCOME":2552743000,"OPERATE_INCOME_YOY":23.5816931573,"GROSS_PROFIT":867934000,"GROSS_PROFIT_YOY":27.974792356906,"HOLDER_PROFIT":143315000,"HOLDER_PROFIT_YOY":16.382845681,"GROSS_PROFIT_RATIO":34.000054059496,"EPS_TTM":0.28945063067,"OPERATE_INCOME_QOQ":10.610678575801,"NET_PROFIT_RATIO":9.3023465347,"ROE_AVG":3.137268036391,"GROSS_PROFIT_QOQ":12.658846921142,"ROA":1.131226139339,"HOLDER_PROFIT_QOQ":7.525253278823,"ROE_YEARLY":6.274536072781,"ROIC_YEARLY":3.226843083483,"TOTAL_ASSETS":12665854000,"TOTAL_LIABILITIES":6631840000,"TAX_EBT":14.920640607646,"OCF_SALES":-6.224872617416,"TOTAL_PARENT_EQUITY":4504367000,"DEBT_ASSET_RATIO":52.3599908857,"OPERATE_PROFIT":330951000,"PRETAX_PROFIT":279110000,"NETCASH_OPERATE":-158905000,"NETCASH_INVEST":-203640000,"NETCASH_FINANCE":-151653000,"END_CASH":1706113000,"DIVI_RATIO":0.876631705424,"DIVIDEND_RATE":4.287901990812,"CURRENT_RATIO":1.705208159596,"COMMON_ACS":100000000000,"CURRENTDEBT_DEBT":84.530311346474,"ISSUED_COMMON_SHARES":995879675,"HK_COMMON_SHARES":995879675,"PER_SHARES":2000,"TOTAL_MARKET_CAP":6503094277.75,"HKSK_MARKET_CAP":6503094277.75,"PE_TTM":9.211635097737,"PB_TTM":1.140293368111,"REPORT_DATE_SQ":"2021-06-30 00:00:00","REPORT_TYPE_SQ":"2021年中报","OPERATE_INCOME_SQ":2065632000,"DPS_HKD":0.28,"OPERATE_INCOME_QOQ_SQ":9.570902184236,"NET_PROFIT_RATIO_SQ":9.7266115165,"HOLDER_PROFIT_SQ":123141000,"HOLDER_PROFIT_QOQ_SQ":2.974609628444,"ROE_AVG_SQ":2.7285834858,"PE_TTM_SQ":8.563226781161,"PB_TTM_SQ":0.699484828641,"ROA_SQ":1.058374227826,"START_DATE":"2022-01-01 00:00:00","FISCAL_YEAR":"12-31","CURRENCY":"HKD","IS_CNY_CODE":0,"DPS_HKD_LY":0.2,"ORG_TYPE":"一般企业","PREMIUM_INCOME":null,"PREMIUM_INCOME_YOY":null,"NET_INTEREST_INCOME":null,"NET_INTEREST_INCOME_YOY":null,"FEE_COMMISSION_INCOME":null,"FEE_COMMISSION_INCOME_YOY":null,"ACCOUNTS_RECE_TDAYS":0.605210120094,"INVENTORY_TDAYS":1.655157677781,"CURRENT_ASSETS_TDAYS":0.26663852736,"TOTAL_ASSETS_TDAYS":0.20149528023,"PREMIUM_EXPENSE":null,"LOAN_DEPOSIT":null,"LOAN_EQUITY":null,"LOAN_ASSETS":null,"DEPOSIT_EQUITY":null,"DEPOSIT_ASSETS":null,"EQUITY_MULTIPLIER":2.099076004794,"EQUITY_RATIO":1.47231342384},{"SECUCODE":"03393.HK","SECURITY_CODE":"03393","SECURITY_NAME_ABBR":"威胜控股","ORG_CODE":"10010859","STD_REPORT_DATE":"2021-12-31 00:00:00","REPORT_DATE":"2021-12-31 00:00:00","DATE_TYPE_CODE":"001","REPORT_TYPE":"2021年年报","PER_NETCASH_OPERATE":0.252664058035,"PER_OI":4.60975569162,"BPS":4.651090002414,"BASIC_EPS":0.272,"DILUTED_EPS":0.272,"OPERATE_INCOME":4590762000,"OPERATE_INCOME_YOY":16.2586134853,"GROSS_PROFIT":1498770000,"GROSS_PROFIT_YOY":20.23199752921,"HOLDER_PROFIT":268084000,"HOLDER_PROFIT_YOY":15.9583026948,"GROSS_PROFIT_RATIO":32.647521261176,"EPS_TTM":0.269193163321,"OPERATE_INCOME_QOQ":6.103546806432,"NET_PROFIT_RATIO":9.32250463,"ROE_AVG":5.856414046315,"GROSS_PROFIT_QOQ":8.442600532818,"ROA":2.239424561346,"HOLDER_PROFIT_QOQ":12.608635384157,"ROE_YEARLY":5.856414046315,"ROIC_YEARLY":3.248182102915,"TOTAL_ASSETS":12672139000,"TOTAL_LIABILITIES":6592277000,"TAX_EBT":9.468135289899,"OCF_SALES":5.4810726411,"TOTAL_PARENT_EQUITY":4631926000,"DEBT_ASSET_RATIO":52.0218173112,"OPERATE_PROFIT":572000000,"PRETAX_PROFIT":472733000,"NETCASH_OPERATE":251623000,"NETCASH_INVEST":-462571000,"NETCASH_FINANCE":443857000,"END_CASH":2208946000,"DIVI_RATIO":0.942600461579,"DIVIDEND_RATE":4.287901990812,"CURRENT_RATIO":1.665053594828,"COMMON_ACS":100000000000,"CURRENTDEBT_DEBT":87.353398529825,"ISSUED_COMMON_SHARES":995879675,"HK_COMMON_SHARES":995879675,"PER_SHARES":2000,"TOTAL_MARKET_CAP":6503094277.75,"HKSK_MARKET_CAP":6503094277.75,"PE_TTM":9.211635097737,"PB_TTM":1.140293368111,"REPORT_DATE_SQ":"2020-12-31 00:00:00","REPORT_TYPE_SQ":"2020年年报","OPERATE_INCOME_SQ":3948750000,"DPS_HKD":0.28,"OPERATE_INCOME_QOQ_SQ":15.480211977656,"NET_PROFIT_RATIO_SQ":8.7158974359,"HOLDER_PROFIT_SQ":231190000,"HOLDER_PROFIT_QOQ_SQ":2.053969108799,"ROE_AVG_SQ":5.290620253654,"PE_TTM_SQ":8.563226781161,"PB_TTM_SQ":0.699484828641,"ROA_SQ":2.16400568413,"START_DATE":"2021-01-01 00:00:00","FISCAL_YEAR":"12-31","CURRENCY":"HKD","IS_CNY_CODE":0,"DPS_HKD_LY":0.2,"ORG_TYPE":"一般企业","PREMIUM_INCOME":null,"PREMIUM_INCOME_YOY":null,"NET_INTEREST_INCOME":null,"NET_INTEREST_INCOME_YOY":null,"FEE_COMMISSION_INCOME":null,"FEE_COMMISSION_INCOME_YOY":null,"ACCOUNTS_RECE_TDAYS":1.155599277002,"INVENTORY_TDAYS":4.154239296626,"CURRENT_ASSETS_TDAYS":0.505975554856,"TOTAL_ASSETS_TDAYS":0.383486712303,"PREMIUM_EXPENSE":null,"LOAN_DEPOSIT":null,"LOAN_EQUITY":null,"LOAN_ASSETS":null,"DEPOSIT_EQUITY":null,"DEPOSIT_ASSETS":null,"EQUITY_MULTIPLIER":2.084280695845,"EQUITY_RATIO":1.423225889187},{"SECUCODE":"03393.HK","SECURITY_CODE":"03393","SECURITY_NAME_ABBR":"威胜控股","ORG_CODE":"10010859","STD_REPORT_DATE":"2021-06-30 00:00:00","REPORT_DATE":"2021-06-30 00:00:00","DATE_TYPE_CODE":"002","REPORT_TYPE":"2021年中报","PER_NETCASH_OPERATE":-0.305645358211,"PER_OI":2.074178288657,"BPS":4.521330350476,"BASIC_EPS":0.125,"DILUTED_EPS":0.125,"OPERATE_INCOME":2065632000,"OPERATE_INCOME_YOY":22.393243827,"GROSS_PROFIT":678207000,"GROSS_PROFIT_YOY":24.972267572777,"HOLDER_PROFIT":123141000,"HOLDER_PROFIT_YOY":5.9149865823,"GROSS_PROFIT_RATIO":32.832905377144,"EPS_TTM":0.239051971816,"OPERATE_INCOME_QOQ":9.570902184236,"NET_PROFIT_RATIO":9.7266115165,"ROE_AVG":2.7285834858,"GROSS_PROFIT_QOQ":10.871555033231,"ROA":1.058374227826,"HOLDER_PROFIT_QOQ":2.974609628444,"ROE_YEARLY":5.4571669716,"ROIC_YEARLY":2.952696573686,"TOTAL_ASSETS":11999758000,"TOTAL_LIABILITIES":6257663000,"TAX_EBT":13.643572782484,"OCF_SALES":-14.73573221174,"TOTAL_PARENT_EQUITY":4502701000,"DEBT_ASSET_RATIO":52.1482433229,"OPERATE_PROFIT":281250000,"PRETAX_PROFIT":232659000,"NETCASH_OPERATE":-304386000,"NETCASH_INVEST":-400382000,"NETCASH_FINANCE":401432000,"END_CASH":1677981000,"DIVI_RATIO":1.061449516909,"DIVIDEND_RATE":4.287901990812,"CURRENT_RATIO":1.764313545645,"COMMON_ACS":100000000000,"CURRENTDEBT_DEBT":82.445059761128,"ISSUED_COMMON_SHARES":995879675,"HK_COMMON_SHARES":995879675,"PER_SHARES":2000,"TOTAL_MARKET_CAP":6503094277.75,"HKSK_MARKET_CAP":6503094277.75,"PE_TTM":9.211635097737,"PB_TTM":1.140293368111,"REPORT_DATE_SQ":"2020-06-30 00:00:00","REPORT_TYPE_SQ":"2020年中报","OPERATE_INCOME_SQ":1687701000,"DPS_HKD":0.28,"OPERATE_INCOME_QOQ_SQ":-6.462031608093,"NET_PROFIT_RATIO_SQ":10.3034838517,"HOLDER_PROFIT_SQ":116264000,"HOLDER_PROFIT_QOQ_SQ":-19.25743227108,"ROE_AVG_SQ":2.709920728339,"PE_TTM_SQ":8.563226781161,"PB_TTM_SQ":0.699484828641,"ROA_SQ":1.103236767853,"START_DATE":"2021-01-01 00:00:00","FISCAL_YEAR":"12-31","CURRENCY":"HKD","IS_CNY_CODE":0,"DPS_HKD_LY":0.2,"ORG_TYPE":"一般企业","PREMIUM_INCOME":null,"PREMIUM_INCOME_YOY":null,"NET_INTEREST_INCOME":null,"NET_INTEREST_INCOME_YOY":null,"FEE_COMMISSION_INCOME":null,"FEE_COMMISSION_INCOME_YOY":null,"ACCOUNTS_RECE_TDAYS":0.507302677886,"INVENTORY_TDAYS":2.240326112231,"CURRENT_ASSETS_TDAYS":0.233931156948,"TOTAL_ASSETS_TDAYS":0.177537268089,"PREMIUM_EXPENSE":null,"LOAN_DEPOSIT":null,"LOAN_EQUITY":null,"LOAN_ASSETS":null,"DEPOSIT_EQUITY":null,"DEPOSIT_ASSETS":null,"EQUITY_MULTIPLIER":2.089787438208,"EQUITY_RATIO":1.389757614374},{"SECUCODE":"03393.HK","SECURITY_CODE":"03393","SECURITY_NAME_ABBR":"威胜控股","ORG_CODE":"10010859","STD_REPORT_DATE":"2020-12-31 00:00:00","REPORT_DATE":"2020-12-31 00:00:00","DATE_TYPE_CODE":"001","REPORT_TYPE":"2020年年报","PER_NETCASH_OPERATE":0.188068905011,"PER_OI":3.965087448943,"BPS":4.542015580346,"BASIC_EPS":0.235,"DILUTED_EPS":0.235,"OPERATE_INCOME":3948750000,"OPERATE_INCOME_YOY":8.0178441786,"GROSS_PROFIT":1246565000,"GROSS_PROFIT_YOY":8.62052589983,"HOLDER_PROFIT":231190000,"HOLDER_PROFIT_YOY":-17.5990048723,"GROSS_PROFIT_RATIO":31.568597657487,"EPS_TTM":0.232146519106,"OPERATE_INCOME_QOQ":15.480211977656,"NET_PROFIT_RATIO":8.7158974359,"ROE_AVG":5.290620253654,"GROSS_PROFIT_QOQ":12.399553490922,"ROA":2.16400568413,"HOLDER_PROFIT_QOQ":2.053969108799,"ROE_YEARLY":5.290620253654,"ROIC_YEARLY":2.973494114748,"TOTAL_ASSETS":11270083000,"TOTAL_LIABILITIES":5593625000,"TAX_EBT":13.069098863128,"OCF_SALES":4.743121240899,"TOTAL_PARENT_EQUITY":4523301000,"DEBT_ASSET_RATIO":49.6325093613,"OPERATE_PROFIT":492173000,"PRETAX_PROFIT":395911000,"NETCASH_OPERATE":187294000,"NETCASH_INVEST":-554395000,"NETCASH_FINANCE":591828000,"END_CASH":1983473000,"DIVI_RATIO":1.09302349644,"DIVIDEND_RATE":4.287901990812,"CURRENT_RATIO":1.688696963801,"COMMON_ACS":100000000000,"CURRENTDEBT_DEBT":90.598100516213,"ISSUED_COMMON_SHARES":995879675,"HK_COMMON_SHARES":995879675,"PER_SHARES":2000,"TOTAL_MARKET_CAP":6503094277.75,"HKSK_MARKET_CAP":6503094277.75,"PE_TTM":9.211635097737,"PB_TTM":1.140293368111,"REPORT_DATE_SQ":"2019-12-31 00:00:00","REPORT_TYPE_SQ":"2019年年报","OPERATE_INCOME_SQ":3655646000,"DPS_HKD":0.28,"OPERATE_INCOME_QOQ_SQ":1.283342097666,"NET_PROFIT_RATIO_SQ":9.7760559967,"HOLDER_PROFIT_SQ":280567000,"HOLDER_PROFIT_QOQ_SQ":-7.618881418214,"ROE_AVG_SQ":6.67780002254,"PE_TTM_SQ":8.563226781161,"PB_TTM_SQ":0.699484828641,"ROA_SQ":2.999903395171,"START_DATE":"2020-01-01 00:00:00","FISCAL_YEAR":"12-31","CURRENCY":"HKD","IS_CNY_CODE":0,"DPS_HKD_LY":0.2,"ORG_TYPE":"一般企业","PREMIUM_INCOME":null,"PREMIUM_INCOME_YOY":null,"NET_INTEREST_INCOME":null,"NET_INTEREST_INCOME_YOY":null,"FEE_COMMISSION_INCOME":null,"FEE_COMMISSION_INCOME_YOY":null,"ACCOUNTS_RECE_TDAYS":1.114122073922,"INVENTORY_TDAYS":5.200595082868,"CURRENT_ASSETS_TDAYS":0.496823037642,"TOTAL_ASSETS_TDAYS":0.369614492202,"PREMIUM_EXPENSE":null,"LOAN_DEPOSIT":null,"LOAN_EQUITY":null,"LOAN_ASSETS":null,"DEPOSIT_EQUITY":null,"DEPOSIT_ASSETS":null,"EQUITY_MULTIPLIER":1.985407625671,"EQUITY_RATIO":1.236624535931},{"SECUCODE":"03393.HK","SECURITY_CODE":"03393","SECURITY_NAME_ABBR":"威胜控股","ORG_CODE":"10010859","STD_REPORT_DATE":"2020-06-30 00:00:00","REPORT_DATE":"2020-06-30 00:00:00","DATE_TYPE_CODE":"002","REPORT_TYPE":"2020年中报","PER_NETCASH_OPERATE":-0.22735678384,"PER_OI":1.694683647399,"BPS":4.382359746422,"BASIC_EPS":0.118,"DILUTED_EPS":0.118,"OPERATE_INCOME":1687701000,"OPERATE_INCOME_YOY":-12.2784612746,"GROSS_PROFIT":542686000,"GROSS_PROFIT_YOY":-6.63803974394,"HOLDER_PROFIT":116264000,"HOLDER_PROFIT_YOY":-31.7274830587,"GROSS_PROFIT_RATIO":32.155340312058,"EPS_TTM":0.227474267913,"OPERATE_INCOME_QOQ":-6.462031608093,"NET_PROFIT_RATIO":10.3034838517,"ROE_AVG":2.709920728339,"GROSS_PROFIT_QOQ":-3.362137547456,"ROA":1.103236767853,"HOLDER_PROFIT_QOQ":-19.25743227108,"ROE_YEARLY":5.419841456678,"ROIC_YEARLY":2.907369544376,"TOTAL_ASSETS":10980116000,"TOTAL_LIABILITIES":5602789000,"TAX_EBT":17.018839832789,"OCF_SALES":-13.415883500691,"TOTAL_PARENT_EQUITY":4364303000,"DEBT_ASSET_RATIO":51.0266831425,"OPERATE_PROFIT":258989000,"PRETAX_PROFIT":209556000,"NETCASH_OPERATE":-226420000,"NETCASH_INVEST":-786525000,"NETCASH_FINANCE":722301000,"END_CASH":1488927000,"DIVI_RATIO":1.115473861409,"DIVIDEND_RATE":4.287901990812,"CURRENT_RATIO":1.545308185391,"COMMON_ACS":100000000000,"CURRENTDEBT_DEBT":97.147866892721,"ISSUED_COMMON_SHARES":995879675,"HK_COMMON_SHARES":995879675,"PER_SHARES":2000,"TOTAL_MARKET_CAP":6503094277.75,"HKSK_MARKET_CAP":6503094277.75,"PE_TTM":9.211635097737,"PB_TTM":1.140293368111,"REPORT_DATE_SQ":"2019-06-30 00:00:00","REPORT_TYPE_SQ":"2019年中报","OPERATE_INCOME_SQ":1923930000,"DPS_HKD":0.28,"OPERATE_INCOME_QOQ_SQ":8.053267934429,"NET_PROFIT_RATIO_SQ":11.0134984121,"HOLDER_PROFIT_SQ":170294000,"HOLDER_PROFIT_QOQ_SQ":12.144363167748,"ROE_AVG_SQ":4.073106587483,"PE_TTM_SQ":8.563226781161,"PB_TTM_SQ":0.699484828641,"ROA_SQ":1.888519421245,"START_DATE":"2020-01-01 00:00:00","FISCAL_YEAR":"12-31","CURRENCY":"HKD","IS_CNY_CODE":0,"DPS_HKD_LY":0.2,"ORG_TYPE":"一般企业","PREMIUM_INCOME":null,"PREMIUM_INCOME_YOY":null,"NET_INTEREST_INCOME":null,"NET_INTEREST_INCOME_YOY":null,"FEE_COMMISSION_INCOME":null,"FEE_COMMISSION_INCOME_YOY":null,"ACCOUNTS_RECE_TDAYS":0.483849937516,"INVENTORY_TDAYS":1.986314558714,"CURRENT_ASSETS_TDAYS":0.214321321403,"TOTAL_ASSETS_TDAYS":0.160147061545,"PREMIUM_EXPENSE":null,"LOAN_DEPOSIT":null,"LOAN_EQUITY":null,"LOAN_ASSETS":null,"DEPOSIT_EQUITY":null,"DEPOSIT_ASSETS":null,"EQUITY_MULTIPLIER":2.04192826659,"EQUITY_RATIO":1.283776355583}],"count":42},"success":true,"message":"ok","code":0}