{"version":"672c402b95258d4b591ee05193d08f61","result":{"pages":3,"data":[{"SECUCODE":"03396.HK","SECURITY_CODE":"03396","SECURITY_NAME_ABBR":"联想控股","ORG_CODE":"10004475","STD_REPORT_DATE":"2024-06-30 00:00:00","REPORT_DATE":"2024-06-30 00:00:00","DATE_TYPE_CODE":"002","REPORT_TYPE":"2024年中报","PER_NETCASH_OPERATE":7.577164445131,"PER_OI":99.04130193692,"BPS":23.629038223716,"BASIC_EPS":0.12,"DILUTED_EPS":0.11,"OPERATE_INCOME":233364176000,"OPERATE_INCOME_YOY":15.9366190178,"GROSS_PROFIT":40381818000,"GROSS_PROFIT_YOY":12.943639381993,"HOLDER_PROFIT":285854000,"HOLDER_PROFIT_YOY":-57.2042817576,"GROSS_PROFIT_RATIO":17.304206109167,"EPS_TTM":-1.806433741277,"OPERATE_INCOME_QOQ":7.357175900454,"NET_PROFIT_RATIO":1.2019676919,"ROE_AVG":0.507553095818,"GROSS_PROFIT_QOQ":5.992272614005,"ROA":0.042516460588,"HOLDER_PROFIT_QOQ":-9.862376973883,"ROE_YEARLY":1.015106191637,"ROIC_YEARLY":0.101286623117,"TOTAL_ASSETS":678941924000,"TOTAL_LIABILITIES":580608455000,"TAX_EBT":10.067624932349,"OCF_SALES":7.650509733765,"TOTAL_PARENT_EQUITY":55675470000,"DEBT_ASSET_RATIO":85.5166597431,"OPERATE_PROFIT":7018339000,"PRETAX_PROFIT":3118968000,"NETCASH_OPERATE":17853549000,"NETCASH_INVEST":-3653802000,"NETCASH_FINANCE":-4884612000,"END_CASH":67628357000,"DIVI_RATIO":null,"DIVIDEND_RATE":null,"CURRENT_RATIO":0.667083808616,"COMMON_ACS":null,"CURRENTDEBT_DEBT":79.071311663899,"ISSUED_COMMON_SHARES":2356230900,"HK_COMMON_SHARES":1271853990,"PER_SHARES":100,"TOTAL_MARKET_CAP":20640582684,"HKSK_MARKET_CAP":11141440952.4,"PE_TTM":-4.404284042638,"PB_TTM":0.338358113619,"REPORT_DATE_SQ":"2023-06-30 00:00:00","REPORT_TYPE_SQ":"2023年中报","OPERATE_INCOME_SQ":201285994000,"DPS_HKD":null,"OPERATE_INCOME_QOQ_SQ":-7.525606838354,"NET_PROFIT_RATIO_SQ":1.1005668879,"HOLDER_PROFIT_SQ":667950000,"HOLDER_PROFIT_QOQ_SQ":-125.398286125085,"ROE_AVG_SQ":1.053761750786,"PE_TTM_SQ":-33.196178309545,"PB_TTM_SQ":0.219984643367,"ROA_SQ":0.099204224907,"START_DATE":"2024-01-01 00:00:00","FISCAL_YEAR":"12-31","CURRENCY":"HKD","IS_CNY_CODE":0,"DPS_HKD_LY":null,"ORG_TYPE":"一般企业","PREMIUM_INCOME":null,"PREMIUM_INCOME_YOY":null,"NET_INTEREST_INCOME":null,"NET_INTEREST_INCOME_YOY":null,"FEE_COMMISSION_INCOME":null,"FEE_COMMISSION_INCOME_YOY":null,"ACCOUNTS_RECE_TDAYS":3.161709639235,"INVENTORY_TDAYS":3.681803355698,"CURRENT_ASSETS_TDAYS":0.779234349203,"TOTAL_ASSETS_TDAYS":0.347093928771,"PREMIUM_EXPENSE":null,"LOAN_DEPOSIT":null,"LOAN_EQUITY":null,"LOAN_ASSETS":null,"DEPOSIT_EQUITY":null,"DEPOSIT_ASSETS":null,"EQUITY_MULTIPLIER":6.904484616548,"EQUITY_RATIO":10.428442813325},{"SECUCODE":"03396.HK","SECURITY_CODE":"03396","SECURITY_NAME_ABBR":"联想控股","ORG_CODE":"10004475","STD_REPORT_DATE":"2023-12-31 00:00:00","REPORT_DATE":"2023-12-31 00:00:00","DATE_TYPE_CODE":"001","REPORT_TYPE":"2023年年报","PER_NETCASH_OPERATE":3.800879192273,"PER_OI":185.046451092718,"BPS":24.176139953007,"BASIC_EPS":-1.65,"DILUTED_EPS":-1.68,"OPERATE_INCOME":436012166000,"OPERATE_INCOME_YOY":-9.8520169729,"GROSS_PROFIT":77230515000,"GROSS_PROFIT_YOY":-9.623263170341,"HOLDER_PROFIT":-3874279000,"HOLDER_PROFIT_YOY":-431.9682827748,"GROSS_PROFIT_RATIO":17.712926615906,"EPS_TTM":-1.644269668138,"OPERATE_INCOME_QOQ":-2.515734415768,"NET_PROFIT_RATIO":0.1445620212,"ROE_AVG":-6.481437326702,"GROSS_PROFIT_QOQ":-2.330749885287,"ROA":-0.575328129763,"HOLDER_PROFIT_QOQ":-1207.04993691256,"ROE_YEARLY":-6.481437326702,"ROIC_YEARLY":-0.691481328725,"TOTAL_ASSETS":665732567000,"TOTAL_LIABILITIES":565613611000,"TAX_EBT":73.996422335977,"OCF_SALES":2.054013557044,"TOTAL_PARENT_EQUITY":56964568000,"DEBT_ASSET_RATIO":84.9610848315,"OPERATE_PROFIT":9847130000,"PRETAX_PROFIT":2423928000,"NETCASH_OPERATE":8955749000,"NETCASH_INVEST":-10360022000,"NETCASH_FINANCE":-22629556000,"END_CASH":59571033000,"DIVI_RATIO":null,"DIVIDEND_RATE":null,"CURRENT_RATIO":0.661498769129,"COMMON_ACS":null,"CURRENTDEBT_DEBT":78.230882778385,"ISSUED_COMMON_SHARES":2356230900,"HK_COMMON_SHARES":1271853990,"PER_SHARES":100,"TOTAL_MARKET_CAP":17954479458,"HKSK_MARKET_CAP":9691527403.8,"PE_TTM":-3.831123790514,"PB_TTM":0.294325208422,"REPORT_DATE_SQ":"2022-12-31 00:00:00","REPORT_TYPE_SQ":"2022年年报","OPERATE_INCOME_SQ":483662697000,"DPS_HKD":null,"OPERATE_INCOME_QOQ_SQ":-3.071850483029,"NET_PROFIT_RATIO_SQ":2.1490127447,"HOLDER_PROFIT_SQ":1167063000,"HOLDER_PROFIT_QOQ_SQ":-63.473281224277,"ROE_AVG_SQ":1.884558607759,"PE_TTM_SQ":-36.36258300984,"PB_TTM_SQ":0.240967793965,"ROA_SQ":0.171405050361,"START_DATE":"2023-01-01 00:00:00","FISCAL_YEAR":"12-31","CURRENCY":"HKD","IS_CNY_CODE":0,"DPS_HKD_LY":0.2174,"ORG_TYPE":"一般企业","PREMIUM_INCOME":null,"PREMIUM_INCOME_YOY":null,"NET_INTEREST_INCOME":null,"NET_INTEREST_INCOME_YOY":null,"FEE_COMMISSION_INCOME":null,"FEE_COMMISSION_INCOME_YOY":null,"ACCOUNTS_RECE_TDAYS":5.742549033217,"INVENTORY_TDAYS":6.973921816006,"CURRENT_ASSETS_TDAYS":1.391559634168,"TOTAL_ASSETS_TDAYS":0.647475476131,"PREMIUM_EXPENSE":null,"LOAN_DEPOSIT":null,"LOAN_EQUITY":null,"LOAN_ASSETS":null,"DEPOSIT_EQUITY":null,"DEPOSIT_ASSETS":null,"EQUITY_MULTIPLIER":6.649415790938,"EQUITY_RATIO":9.929217948252},{"SECUCODE":"03396.HK","SECURITY_CODE":"03396","SECURITY_NAME_ABBR":"联想控股","ORG_CODE":"10004475","STD_REPORT_DATE":"2023-06-30 00:00:00","REPORT_DATE":"2023-06-30 00:00:00","DATE_TYPE_CODE":"002","REPORT_TYPE":"2023年中报","PER_NETCASH_OPERATE":-0.836970604197,"PER_OI":85.427109032481,"BPS":27.242219767171,"BASIC_EPS":0.29,"DILUTED_EPS":0.28,"OPERATE_INCOME":201285994000,"OPERATE_INCOME_YOY":-15.3138070857,"GROSS_PROFIT":35753955000,"GROSS_PROFIT_YOY":-15.143098004695,"HOLDER_PROFIT":667950000,"HOLDER_PROFIT_YOY":-68.6618401662,"GROSS_PROFIT_RATIO":17.762763463811,"EPS_TTM":-0.125800064841,"OPERATE_INCOME_QOQ":-7.525606838354,"NET_PROFIT_RATIO":1.1005668879,"ROE_AVG":1.053761750786,"GROSS_PROFIT_QOQ":-7.466539649366,"ROA":0.099204224907,"HOLDER_PROFIT_QOQ":-125.398286125085,"ROE_YEARLY":2.107523501573,"ROIC_YEARLY":0.239495352689,"TOTAL_ASSETS":665541867000,"TOTAL_LIABILITIES":560339419000,"TAX_EBT":7.113317553728,"OCF_SALES":-0.979748248157,"TOTAL_PARENT_EQUITY":64188960000,"DEBT_ASSET_RATIO":84.1929631754,"OPERATE_PROFIT":5879692000,"PRETAX_PROFIT":2384935000,"NETCASH_OPERATE":-1972096000,"NETCASH_INVEST":-1893723000,"NETCASH_FINANCE":-13578677000,"END_CASH":66247418000,"DIVI_RATIO":null,"DIVIDEND_RATE":null,"CURRENT_RATIO":0.713761353451,"COMMON_ACS":null,"CURRENTDEBT_DEBT":76.2391822732,"ISSUED_COMMON_SHARES":2356230900,"HK_COMMON_SHARES":1271853990,"PER_SHARES":100,"TOTAL_MARKET_CAP":17954479458,"HKSK_MARKET_CAP":9691527403.8,"PE_TTM":-3.831123790514,"PB_TTM":0.294325208422,"REPORT_DATE_SQ":"2022-06-30 00:00:00","REPORT_TYPE_SQ":"2022年中报","OPERATE_INCOME_SQ":237684547000,"DPS_HKD":null,"OPERATE_INCOME_QOQ_SQ":1.861564247978,"NET_PROFIT_RATIO_SQ":3.0167665885,"HOLDER_PROFIT_SQ":2131427000,"HOLDER_PROFIT_QOQ_SQ":-44.480325066387,"ROE_AVG_SQ":3.414950399051,"PE_TTM_SQ":-36.36258300984,"PB_TTM_SQ":0.240967793965,"ROA_SQ":0.309986351938,"START_DATE":"2023-01-01 00:00:00","FISCAL_YEAR":"12-31","CURRENCY":"HKD","IS_CNY_CODE":0,"DPS_HKD_LY":0.2174,"ORG_TYPE":"一般企业","PREMIUM_INCOME":null,"PREMIUM_INCOME_YOY":null,"NET_INTEREST_INCOME":null,"NET_INTEREST_INCOME_YOY":null,"FEE_COMMISSION_INCOME":null,"FEE_COMMISSION_INCOME_YOY":null,"ACCOUNTS_RECE_TDAYS":2.818310745491,"INVENTORY_TDAYS":3.248277904579,"CURRENT_ASSETS_TDAYS":0.630134168171,"TOTAL_ASSETS_TDAYS":0.298950834935,"PREMIUM_EXPENSE":null,"LOAN_DEPOSIT":null,"LOAN_EQUITY":null,"LOAN_ASSETS":null,"DEPOSIT_EQUITY":null,"DEPOSIT_ASSETS":null,"EQUITY_MULTIPLIER":6.326296389996,"EQUITY_RATIO":8.729529486067},{"SECUCODE":"03396.HK","SECURITY_CODE":"03396","SECURITY_NAME_ABBR":"联想控股","ORG_CODE":"10004475","STD_REPORT_DATE":"2022-12-31 00:00:00","REPORT_DATE":"2022-12-31 00:00:00","DATE_TYPE_CODE":"001","REPORT_TYPE":"2022年年报","PER_NETCASH_OPERATE":20.181451656542,"PER_OI":205.269652053201,"BPS":26.561669741281,"BASIC_EPS":0.5,"DILUTED_EPS":0.37,"OPERATE_INCOME":483662697000,"OPERATE_INCOME_YOY":-1.2674707054,"GROSS_PROFIT":85453976000,"GROSS_PROFIT_YOY":-0.554904579626,"HOLDER_PROFIT":1167063000,"HOLDER_PROFIT_YOY":-79.7204844718,"GROSS_PROFIT_RATIO":17.668093183544,"EPS_TTM":0.495309267016,"OPERATE_INCOME_QOQ":-3.071850483029,"NET_PROFIT_RATIO":2.1490127447,"ROE_AVG":1.884558607759,"GROSS_PROFIT_QOQ":-2.368800855833,"ROA":0.171405050361,"HOLDER_PROFIT_QOQ":-63.473281224277,"ROE_YEARLY":1.884558607759,"ROIC_YEARLY":0.207700060684,"TOTAL_ASSETS":681074168000,"TOTAL_LIABILITIES":578918542000,"TAX_EBT":19.109349128194,"OCF_SALES":9.831678211892,"TOTAL_PARENT_EQUITY":62585427000,"DEBT_ASSET_RATIO":85.0008074304,"OPERATE_PROFIT":18153288000,"PRETAX_PROFIT":12849412000,"NETCASH_OPERATE":47552160000,"NETCASH_INVEST":-14849805000,"NETCASH_FINANCE":-15043324000,"END_CASH":81159017000,"DIVI_RATIO":null,"DIVIDEND_RATE":null,"CURRENT_RATIO":0.750428768556,"COMMON_ACS":null,"CURRENTDEBT_DEBT":76.869475015019,"ISSUED_COMMON_SHARES":2356230900,"HK_COMMON_SHARES":1271853990,"PER_SHARES":100,"TOTAL_MARKET_CAP":17954479458,"HKSK_MARKET_CAP":9691527403.8,"PE_TTM":-3.831123790514,"PB_TTM":0.294325208422,"REPORT_DATE_SQ":"2021-12-31 00:00:00","REPORT_TYPE_SQ":"2021年年报","OPERATE_INCOME_SQ":489871677000,"DPS_HKD":null,"OPERATE_INCOME_QOQ_SQ":6.201447385037,"NET_PROFIT_RATIO_SQ":3.2760636619,"HOLDER_PROFIT_SQ":5754886000,"HOLDER_PROFIT_QOQ_SQ":-27.35466131643,"ROE_AVG_SQ":9.457165218142,"PE_TTM_SQ":-36.36258300984,"PB_TTM_SQ":0.240967793965,"ROA_SQ":0.863825303835,"START_DATE":"2022-01-01 00:00:00","FISCAL_YEAR":"12-31","CURRENCY":"HKD","IS_CNY_CODE":0,"DPS_HKD_LY":0.4687,"ORG_TYPE":"一般企业","PREMIUM_INCOME":null,"PREMIUM_INCOME_YOY":null,"NET_INTEREST_INCOME":null,"NET_INTEREST_INCOME_YOY":null,"FEE_COMMISSION_INCOME":null,"FEE_COMMISSION_INCOME_YOY":null,"ACCOUNTS_RECE_TDAYS":5.7705348275,"INVENTORY_TDAYS":7.0081990261,"CURRENT_ASSETS_TDAYS":1.398942400988,"TOTAL_ASSETS_TDAYS":0.710349217968,"PREMIUM_EXPENSE":null,"LOAN_DEPOSIT":null,"LOAN_EQUITY":null,"LOAN_ASSETS":null,"DEPOSIT_EQUITY":null,"DEPOSIT_ASSETS":null,"EQUITY_MULTIPLIER":6.66702554394,"EQUITY_RATIO":9.250053403007},{"SECUCODE":"03396.HK","SECURITY_CODE":"03396","SECURITY_NAME_ABBR":"联想控股","ORG_CODE":"10004475","STD_REPORT_DATE":"2022-06-30 00:00:00","REPORT_DATE":"2022-06-30 00:00:00","DATE_TYPE_CODE":"002","REPORT_TYPE":"2022年中报","PER_NETCASH_OPERATE":6.326704229199,"PER_OI":100.874896004462,"BPS":26.974977282575,"BASIC_EPS":0.91,"DILUTED_EPS":0.83,"OPERATE_INCOME":237684547000,"OPERATE_INCOME_YOY":3.9897907325,"GROSS_PROFIT":42134410000,"GROSS_PROFIT_YOY":3.938324771468,"HOLDER_PROFIT":2131427000,"HOLDER_PROFIT_YOY":-54.565604377,"GROSS_PROFIT_RATIO":17.727029599446,"EPS_TTM":1.356019055688,"OPERATE_INCOME_QOQ":1.861564247978,"NET_PROFIT_RATIO":3.0167665885,"ROE_AVG":3.414950399051,"GROSS_PROFIT_QOQ":1.857906378399,"ROA":0.309986351938,"HOLDER_PROFIT_QOQ":-44.480325066387,"ROE_YEARLY":6.829900798101,"ROIC_YEARLY":0.753093971191,"TOTAL_ASSETS":694488563000,"TOTAL_LIABILITIES":593586296000,"TAX_EBT":9.137106461092,"OCF_SALES":6.271832219703,"TOTAL_PARENT_EQUITY":63559275000,"DEBT_ASSET_RATIO":85.47099659,"OPERATE_PROFIT":9900104000,"PRETAX_PROFIT":7891437000,"NETCASH_OPERATE":14907176000,"NETCASH_INVEST":-6999161000,"NETCASH_FINANCE":-11034496000,"END_CASH":57491086000,"DIVI_RATIO":null,"DIVIDEND_RATE":null,"CURRENT_RATIO":0.799419868671,"COMMON_ACS":null,"CURRENTDEBT_DEBT":76.864889077561,"ISSUED_COMMON_SHARES":2356230900,"HK_COMMON_SHARES":1271853990,"PER_SHARES":100,"TOTAL_MARKET_CAP":17954479458,"HKSK_MARKET_CAP":9691527403.8,"PE_TTM":-3.831123790514,"PB_TTM":0.294325208422,"REPORT_DATE_SQ":"2021-06-30 00:00:00","REPORT_TYPE_SQ":"2021年中报","OPERATE_INCOME_SQ":228565271000,"DPS_HKD":null,"OPERATE_INCOME_QOQ_SQ":10.465300510814,"NET_PROFIT_RATIO_SQ":3.813969621,"HOLDER_PROFIT_SQ":4691219000,"HOLDER_PROFIT_QOQ_SQ":104.80533793725,"ROE_AVG_SQ":7.591687763458,"PE_TTM_SQ":-36.36258300984,"PB_TTM_SQ":0.240967793965,"ROA_SQ":0.713625024241,"START_DATE":"2022-01-01 00:00:00","FISCAL_YEAR":"12-31","CURRENCY":"HKD","IS_CNY_CODE":0,"DPS_HKD_LY":0.4687,"ORG_TYPE":"一般企业","PREMIUM_INCOME":null,"PREMIUM_INCOME_YOY":null,"NET_INTEREST_INCOME":null,"NET_INTEREST_INCOME_YOY":null,"FEE_COMMISSION_INCOME":null,"FEE_COMMISSION_INCOME_YOY":null,"ACCOUNTS_RECE_TDAYS":2.626652377574,"INVENTORY_TDAYS":3.220968398995,"CURRENT_ASSETS_TDAYS":0.658166752979,"TOTAL_ASSETS_TDAYS":0.345679048058,"PREMIUM_EXPENSE":null,"LOAN_DEPOSIT":null,"LOAN_EQUITY":null,"LOAN_ASSETS":null,"DEPOSIT_EQUITY":null,"DEPOSIT_ASSETS":null,"EQUITY_MULTIPLIER":6.882784536424,"EQUITY_RATIO":9.339097967999},{"SECUCODE":"03396.HK","SECURITY_CODE":"03396","SECURITY_NAME_ABBR":"联想控股","ORG_CODE":"10004475","STD_REPORT_DATE":"2021-12-31 00:00:00","REPORT_DATE":"2021-12-31 00:00:00","DATE_TYPE_CODE":"001","REPORT_TYPE":"2021年年报","PER_NETCASH_OPERATE":9.408288890533,"PER_OI":207.90478428918,"BPS":26.003346276462,"BASIC_EPS":2.46,"DILUTED_EPS":2.28,"OPERATE_INCOME":489871677000,"OPERATE_INCOME_YOY":17.3157480007,"GROSS_PROFIT":85930810000,"GROSS_PROFIT_YOY":22.157381663018,"HOLDER_PROFIT":5754886000,"HOLDER_PROFIT_YOY":48.7815313865,"GROSS_PROFIT_RATIO":17.541493830843,"EPS_TTM":2.442411734775,"OPERATE_INCOME_QOQ":6.201447385037,"NET_PROFIT_RATIO":3.2760636619,"ROE_AVG":9.457165218142,"GROSS_PROFIT_QOQ":9.412900595236,"ROA":0.863825303835,"HOLDER_PROFIT_QOQ":-27.35466131643,"ROE_YEARLY":9.457165218142,"ROIC_YEARLY":1.025866489916,"TOTAL_ASSETS":680686174000,"TOTAL_LIABILITIES":587875450000,"TAX_EBT":27.350528489162,"OCF_SALES":4.525287343771,"TOTAL_PARENT_EQUITY":61269888000,"DEBT_ASSET_RATIO":86.3651227915,"OPERATE_PROFIT":25977887000,"PRETAX_PROFIT":22090330000,"NETCASH_OPERATE":22168101000,"NETCASH_INVEST":-4881809000,"NETCASH_FINANCE":-24187085000,"END_CASH":59956630000,"DIVI_RATIO":null,"DIVIDEND_RATE":null,"CURRENT_RATIO":0.839382536595,"COMMON_ACS":null,"CURRENTDEBT_DEBT":72.452689425966,"ISSUED_COMMON_SHARES":2356230900,"HK_COMMON_SHARES":1271853990,"PER_SHARES":100,"TOTAL_MARKET_CAP":17954479458,"HKSK_MARKET_CAP":9691527403.8,"PE_TTM":-3.831123790514,"PB_TTM":0.294325208422,"REPORT_DATE_SQ":"2020-12-31 00:00:00","REPORT_TYPE_SQ":"2020年年报","OPERATE_INCOME_SQ":417566853000,"DPS_HKD":null,"OPERATE_INCOME_QOQ_SQ":5.773884664469,"NET_PROFIT_RATIO_SQ":2.1597569192,"HOLDER_PROFIT_SQ":3868011000,"HOLDER_PROFIT_QOQ_SQ":144.86087978745,"ROE_AVG_SQ":5.919447777695,"PE_TTM_SQ":-36.36258300984,"PB_TTM_SQ":0.240967793965,"ROA_SQ":0.606362572756,"START_DATE":"2021-01-01 00:00:00","FISCAL_YEAR":"12-31","CURRENCY":"HKD","IS_CNY_CODE":0,"DPS_HKD_LY":0.436575,"ORG_TYPE":"一般企业","PREMIUM_INCOME":null,"PREMIUM_INCOME_YOY":null,"NET_INTEREST_INCOME":null,"NET_INTEREST_INCOME_YOY":null,"FEE_COMMISSION_INCOME":null,"FEE_COMMISSION_INCOME_YOY":null,"ACCOUNTS_RECE_TDAYS":6.068232054261,"INVENTORY_TDAYS":8.191936099223,"CURRENT_ASSETS_TDAYS":1.4464073584,"TOTAL_ASSETS_TDAYS":0.735311785889,"PREMIUM_EXPENSE":null,"LOAN_DEPOSIT":null,"LOAN_EQUITY":null,"LOAN_ASSETS":null,"DEPOSIT_EQUITY":null,"DEPOSIT_ASSETS":null,"EQUITY_MULTIPLIER":7.334132788351,"EQUITY_RATIO":9.594851062891},{"SECUCODE":"03396.HK","SECURITY_CODE":"03396","SECURITY_NAME_ABBR":"联想控股","ORG_CODE":"10004475","STD_REPORT_DATE":"2021-06-30 00:00:00","REPORT_DATE":"2021-06-30 00:00:00","DATE_TYPE_CODE":"002","REPORT_TYPE":"2021年中报","PER_NETCASH_OPERATE":1.370852067172,"PER_OI":97.0046148703,"BPS":26.143108470397,"BASIC_EPS":2.01,"DILUTED_EPS":1.93,"OPERATE_INCOME":228565271000,"OPERATE_INCOME_YOY":23.6385868234,"GROSS_PROFIT":40537896000,"GROSS_PROFIT_YOY":25.333030918982,"HOLDER_PROFIT":4691219000,"HOLDER_PROFIT_YOY":636.0656920907,"GROSS_PROFIT_RATIO":17.735807291564,"EPS_TTM":3.362103858327,"OPERATE_INCOME_QOQ":10.465300510814,"NET_PROFIT_RATIO":3.813969621,"ROE_AVG":7.591687763458,"GROSS_PROFIT_QOQ":11.648060693436,"ROA":0.713625024241,"HOLDER_PROFIT_QOQ":104.80533793725,"ROE_YEARLY":15.183375526917,"ROIC_YEARLY":1.652720086006,"TOTAL_ASSETS":663024655000,"TOTAL_LIABILITIES":573803731000,"TAX_EBT":26.169300221719,"OCF_SALES":1.413182320248,"TOTAL_PARENT_EQUITY":63153940000,"DEBT_ASSET_RATIO":86.5433474717,"OPERATE_PROFIT":14422084000,"PRETAX_PROFIT":11807297000,"NETCASH_OPERATE":3230044000,"NETCASH_INVEST":-1700234000,"NETCASH_FINANCE":-11831744000,"END_CASH":58155167000,"DIVI_RATIO":null,"DIVIDEND_RATE":null,"CURRENT_RATIO":0.795528715614,"COMMON_ACS":null,"CURRENTDEBT_DEBT":71.304884561652,"ISSUED_COMMON_SHARES":2356230900,"HK_COMMON_SHARES":1271853990,"PER_SHARES":100,"TOTAL_MARKET_CAP":17954479458,"HKSK_MARKET_CAP":9691527403.8,"PE_TTM":-3.831123790514,"PB_TTM":0.294325208422,"REPORT_DATE_SQ":"2020-06-30 00:00:00","REPORT_TYPE_SQ":"2020年中报","OPERATE_INCOME_SQ":184865645000,"DPS_HKD":null,"OPERATE_INCOME_QOQ_SQ":1.427179943437,"NET_PROFIT_RATIO_SQ":1.1925184909,"HOLDER_PROFIT_SQ":637337000,"HOLDER_PROFIT_QOQ_SQ":-56.203977048409,"ROE_AVG_SQ":0.936133973514,"PE_TTM_SQ":-36.36258300984,"PB_TTM_SQ":0.240967793965,"ROA_SQ":0.101019582188,"START_DATE":"2021-01-01 00:00:00","FISCAL_YEAR":"12-31","CURRENCY":"HKD","IS_CNY_CODE":0,"DPS_HKD_LY":0.436575,"ORG_TYPE":"一般企业","PREMIUM_INCOME":null,"PREMIUM_INCOME_YOY":null,"NET_INTEREST_INCOME":null,"NET_INTEREST_INCOME_YOY":null,"FEE_COMMISSION_INCOME":null,"FEE_COMMISSION_INCOME_YOY":null,"ACCOUNTS_RECE_TDAYS":3.260434982579,"INVENTORY_TDAYS":3.966020267842,"CURRENT_ASSETS_TDAYS":0.708362181229,"TOTAL_ASSETS_TDAYS":0.347691926252,"PREMIUM_EXPENSE":null,"LOAN_DEPOSIT":null,"LOAN_EQUITY":null,"LOAN_ASSETS":null,"DEPOSIT_EQUITY":null,"DEPOSIT_ASSETS":null,"EQUITY_MULTIPLIER":7.431268644984,"EQUITY_RATIO":9.085794663009},{"SECUCODE":"03396.HK","SECURITY_CODE":"03396","SECURITY_NAME_ABBR":"联想控股","ORG_CODE":"10004475","STD_REPORT_DATE":"2020-12-31 00:00:00","REPORT_DATE":"2020-12-31 00:00:00","DATE_TYPE_CODE":"001","REPORT_TYPE":"2020年年报","PER_NETCASH_OPERATE":18.14660736348,"PER_OI":177.218138086552,"BPS":25.648743508117,"BASIC_EPS":1.66,"DILUTED_EPS":1.62,"OPERATE_INCOME":417566853000,"OPERATE_INCOME_YOY":7.2834683318,"GROSS_PROFIT":70344345000,"GROSS_PROFIT_YOY":2.432048819064,"HOLDER_PROFIT":3868011000,"HOLDER_PROFIT_YOY":7.2393271112,"GROSS_PROFIT_RATIO":16.846247372035,"EPS_TTM":1.641609487423,"OPERATE_INCOME_QOQ":5.773884664469,"NET_PROFIT_RATIO":2.1597569192,"ROE_AVG":5.919447777695,"GROSS_PROFIT_QOQ":2.149366403017,"ROA":0.606362572756,"HOLDER_PROFIT_QOQ":144.86087978745,"ROE_YEARLY":5.919447777695,"ROIC_YEARLY":0.706222199552,"TOTAL_ASSETS":651732771000,"TOTAL_LIABILITIES":565059573000,"TAX_EBT":28.611168567231,"OCF_SALES":10.239700946761,"TOTAL_PARENT_EQUITY":60434362000,"DEBT_ASSET_RATIO":86.7011140368,"OPERATE_PROFIT":18328965000,"PRETAX_PROFIT":12632829000,"NETCASH_OPERATE":42757597000,"NETCASH_INVEST":-13031723000,"NETCASH_FINANCE":-21274919000,"END_CASH":69718438000,"DIVI_RATIO":null,"DIVIDEND_RATE":null,"CURRENT_RATIO":0.795702663604,"COMMON_ACS":null,"CURRENTDEBT_DEBT":71.136573240571,"ISSUED_COMMON_SHARES":2356230900,"HK_COMMON_SHARES":1271853990,"PER_SHARES":100,"TOTAL_MARKET_CAP":17954479458,"HKSK_MARKET_CAP":9691527403.8,"PE_TTM":-3.831123790514,"PB_TTM":0.294325208422,"REPORT_DATE_SQ":"2019-12-31 00:00:00","REPORT_TYPE_SQ":"2019年年报","OPERATE_INCOME_SQ":389218264000,"DPS_HKD":null,"OPERATE_INCOME_QOQ_SQ":1.974719834919,"NET_PROFIT_RATIO_SQ":2.2171431297,"HOLDER_PROFIT_SQ":3606896000,"HOLDER_PROFIT_QOQ_SQ":-14.038939790966,"ROE_AVG_SQ":5.424758383176,"PE_TTM_SQ":-36.36258300984,"PB_TTM_SQ":0.240967793965,"ROA_SQ":0.610127313535,"START_DATE":"2020-01-01 00:00:00","FISCAL_YEAR":"12-31","CURRENCY":"HKD","IS_CNY_CODE":0,"DPS_HKD_LY":0.361485,"ORG_TYPE":"一般企业","PREMIUM_INCOME":null,"PREMIUM_INCOME_YOY":null,"NET_INTEREST_INCOME":null,"NET_INTEREST_INCOME_YOY":null,"FEE_COMMISSION_INCOME":null,"FEE_COMMISSION_INCOME_YOY":null,"ACCOUNTS_RECE_TDAYS":5.722624334962,"INVENTORY_TDAYS":9.672398895407,"CURRENT_ASSETS_TDAYS":1.361801393384,"TOTAL_ASSETS_TDAYS":0.654592014559,"PREMIUM_EXPENSE":null,"LOAN_DEPOSIT":null,"LOAN_EQUITY":null,"LOAN_ASSETS":null,"DEPOSIT_EQUITY":null,"DEPOSIT_ASSETS":null,"EQUITY_MULTIPLIER":7.519426835956,"EQUITY_RATIO":9.349971676709},{"SECUCODE":"03396.HK","SECURITY_CODE":"03396","SECURITY_NAME_ABBR":"联想控股","ORG_CODE":"10004475","STD_REPORT_DATE":"2020-06-30 00:00:00","REPORT_DATE":"2020-06-30 00:00:00","DATE_TYPE_CODE":"002","REPORT_TYPE":"2020年中报","PER_NETCASH_OPERATE":7.116872968604,"PER_OI":78.458204159873,"BPS":25.083533621429,"BASIC_EPS":0.27,"DILUTED_EPS":0.27,"OPERATE_INCOME":184865645000,"OPERATE_INCOME_YOY":3.0978864631,"GROSS_PROFIT":32344144000,"GROSS_PROFIT_YOY":0.591044395304,"HOLDER_PROFIT":637337000,"HOLDER_PROFIT_YOY":-76.0809305565,"GROSS_PROFIT_RATIO":17.496027452802,"EPS_TTM":0.670425381485,"OPERATE_INCOME_QOQ":1.427179943437,"NET_PROFIT_RATIO":1.1925184909,"ROE_AVG":0.936133973514,"GROSS_PROFIT_QOQ":0.276734380252,"ROA":0.101019582188,"HOLDER_PROFIT_QOQ":-56.203977048409,"ROE_YEARLY":1.872267947028,"ROIC_YEARLY":0.235655975088,"TOTAL_ASSETS":637733628000,"TOTAL_LIABILITIES":547495000000,"TAX_EBT":32.640938584302,"OCF_SALES":9.07090984915,"TOTAL_PARENT_EQUITY":67464494000,"DEBT_ASSET_RATIO":85.8501066844,"OPERATE_PROFIT":7359946000,"PRETAX_PROFIT":3272844000,"NETCASH_OPERATE":16768996000,"NETCASH_INVEST":-5446190000,"NETCASH_FINANCE":-3279794000,"END_CASH":70698362000,"DIVI_RATIO":null,"DIVIDEND_RATE":null,"CURRENT_RATIO":0.788171661242,"COMMON_ACS":null,"CURRENTDEBT_DEBT":71.358782637284,"ISSUED_COMMON_SHARES":2356230900,"HK_COMMON_SHARES":1271853990,"PER_SHARES":100,"TOTAL_MARKET_CAP":17954479458,"HKSK_MARKET_CAP":9691527403.8,"PE_TTM":-3.831123790514,"PB_TTM":0.294325208422,"REPORT_DATE_SQ":"2019-06-30 00:00:00","REPORT_TYPE_SQ":"2019年中报","OPERATE_INCOME_SQ":179310800000,"DPS_HKD":null,"OPERATE_INCOME_QOQ_SQ":6.341656178735,"NET_PROFIT_RATIO_SQ":2.5664667159,"HOLDER_PROFIT_SQ":2664556000,"HOLDER_PROFIT_QOQ_SQ":-3.795920005044,"ROE_AVG_SQ":4.083409248489,"PE_TTM_SQ":-36.36258300984,"PB_TTM_SQ":0.240967793965,"ROA_SQ":0.465641647109,"START_DATE":"2020-01-01 00:00:00","FISCAL_YEAR":"12-31","CURRENCY":"HKD","IS_CNY_CODE":0,"DPS_HKD_LY":0.361485,"ORG_TYPE":"一般企业","PREMIUM_INCOME":null,"PREMIUM_INCOME_YOY":null,"NET_INTEREST_INCOME":null,"NET_INTEREST_INCOME_YOY":null,"FEE_COMMISSION_INCOME":null,"FEE_COMMISSION_INCOME_YOY":null,"ACCOUNTS_RECE_TDAYS":2.741381291301,"INVENTORY_TDAYS":4.343501056361,"CURRENT_ASSETS_TDAYS":0.614845435393,"TOTAL_ASSETS_TDAYS":0.293016884613,"PREMIUM_EXPENSE":null,"LOAN_DEPOSIT":null,"LOAN_EQUITY":null,"LOAN_ASSETS":null,"DEPOSIT_EQUITY":null,"DEPOSIT_ASSETS":null,"EQUITY_MULTIPLIER":7.067191092512,"EQUITY_RATIO":8.115305808119}],"count":25},"success":true,"message":"ok","code":0}