{"version":"62368f039f2f51314cd50921ed637d36","result":{"pages":5,"data":[{"SECUCODE":"03399.HK","SECURITY_CODE":"03399","SECURITY_NAME_ABBR":"粤运交通","ORG_CODE":"10044843","STD_REPORT_DATE":"2024-06-30 00:00:00","REPORT_DATE":"2024-06-30 00:00:00","DATE_TYPE_CODE":"002","REPORT_TYPE":"2024年中报","PER_NETCASH_OPERATE":0.779149934275,"PER_OI":4.594202417747,"BPS":2.482002784017,"BASIC_EPS":0.17,"DILUTED_EPS":0.17,"OPERATE_INCOME":3674662696.59,"OPERATE_INCOME_YOY":5.0424003573,"GROSS_PROFIT":379135301.19,"GROSS_PROFIT_YOY":27.045583016636,"HOLDER_PROFIT":138669235.05,"HOLDER_PROFIT_YOY":13.0756811496,"GROSS_PROFIT_RATIO":10.317553813628,"EPS_TTM":0.27245527034,"OPERATE_INCOME_QOQ":2.440721496265,"NET_PROFIT_RATIO":3.690236156,"ROE_AVG":7.111870177995,"GROSS_PROFIT_QOQ":12.478850902619,"ROA":1.612837345633,"HOLDER_PROFIT_QOQ":7.94265615172,"ROE_YEARLY":14.22374035599,"ROIC_YEARLY":4.188522104754,"TOTAL_ASSETS":8592319210.61,"TOTAL_LIABILITIES":5961857692.15,"TAX_EBT":28.979447214505,"OCF_SALES":16.959416748055,"TOTAL_PARENT_EQUITY":1985224466.39,"DEBT_ASSET_RATIO":69.3858962408,"OPERATE_PROFIT":266443023.8,"PRETAX_PROFIT":190935899.71,"NETCASH_OPERATE":623201360.8,"NETCASH_INVEST":4627337.98,"NETCASH_FINANCE":-223975754.09,"END_CASH":1490210918.05,"DIVI_RATIO":0.292698907606,"DIVIDEND_RATE":5.866666666667,"CURRENT_RATIO":0.998063709156,"COMMON_ACS":null,"CURRENTDEBT_DEBT":46.912503697843,"ISSUED_COMMON_SHARES":799847800,"HK_COMMON_SHARES":207000000,"PER_SHARES":1000,"TOTAL_MARKET_CAP":1199771700,"HKSK_MARKET_CAP":310500000,"PE_TTM":4.963794321461,"PB_TTM":0.551578752778,"REPORT_DATE_SQ":"2023-06-30 00:00:00","REPORT_TYPE_SQ":"2023年中报","OPERATE_INCOME_SQ":3498266113.58,"DPS_HKD":0.088,"OPERATE_INCOME_QOQ_SQ":10.014665968416,"NET_PROFIT_RATIO_SQ":4.1189690001,"HOLDER_PROFIT_SQ":122634003.74,"HOLDER_PROFIT_QOQ_SQ":132.862130842413,"ROE_AVG_SQ":6.95744964883,"PE_TTM_SQ":16.167968473422,"PB_TTM_SQ":0.447985250873,"ROA_SQ":1.330965859486,"START_DATE":"2024-01-01 00:00:00","FISCAL_YEAR":"12-31","CURRENCY":"HKD","IS_CNY_CODE":0,"DPS_HKD_LY":0.088,"ORG_TYPE":"一般企业","PREMIUM_INCOME":null,"PREMIUM_INCOME_YOY":null,"NET_INTEREST_INCOME":null,"NET_INTEREST_INCOME_YOY":null,"FEE_COMMISSION_INCOME":null,"FEE_COMMISSION_INCOME_YOY":null,"ACCOUNTS_RECE_TDAYS":10.637967966956,"INVENTORY_TDAYS":29.196177726942,"CURRENT_ASSETS_TDAYS":1.401112387688,"TOTAL_ASSETS_TDAYS":0.427393518651,"PREMIUM_EXPENSE":null,"LOAN_DEPOSIT":null,"LOAN_EQUITY":null,"LOAN_ASSETS":null,"DEPOSIT_EQUITY":null,"DEPOSIT_ASSETS":null,"EQUITY_MULTIPLIER":3.266468317563,"EQUITY_RATIO":3.00311516057},{"SECUCODE":"03399.HK","SECURITY_CODE":"03399","SECURITY_NAME_ABBR":"粤运交通","ORG_CODE":"10044843","STD_REPORT_DATE":"2023-12-31 00:00:00","REPORT_DATE":"2023-12-31 00:00:00","DATE_TYPE_CODE":"001","REPORT_TYPE":"2023年年报","PER_NETCASH_OPERATE":1.255099968694,"PER_OI":9.035757926283,"BPS":2.393494744088,"BASIC_EPS":0.25,"DILUTED_EPS":0.25,"OPERATE_INCOME":7227231098.67,"OPERATE_INCOME_YOY":24.1893081335,"GROSS_PROFIT":646779736.21,"GROSS_PROFIT_YOY":256.213136823524,"HOLDER_PROFIT":201887517.27,"HOLDER_PROFIT_YOY":234.212858575,"GROSS_PROFIT_RATIO":8.949205129597,"EPS_TTM":0.252407417099,"OPERATE_INCOME_QOQ":12.884320504268,"NET_PROFIT_RATIO":2.9586274591,"ROE_AVG":11.177224404309,"GROSS_PROFIT_QOQ":97.141328661768,"ROA":2.265984091184,"HOLDER_PROFIT_QOQ":308.411917104925,"ROE_YEARLY":11.177224404309,"ROIC_YEARLY":2.829239754484,"TOTAL_ASSETS":8603368305.61,"TOTAL_LIABILITIES":5986462949.38,"TAX_EBT":28.381802006366,"OCF_SALES":13.890367348634,"TOTAL_PARENT_EQUITY":1914431505.37,"DEBT_ASSET_RATIO":69.5827812634,"OPERATE_PROFIT":478849837.78,"PRETAX_PROFIT":298564959.48,"NETCASH_OPERATE":1003888948.74,"NETCASH_INVEST":-35703302.39,"NETCASH_FINANCE":-827994425.85,"END_CASH":1085764984.96,"DIVI_RATIO":0.315946975397,"DIVIDEND_RATE":6.717557251908,"CURRENT_RATIO":0.958407634257,"COMMON_ACS":null,"CURRENTDEBT_DEBT":42.76986946349,"ISSUED_COMMON_SHARES":799847800,"HK_COMMON_SHARES":207000000,"PER_SHARES":1000,"TOTAL_MARKET_CAP":1047800618,"HKSK_MARKET_CAP":271170000,"PE_TTM":4.335047040743,"PB_TTM":0.48171211076,"REPORT_DATE_SQ":"2022-12-31 00:00:00","REPORT_TYPE_SQ":"2022年年报","OPERATE_INCOME_SQ":5819527628.66,"DPS_HKD":0.088,"OPERATE_INCOME_QOQ_SQ":-4.490263345414,"NET_PROFIT_RATIO_SQ":-3.5910265538,"HOLDER_PROFIT_SQ":-150423379.26,"HOLDER_PROFIT_QOQ_SQ":36.52708291406,"ROE_AVG_SQ":-8.455551759563,"PE_TTM_SQ":16.75059796796,"PB_TTM_SQ":0.464128863517,"ROA_SQ":-1.522562794813,"START_DATE":"2023-01-01 00:00:00","FISCAL_YEAR":"12-31","CURRENCY":"HKD","IS_CNY_CODE":0,"DPS_HKD_LY":null,"ORG_TYPE":"一般企业","PREMIUM_INCOME":null,"PREMIUM_INCOME_YOY":null,"NET_INTEREST_INCOME":null,"NET_INTEREST_INCOME_YOY":null,"FEE_COMMISSION_INCOME":null,"FEE_COMMISSION_INCOME_YOY":null,"ACCOUNTS_RECE_TDAYS":20.32416338356,"INVENTORY_TDAYS":59.512038722137,"CURRENT_ASSETS_TDAYS":3.069073602155,"TOTAL_ASSETS_TDAYS":0.811183916388,"PREMIUM_EXPENSE":null,"LOAN_DEPOSIT":null,"LOAN_EQUITY":null,"LOAN_ASSETS":null,"DEPOSIT_EQUITY":null,"DEPOSIT_ASSETS":null,"EQUITY_MULTIPLIER":3.287611561923,"EQUITY_RATIO":3.12701861236},{"SECUCODE":"03399.HK","SECURITY_CODE":"03399","SECURITY_NAME_ABBR":"粤运交通","ORG_CODE":"10044843","STD_REPORT_DATE":"2023-06-30 00:00:00","REPORT_DATE":"2023-06-30 00:00:00","DATE_TYPE_CODE":"002","REPORT_TYPE":"2023年中报","PER_NETCASH_OPERATE":0.49448473262,"PER_OI":4.37366473169,"BPS":2.284445298155,"BASIC_EPS":0.15,"DILUTED_EPS":0.15,"OPERATE_INCOME":3498266113.58,"OPERATE_INCOME_YOY":19.990199859,"GROSS_PROFIT":298424622.24,"GROSS_PROFIT_YOY":96.440035996162,"HOLDER_PROFIT":122634003.74,"HOLDER_PROFIT_YOY":258.807690857,"GROSS_PROFIT_RATIO":8.530643826138,"EPS_TTM":0.0618021675,"OPERATE_INCOME_QOQ":10.014665968416,"NET_PROFIT_RATIO":4.1189690001,"ROE_AVG":6.95744964883,"GROSS_PROFIT_QOQ":80.689223939782,"ROA":1.330965859486,"HOLDER_PROFIT_QOQ":132.862130842413,"ROE_YEARLY":13.914899297661,"ROIC_YEARLY":3.305318820123,"TOTAL_ASSETS":9212219002.21,"TOTAL_LIABILITIES":6578418148.79,"TAX_EBT":19.067882955291,"OCF_SALES":11.305958800123,"TOTAL_PARENT_EQUITY":1827208545.95,"DEBT_ASSET_RATIO":71.4097021273,"OPERATE_PROFIT":264614333.3,"PRETAX_PROFIT":178041180.71,"NETCASH_OPERATE":395512525.52,"NETCASH_INVEST":-20823657.09,"NETCASH_FINANCE":-292816238.99,"END_CASH":1028204013.3,"DIVI_RATIO":1.290365099253,"DIVIDEND_RATE":6.717557251908,"CURRENT_RATIO":0.817618693503,"COMMON_ACS":null,"CURRENTDEBT_DEBT":45.922911843718,"ISSUED_COMMON_SHARES":799847800,"HK_COMMON_SHARES":207000000,"PER_SHARES":1000,"TOTAL_MARKET_CAP":1047800618,"HKSK_MARKET_CAP":271170000,"PE_TTM":4.335047040743,"PB_TTM":0.48171211076,"REPORT_DATE_SQ":"2022-06-30 00:00:00","REPORT_TYPE_SQ":"2022年中报","OPERATE_INCOME_SQ":2915459860.63,"DPS_HKD":0.088,"OPERATE_INCOME_QOQ_SQ":-2.829184848491,"NET_PROFIT_RATIO_SQ":-3.6758038978,"HOLDER_PROFIT_SQ":-77221703.23,"HOLDER_PROFIT_QOQ_SQ":-7.560566957569,"ROE_AVG_SQ":-4.255108764776,"PE_TTM_SQ":16.75059796796,"PB_TTM_SQ":0.464128863517,"ROA_SQ":-0.744915639149,"START_DATE":"2023-01-01 00:00:00","FISCAL_YEAR":"12-31","CURRENCY":"HKD","IS_CNY_CODE":0,"DPS_HKD_LY":null,"ORG_TYPE":"一般企业","PREMIUM_INCOME":null,"PREMIUM_INCOME_YOY":null,"NET_INTEREST_INCOME":null,"NET_INTEREST_INCOME_YOY":null,"FEE_COMMISSION_INCOME":null,"FEE_COMMISSION_INCOME_YOY":null,"ACCOUNTS_RECE_TDAYS":8.922232191144,"INVENTORY_TDAYS":30.313498357938,"CURRENT_ASSETS_TDAYS":1.480486587764,"TOTAL_ASSETS_TDAYS":0.37967224608,"PREMIUM_EXPENSE":null,"LOAN_DEPOSIT":null,"LOAN_EQUITY":null,"LOAN_ASSETS":null,"DEPOSIT_EQUITY":null,"DEPOSIT_ASSETS":null,"EQUITY_MULTIPLIER":3.497690036153,"EQUITY_RATIO":3.600255790928},{"SECUCODE":"03399.HK","SECURITY_CODE":"03399","SECURITY_NAME_ABBR":"粤运交通","ORG_CODE":"10044843","STD_REPORT_DATE":"2022-12-31 00:00:00","REPORT_DATE":"2022-12-31 00:00:00","DATE_TYPE_CODE":"001","REPORT_TYPE":"2022年年报","PER_NETCASH_OPERATE":1.013739722382,"PER_OI":7.275793755587,"BPS":2.12296494158,"BASIC_EPS":-0.19,"DILUTED_EPS":-0.19,"OPERATE_INCOME":5819527628.66,"OPERATE_INCOME_YOY":-7.2013900097,"GROSS_PROFIT":181570994.82,"GROSS_PROFIT_YOY":-55.452110530772,"HOLDER_PROFIT":-150423379.26,"HOLDER_PROFIT_YOY":31.7226084738,"GROSS_PROFIT_RATIO":3.120029775712,"EPS_TTM":-0.188065003442,"OPERATE_INCOME_QOQ":-4.490263345414,"NET_PROFIT_RATIO":-3.5910265538,"ROE_AVG":-8.455551759563,"GROSS_PROFIT_QOQ":-47.542539422667,"ROA":-1.522562794813,"HOLDER_PROFIT_QOQ":36.52708291406,"ROE_YEARLY":-8.455551759563,"ROIC_YEARLY":-1.899518730674,"TOTAL_ASSETS":9215602097.18,"TOTAL_LIABILITIES":6733846620.99,"TAX_EBT":-1059.04971841623,"OCF_SALES":13.933046433645,"TOTAL_PARENT_EQUITY":1698048838,"DEBT_ASSET_RATIO":73.0700669363,"OPERATE_PROFIT":200643688.46,"PRETAX_PROFIT":-18030355.31,"NETCASH_OPERATE":810837486.72,"NETCASH_INVEST":63273954.74,"NETCASH_FINANCE":-1179417193.02,"END_CASH":945099019.66,"DIVI_RATIO":-0.424041467261,"DIVIDEND_RATE":6.717557251908,"CURRENT_RATIO":0.63245795947,"COMMON_ACS":null,"CURRENTDEBT_DEBT":52.967178678858,"ISSUED_COMMON_SHARES":799847800,"HK_COMMON_SHARES":207000000,"PER_SHARES":1000,"TOTAL_MARKET_CAP":1047800618,"HKSK_MARKET_CAP":271170000,"PE_TTM":4.335047040743,"PB_TTM":0.48171211076,"REPORT_DATE_SQ":"2021-12-31 00:00:00","REPORT_TYPE_SQ":"2021年年报","OPERATE_INCOME_SQ":6271136635.85,"DPS_HKD":0.088,"OPERATE_INCOME_QOQ_SQ":3.198876819203,"NET_PROFIT_RATIO_SQ":-5.156810419,"HOLDER_PROFIT_SQ":-220312135.39,"HOLDER_PROFIT_QOQ_SQ":-23.421900585605,"ROE_AVG_SQ":-11.239257714242,"PE_TTM_SQ":16.75059796796,"PB_TTM_SQ":0.464128863517,"ROA_SQ":-2.040436936408,"START_DATE":"2022-01-01 00:00:00","FISCAL_YEAR":"12-31","CURRENCY":"HKD","IS_CNY_CODE":0,"DPS_HKD_LY":null,"ORG_TYPE":"一般企业","PREMIUM_INCOME":null,"PREMIUM_INCOME_YOY":null,"NET_INTEREST_INCOME":null,"NET_INTEREST_INCOME_YOY":null,"FEE_COMMISSION_INCOME":null,"FEE_COMMISSION_INCOME_YOY":null,"ACCOUNTS_RECE_TDAYS":15.608628087835,"INVENTORY_TDAYS":53.701084331706,"CURRENT_ASSETS_TDAYS":2.45082201588,"TOTAL_ASSETS_TDAYS":0.589043823797,"PREMIUM_EXPENSE":null,"LOAN_DEPOSIT":null,"LOAN_EQUITY":null,"LOAN_ASSETS":null,"DEPOSIT_EQUITY":null,"DEPOSIT_ASSETS":null,"EQUITY_MULTIPLIER":3.713340087532,"EQUITY_RATIO":3.965637778075},{"SECUCODE":"03399.HK","SECURITY_CODE":"03399","SECURITY_NAME_ABBR":"粤运交通","ORG_CODE":"10044843","STD_REPORT_DATE":"2022-06-30 00:00:00","REPORT_DATE":"2022-06-30 00:00:00","DATE_TYPE_CODE":"002","REPORT_TYPE":"2022年中报","PER_NETCASH_OPERATE":0.159855816794,"PER_OI":3.645018290517,"BPS":2.224346906524,"BASIC_EPS":-0.1,"DILUTED_EPS":-0.1,"OPERATE_INCOME":2915459860.63,"OPERATE_INCOME_YOY":-5.7366789602,"GROSS_PROFIT":151916395.62,"GROSS_PROFIT_YOY":-28.465357867131,"HOLDER_PROFIT":-77221703.23,"HOLDER_PROFIT_YOY":-27.4141548146,"GROSS_PROFIT_RATIO":5.197771810991,"EPS_TTM":-0.296291728939,"OPERATE_INCOME_QOQ":-2.829184848491,"NET_PROFIT_RATIO":-3.6758038978,"ROE_AVG":-4.255108764776,"GROSS_PROFIT_QOQ":-14.951456381049,"ROA":-0.744915639149,"HOLDER_PROFIT_QOQ":-7.560566957569,"ROE_YEARLY":-8.510217529553,"ROIC_YEARLY":-1.867609732764,"TOTAL_ASSETS":10243466226.8,"TOTAL_LIABILITIES":7593345324.37,"TAX_EBT":-36.755871525042,"OCF_SALES":4.386196094566,"TOTAL_PARENT_EQUITY":1779138979.62,"DEBT_ASSET_RATIO":74.1286704739,"OPERATE_PROFIT":30056364.96,"PRETAX_PROFIT":-78205402.64,"NETCASH_OPERATE":128172962.52,"NETCASH_INVEST":-85840245.62,"NETCASH_FINANCE":-155792656.5,"END_CASH":1139319791.64,"DIVI_RATIO":-0.269151488925,"DIVIDEND_RATE":6.717557251908,"CURRENT_RATIO":0.740933366685,"COMMON_ACS":null,"CURRENTDEBT_DEBT":47.68078919393,"ISSUED_COMMON_SHARES":799847800,"HK_COMMON_SHARES":207000000,"PER_SHARES":1000,"TOTAL_MARKET_CAP":1047800618,"HKSK_MARKET_CAP":271170000,"PE_TTM":4.335047040743,"PB_TTM":0.48171211076,"REPORT_DATE_SQ":"2021-06-30 00:00:00","REPORT_TYPE_SQ":"2021年中报","OPERATE_INCOME_SQ":3092466602.37,"DPS_HKD":0.088,"OPERATE_INCOME_QOQ_SQ":8.7837415062,"NET_PROFIT_RATIO_SQ":-4.0093764481,"HOLDER_PROFIT_SQ":-60764972.12,"HOLDER_PROFIT_QOQ_SQ":22.110364942892,"ROE_AVG_SQ":-2.973694045589,"PE_TTM_SQ":16.75059796796,"PB_TTM_SQ":0.464128863517,"ROA_SQ":-0.559747208877,"START_DATE":"2022-01-01 00:00:00","FISCAL_YEAR":"12-31","CURRENCY":"HKD","IS_CNY_CODE":0,"DPS_HKD_LY":null,"ORG_TYPE":"一般企业","PREMIUM_INCOME":null,"PREMIUM_INCOME_YOY":null,"NET_INTEREST_INCOME":null,"NET_INTEREST_INCOME_YOY":null,"FEE_COMMISSION_INCOME":null,"FEE_COMMISSION_INCOME_YOY":null,"ACCOUNTS_RECE_TDAYS":7.511961361151,"INVENTORY_TDAYS":27.570572841404,"CURRENT_ASSETS_TDAYS":1.12641227835,"TOTAL_ASSETS_TDAYS":0.28046835423,"PREMIUM_EXPENSE":null,"LOAN_DEPOSIT":null,"LOAN_EQUITY":null,"LOAN_ASSETS":null,"DEPOSIT_EQUITY":null,"DEPOSIT_ASSETS":null,"EQUITY_MULTIPLIER":3.865282605562,"EQUITY_RATIO":4.267988848174},{"SECUCODE":"03399.HK","SECURITY_CODE":"03399","SECURITY_NAME_ABBR":"粤运交通","ORG_CODE":"10044843","STD_REPORT_DATE":"2021-12-31 00:00:00","REPORT_DATE":"2021-12-31 00:00:00","DATE_TYPE_CODE":"001","REPORT_TYPE":"2021年年报","PER_NETCASH_OPERATE":1.133019776512,"PER_OI":7.840412433278,"BPS":2.312229399681,"BASIC_EPS":-0.28,"DILUTED_EPS":-0.28,"OPERATE_INCOME":6271136635.85,"OPERATE_INCOME_YOY":12.2635993963,"GROSS_PROFIT":407586076.43,"GROSS_PROFIT_YOY":53.489302577385,"HOLDER_PROFIT":-220312135.39,"HOLDER_PROFIT_YOY":3.8671320533,"GROSS_PROFIT_RATIO":6.490349565873,"EPS_TTM":-0.275465012244,"OPERATE_INCOME_QOQ":3.198876819203,"NET_PROFIT_RATIO":-5.156810419,"ROE_AVG":-11.239257714242,"GROSS_PROFIT_QOQ":-10.833407293498,"ROA":-2.040436936408,"HOLDER_PROFIT_QOQ":-23.421900585605,"ROE_YEARLY":-11.239257714242,"ROIC_YEARLY":-2.579758346598,"TOTAL_ASSETS":10554448679.05,"TOTAL_LIABILITIES":7801240587.15,"TAX_EBT":-33.6815789878,"OCF_SALES":14.452421003594,"TOTAL_PARENT_EQUITY":1859930192.52,"DEBT_ASSET_RATIO":73.9870539929,"OPERATE_PROFIT":-13398154.05,"PRETAX_PROFIT":-241874304.11,"NETCASH_OPERATE":906243375.6,"NETCASH_INVEST":-422234131.2,"NETCASH_FINANCE":-470914810.59,"END_CASH":1249403735.59,"DIVI_RATIO":-0.289500867462,"DIVIDEND_RATE":6.717557251908,"CURRENT_RATIO":0.686005814562,"COMMON_ACS":null,"CURRENTDEBT_DEBT":46.591828806011,"ISSUED_COMMON_SHARES":799847800,"HK_COMMON_SHARES":207000000,"PER_SHARES":1000,"TOTAL_MARKET_CAP":1047800618,"HKSK_MARKET_CAP":271170000,"PE_TTM":4.335047040743,"PB_TTM":0.48171211076,"REPORT_DATE_SQ":"2020-12-31 00:00:00","REPORT_TYPE_SQ":"2020年年报","OPERATE_INCOME_SQ":5585541441.01,"DPS_HKD":0.088,"OPERATE_INCOME_QOQ_SQ":-6.530044630138,"NET_PROFIT_RATIO_SQ":-5.6426814062,"HOLDER_PROFIT_SQ":-229193291.25,"HOLDER_PROFIT_QOQ_SQ":-1716.57888591442,"ROE_AVG_SQ":-10.440163741442,"PE_TTM_SQ":16.75059796796,"PB_TTM_SQ":0.464128863517,"ROA_SQ":-2.069676954123,"START_DATE":"2021-01-01 00:00:00","FISCAL_YEAR":"12-31","CURRENCY":"HKD","IS_CNY_CODE":0,"DPS_HKD_LY":null,"ORG_TYPE":"一般企业","PREMIUM_INCOME":null,"PREMIUM_INCOME_YOY":null,"NET_INTEREST_INCOME":null,"NET_INTEREST_INCOME_YOY":null,"FEE_COMMISSION_INCOME":null,"FEE_COMMISSION_INCOME_YOY":null,"ACCOUNTS_RECE_TDAYS":16.162196203648,"INVENTORY_TDAYS":52.904666965084,"CURRENT_ASSETS_TDAYS":2.484096118324,"TOTAL_ASSETS_TDAYS":0.580702395195,"PREMIUM_EXPENSE":null,"LOAN_DEPOSIT":null,"LOAN_EQUITY":null,"LOAN_ASSETS":null,"DEPOSIT_EQUITY":null,"DEPOSIT_ASSETS":null,"EQUITY_MULTIPLIER":3.84423970944,"EQUITY_RATIO":4.194372788035},{"SECUCODE":"03399.HK","SECURITY_CODE":"03399","SECURITY_NAME_ABBR":"粤运交通","ORG_CODE":"10044843","STD_REPORT_DATE":"2021-06-30 00:00:00","REPORT_DATE":"2021-06-30 00:00:00","DATE_TYPE_CODE":"002","REPORT_TYPE":"2021年中报","PER_NETCASH_OPERATE":0.63774287927,"PER_OI":3.866318820118,"BPS":2.519907803085,"BASIC_EPS":-0.08,"DILUTED_EPS":-0.08,"OPERATE_INCOME":3092466602.37,"OPERATE_INCOME_YOY":18.8565855996,"GROSS_PROFIT":212367590.15,"GROSS_PROFIT_YOY":888.275012825093,"HOLDER_PROFIT":-60764972.12,"HOLDER_PROFIT_YOY":45.4731430863,"GROSS_PROFIT_RATIO":6.867255736481,"EPS_TTM":-0.223189734509,"OPERATE_INCOME_QOQ":8.7837415062,"NET_PROFIT_RATIO":-4.0093764481,"ROE_AVG":-2.973694045589,"GROSS_PROFIT_QOQ":71.881419128566,"ROA":-0.559747208877,"HOLDER_PROFIT_QOQ":22.110364942892,"ROE_YEARLY":-5.947388091178,"ROIC_YEARLY":-1.419467497811,"TOTAL_ASSETS":10658846379.04,"TOTAL_LIABILITIES":7669641460.97,"TAX_EBT":-73.645741420313,"OCF_SALES":16.494834206425,"TOTAL_PARENT_EQUITY":2015542712.5,"DEBT_ASSET_RATIO":71.9556431177,"OPERATE_PROFIT":48739821.51,"PRETAX_PROFIT":-71403206.67,"NETCASH_OPERATE":510097238.95,"NETCASH_INVEST":-212575954.52,"NETCASH_FINANCE":-272168987.02,"END_CASH":1263975382.93,"DIVI_RATIO":-0.357307472834,"DIVIDEND_RATE":6.717557251908,"CURRENT_RATIO":0.819981034669,"COMMON_ACS":null,"CURRENTDEBT_DEBT":39.086836951187,"ISSUED_COMMON_SHARES":799847800,"HK_COMMON_SHARES":207000000,"PER_SHARES":1000,"TOTAL_MARKET_CAP":1047800618,"HKSK_MARKET_CAP":271170000,"PE_TTM":4.335047040743,"PB_TTM":0.48171211076,"REPORT_DATE_SQ":"2020-06-30 00:00:00","REPORT_TYPE_SQ":"2020年中报","OPERATE_INCOME_SQ":2601847080.47,"DPS_HKD":0.088,"OPERATE_INCOME_QOQ_SQ":-10.236289037482,"NET_PROFIT_RATIO_SQ":-7.0131435079,"HOLDER_PROFIT_SQ":-111440445.24,"HOLDER_PROFIT_QOQ_SQ":-104.137047896409,"ROE_AVG_SQ":-4.914747334985,"PE_TTM_SQ":16.75059796796,"PB_TTM_SQ":0.464128863517,"ROA_SQ":-0.999090938501,"START_DATE":"2021-01-01 00:00:00","FISCAL_YEAR":"12-31","CURRENCY":"HKD","IS_CNY_CODE":0,"DPS_HKD_LY":null,"ORG_TYPE":"一般企业","PREMIUM_INCOME":null,"PREMIUM_INCOME_YOY":null,"NET_INTEREST_INCOME":null,"NET_INTEREST_INCOME_YOY":null,"FEE_COMMISSION_INCOME":null,"FEE_COMMISSION_INCOME_YOY":null,"ACCOUNTS_RECE_TDAYS":7.800929736216,"INVENTORY_TDAYS":24.799216421608,"CURRENT_ASSETS_TDAYS":1.233665450568,"TOTAL_ASSETS_TDAYS":0.284867990362,"PREMIUM_EXPENSE":null,"LOAN_DEPOSIT":null,"LOAN_EQUITY":null,"LOAN_ASSETS":null,"DEPOSIT_EQUITY":null,"DEPOSIT_ASSETS":null,"EQUITY_MULTIPLIER":3.56577975454,"EQUITY_RATIO":3.805248786545},{"SECUCODE":"03399.HK","SECURITY_CODE":"03399","SECURITY_NAME_ABBR":"粤运交通","ORG_CODE":"10044843","STD_REPORT_DATE":"2020-12-31 00:00:00","REPORT_DATE":"2020-12-31 00:00:00","DATE_TYPE_CODE":"001","REPORT_TYPE":"2020年年报","PER_NETCASH_OPERATE":1.432926863923,"PER_OI":6.983255365596,"BPS":2.589606989292,"BASIC_EPS":-0.29,"DILUTED_EPS":-0.29,"OPERATE_INCOME":5585541441.01,"OPERATE_INCOME_YOY":-16.097899425,"GROSS_PROFIT":265546894.53,"GROSS_PROFIT_YOY":-74.787070924795,"HOLDER_PROFIT":-229193291.25,"HOLDER_PROFIT_YOY":-175.1527385863,"GROSS_PROFIT_RATIO":4.754183588726,"EPS_TTM":-0.286546129464,"OPERATE_INCOME_QOQ":-6.530044630138,"NET_PROFIT_RATIO":-5.6426814062,"ROE_AVG":-10.440163741442,"GROSS_PROFIT_QOQ":-42.749086555155,"ROA":-2.069676954123,"HOLDER_PROFIT_QOQ":-1716.57888591442,"ROE_YEARLY":-10.440163741442,"ROIC_YEARLY":-2.6248165895,"TOTAL_ASSETS":11052730259.95,"TOTAL_LIABILITIES":7902617170,"TAX_EBT":-32.094864222165,"OCF_SALES":20.519468197926,"TOTAL_PARENT_EQUITY":2071291453.25,"DEBT_ASSET_RATIO":71.4992312681,"OPERATE_PROFIT":-8623103.41,"PRETAX_PROFIT":-238596943.33,"NETCASH_OPERATE":1146123399.67,"NETCASH_INVEST":-773748332.31,"NETCASH_FINANCE":-287759809.25,"END_CASH":1241551487.41,"DIVI_RATIO":-0.278305486622,"DIVIDEND_RATE":6.717557251908,"CURRENT_RATIO":0.826048264761,"COMMON_ACS":null,"CURRENTDEBT_DEBT":39.144104501016,"ISSUED_COMMON_SHARES":799847800,"HK_COMMON_SHARES":207000000,"PER_SHARES":1000,"TOTAL_MARKET_CAP":1047800618,"HKSK_MARKET_CAP":271170000,"PE_TTM":4.335047040743,"PB_TTM":0.48171211076,"REPORT_DATE_SQ":"2019-12-31 00:00:00","REPORT_TYPE_SQ":"2019年年报","OPERATE_INCOME_SQ":6657212873.97,"DPS_HKD":0.088,"OPERATE_INCOME_QOQ_SQ":6.079250564733,"NET_PROFIT_RATIO_SQ":5.4840322776,"HOLDER_PROFIT_SQ":304969979.22,"HOLDER_PROFIT_QOQ_SQ":-3.09983795204,"ROE_AVG_SQ":13.025572240794,"PE_TTM_SQ":16.75059796796,"PB_TTM_SQ":0.464128863517,"ROA_SQ":3.119687739731,"START_DATE":"2020-01-01 00:00:00","FISCAL_YEAR":"12-31","CURRENCY":"HKD","IS_CNY_CODE":0,"DPS_HKD_LY":null,"ORG_TYPE":"一般企业","PREMIUM_INCOME":null,"PREMIUM_INCOME_YOY":null,"NET_INTEREST_INCOME":null,"NET_INTEREST_INCOME_YOY":null,"FEE_COMMISSION_INCOME":null,"FEE_COMMISSION_INCOME_YOY":null,"ACCOUNTS_RECE_TDAYS":14.306116044439,"INVENTORY_TDAYS":50.155170834489,"CURRENT_ASSETS_TDAYS":2.204303377539,"TOTAL_ASSETS_TDAYS":0.504389388263,"PREMIUM_EXPENSE":null,"LOAN_DEPOSIT":null,"LOAN_EQUITY":null,"LOAN_ASSETS":null,"DEPOSIT_EQUITY":null,"DEPOSIT_ASSETS":null,"EQUITY_MULTIPLIER":3.5086772901,"EQUITY_RATIO":3.815309119149},{"SECUCODE":"03399.HK","SECURITY_CODE":"03399","SECURITY_NAME_ABBR":"粤运交通","ORG_CODE":"10044843","STD_REPORT_DATE":"2020-06-30 00:00:00","REPORT_DATE":"2020-06-30 00:00:00","DATE_TYPE_CODE":"002","REPORT_TYPE":"2020年中报","PER_NETCASH_OPERATE":0.440353514244,"PER_OI":3.252927720086,"BPS":2.77005851417,"BASIC_EPS":-0.14,"DILUTED_EPS":-0.14,"OPERATE_INCOME":2601847080.47,"OPERATE_INCOME_YOY":-20.7550889511,"GROSS_PROFIT":21488713.91,"GROSS_PROFIT_YOY":-96.482311070343,"HOLDER_PROFIT":-111440445.24,"HOLDER_PROFIT_YOY":-154.058914314,"GROSS_PROFIT_RATIO":0.825902262716,"EPS_TTM":-0.01577394363,"OPERATE_INCOME_QOQ":-10.236289037482,"NET_PROFIT_RATIO":-7.0131435079,"ROE_AVG":-4.914747334985,"GROSS_PROFIT_QOQ":-55.960651877643,"ROA":-0.999090938501,"HOLDER_PROFIT_QOQ":-104.137047896409,"ROE_YEARLY":-9.829494669971,"ROIC_YEARLY":-2.527843703061,"TOTAL_ASSETS":11213363245.66,"TOTAL_LIABILITIES":7852528477.72,"TAX_EBT":-2.88565725453,"OCF_SALES":13.537144140169,"TOTAL_PARENT_EQUITY":2215625208.43,"DEBT_ASSET_RATIO":70.028307348,"OPERATE_PROFIT":-64331366.29,"PRETAX_PROFIT":-177353456.72,"NETCASH_OPERATE":352215789.59,"NETCASH_INVEST":-413786178.96,"NETCASH_FINANCE":59368427.51,"END_CASH":1164678375.98,"DIVI_RATIO":-5.055638708315,"DIVIDEND_RATE":6.717557251908,"CURRENT_RATIO":0.757057413693,"COMMON_ACS":null,"CURRENTDEBT_DEBT":45.152011314698,"ISSUED_COMMON_SHARES":799847800,"HK_COMMON_SHARES":207000000,"PER_SHARES":1000,"TOTAL_MARKET_CAP":1047800618,"HKSK_MARKET_CAP":271170000,"PE_TTM":4.335047040743,"PB_TTM":0.48171211076,"REPORT_DATE_SQ":"2019-06-30 00:00:00","REPORT_TYPE_SQ":"2019年中报","OPERATE_INCOME_SQ":3283298632.09,"DPS_HKD":0.088,"OPERATE_INCOME_QOQ_SQ":-0.309977442968,"NET_PROFIT_RATIO_SQ":7.4022543614,"HOLDER_PROFIT_SQ":206146288.09,"HOLDER_PROFIT_QOQ_SQ":-3.866965086541,"ROE_AVG_SQ":7.974931736099,"PE_TTM_SQ":16.75059796796,"PB_TTM_SQ":0.464128863517,"ROA_SQ":1.972988618124,"START_DATE":"2020-01-01 00:00:00","FISCAL_YEAR":"12-31","CURRENCY":"HKD","IS_CNY_CODE":0,"DPS_HKD_LY":null,"ORG_TYPE":"一般企业","PREMIUM_INCOME":null,"PREMIUM_INCOME_YOY":null,"NET_INTEREST_INCOME":null,"NET_INTEREST_INCOME_YOY":null,"FEE_COMMISSION_INCOME":null,"FEE_COMMISSION_INCOME_YOY":null,"ACCOUNTS_RECE_TDAYS":6.187941030368,"INVENTORY_TDAYS":26.313076075548,"CURRENT_ASSETS_TDAYS":1.001336172193,"TOTAL_ASSETS_TDAYS":0.233261975566,"PREMIUM_EXPENSE":null,"LOAN_DEPOSIT":null,"LOAN_EQUITY":null,"LOAN_ASSETS":null,"DEPOSIT_EQUITY":null,"DEPOSIT_ASSETS":null,"EQUITY_MULTIPLIER":3.336481564825,"EQUITY_RATIO":3.544159205195}],"count":42},"success":true,"message":"ok","code":0}