{"version":"5a6551be805d1e49b9e883fb434ab67b","result":{"pages":5,"data":[{"SECUCODE":"03398.HK","SECURITY_CODE":"03398","SECURITY_NAME_ABBR":"华鼎控股","ORG_CODE":"10010860","STD_REPORT_DATE":"2024-06-30 00:00:00","REPORT_DATE":"2024-06-30 00:00:00","DATE_TYPE_CODE":"002","REPORT_TYPE":"2024年中报","PER_NETCASH_OPERATE":-0.017578001789,"PER_OI":0.343345203822,"BPS":0.793048141182,"BASIC_EPS":-0.061332096,"DILUTED_EPS":-0.061332096,"OPERATE_INCOME":720962439.2,"OPERATE_INCOME_YOY":-3.655279238,"GROSS_PROFIT":131449649.68,"GROSS_PROFIT_YOY":-12.01628457948,"HOLDER_PROFIT":-128860376.52,"HOLDER_PROFIT_YOY":-53.9297667979,"GROSS_PROFIT_RATIO":18.232523989164,"EPS_TTM":-0.177118062946,"OPERATE_INCOME_QOQ":-2.320810873419,"NET_PROFIT_RATIO":-18.0368129225,"ROE_AVG":-7.402312144486,"GROSS_PROFIT_QOQ":-6.24058361936,"ROA":-4.184321264736,"HOLDER_PROFIT_QOQ":-13.519724737566,"ROE_YEARLY":-14.804624288973,"ROIC_YEARLY":-9.270606751688,"TOTAL_ASSETS":3049563239.04,"TOTAL_LIABILITIES":1373085989.4,"TAX_EBT":24.830118600431,"OCF_SALES":-5.119629338937,"TOTAL_PARENT_EQUITY":1665256761.72,"DEBT_ASSET_RATIO":45.025660456,"OPERATE_PROFIT":-164593623.88,"PRETAX_PROFIT":-172993017.92,"NETCASH_OPERATE":-36910604.56,"NETCASH_INVEST":-86093104.4,"NETCASH_FINANCE":142013920.68,"END_CASH":293810858.28,"DIVI_RATIO":null,"DIVIDEND_RATE":null,"CURRENT_RATIO":1.191105372054,"COMMON_ACS":10000000000,"CURRENTDEBT_DEBT":76.234716226142,"ISSUED_COMMON_SHARES":2099818000,"HK_COMMON_SHARES":2099818000,"PER_SHARES":2000,"TOTAL_MARKET_CAP":319172336,"HKSK_MARKET_CAP":319172336,"PE_TTM":-0.776590142874,"PB_TTM":0.174929304788,"REPORT_DATE_SQ":"2023-06-30 00:00:00","REPORT_TYPE_SQ":"2023年中报","OPERATE_INCOME_SQ":755940621.8,"DPS_HKD":null,"OPERATE_INCOME_QOQ_SQ":-2.977533173113,"NET_PROFIT_RATIO_SQ":-11.2781890695,"HOLDER_PROFIT_SQ":-84566771.54,"HOLDER_PROFIT_QOQ_SQ":-19.245823017332,"ROE_AVG_SQ":-4.034812092867,"PE_TTM_SQ":-2.939644412192,"PB_TTM_SQ":0.232528630168,"ROA_SQ":-2.571221731888,"START_DATE":"2024-01-01 00:00:00","FISCAL_YEAR":"12-31","CURRENCY":"HKD","IS_CNY_CODE":0,"DPS_HKD_LY":null,"ORG_TYPE":"一般企业","PREMIUM_INCOME":null,"PREMIUM_INCOME_YOY":null,"NET_INTEREST_INCOME":null,"NET_INTEREST_INCOME_YOY":null,"FEE_COMMISSION_INCOME":null,"FEE_COMMISSION_INCOME_YOY":null,"ACCOUNTS_RECE_TDAYS":2.027223314326,"INVENTORY_TDAYS":0.972331527908,"CURRENT_ASSETS_TDAYS":0.559415500952,"TOTAL_ASSETS_TDAYS":0.234109083559,"PREMIUM_EXPENSE":null,"LOAN_DEPOSIT":null,"LOAN_EQUITY":null,"LOAN_ASSETS":null,"DEPOSIT_EQUITY":null,"DEPOSIT_ASSETS":null,"EQUITY_MULTIPLIER":1.819030493672,"EQUITY_RATIO":0.824549115166},{"SECUCODE":"03398.HK","SECURITY_CODE":"03398","SECURITY_NAME_ABBR":"华鼎控股","ORG_CODE":"10010860","STD_REPORT_DATE":"2023-12-31 00:00:00","REPORT_DATE":"2023-12-31 00:00:00","DATE_TYPE_CODE":"001","REPORT_TYPE":"2023年年报","PER_NETCASH_OPERATE":0.008311620807,"PER_OI":0.717754354244,"BPS":0.858889637369,"BASIC_EPS":-0.156051084,"DILUTED_EPS":-0.156051084,"OPERATE_INCOME":1507153512.62,"OPERATE_INCOME_YOY":-5.3874593745,"GROSS_PROFIT":287675007.9,"GROSS_PROFIT_YOY":7.422436755653,"HOLDER_PROFIT":-327622091.72,"HOLDER_PROFIT_YOY":-138.3509803663,"GROSS_PROFIT_RATIO":19.087306335498,"EPS_TTM":-0.15602404195,"OPERATE_INCOME_QOQ":-1.070164659755,"NET_PROFIT_RATIO":-21.7916796192,"ROE_AVG":-16.720710220637,"GROSS_PROFIT_QOQ":0.366179738553,"ROA":-10.236436175597,"HOLDER_PROFIT_QOQ":-102.779786385225,"ROE_YEARLY":-16.720710220637,"ROIC_YEARLY":-11.633796983765,"TOTAL_ASSETS":3087627473,"TOTAL_LIABILITIES":1271354162.4,"TAX_EBT":-26.641274722203,"OCF_SALES":1.158003536724,"TOTAL_PARENT_EQUITY":1803511920.56,"DEBT_ASSET_RATIO":41.1757627343,"OPERATE_PROFIT":-250183780.28,"PRETAX_PROFIT":-259342039.6,"NETCASH_OPERATE":17452890.98,"NETCASH_INVEST":-217672231.56,"NETCASH_FINANCE":33705040.46,"END_CASH":279371314.04,"DIVI_RATIO":null,"DIVIDEND_RATE":null,"CURRENT_RATIO":1.292568936248,"COMMON_ACS":10000000000,"CURRENTDEBT_DEBT":80.406224161036,"ISSUED_COMMON_SHARES":2099818000,"HK_COMMON_SHARES":2099818000,"PER_SHARES":2000,"TOTAL_MARKET_CAP":377967240,"HKSK_MARKET_CAP":377967240,"PE_TTM":-0.919646221824,"PB_TTM":0.207153124091,"REPORT_DATE_SQ":"2022-12-31 00:00:00","REPORT_TYPE_SQ":"2022年年报","OPERATE_INCOME_SQ":1570210551.21,"DPS_HKD":null,"OPERATE_INCOME_QOQ_SQ":7.445659477572,"NET_PROFIT_RATIO_SQ":-8.6247022596,"HOLDER_PROFIT_SQ":-135489407.06,"HOLDER_PROFIT_QOQ_SQ":46.413958560081,"ROE_AVG_SQ":-6.048988761088,"PE_TTM_SQ":-3.659557329463,"PB_TTM_SQ":0.289474417148,"ROA_SQ":-3.969484187934,"START_DATE":"2023-01-01 00:00:00","FISCAL_YEAR":"12-31","CURRENCY":"HKD","IS_CNY_CODE":0,"DPS_HKD_LY":null,"ORG_TYPE":"一般企业","PREMIUM_INCOME":null,"PREMIUM_INCOME_YOY":null,"NET_INTEREST_INCOME":null,"NET_INTEREST_INCOME_YOY":null,"FEE_COMMISSION_INCOME":null,"FEE_COMMISSION_INCOME_YOY":null,"ACCOUNTS_RECE_TDAYS":3.41304599889,"INVENTORY_TDAYS":1.723586024577,"CURRENT_ASSETS_TDAYS":0.963947899596,"TOTAL_ASSETS_TDAYS":0.470904775004,"PREMIUM_EXPENSE":null,"LOAN_DEPOSIT":null,"LOAN_EQUITY":null,"LOAN_ASSETS":null,"DEPOSIT_EQUITY":null,"DEPOSIT_ASSETS":null,"EQUITY_MULTIPLIER":1.699979543267,"EQUITY_RATIO":0.704932497483},{"SECUCODE":"03398.HK","SECURITY_CODE":"03398","SECURITY_NAME_ABBR":"华鼎控股","ORG_CODE":"10010860","STD_REPORT_DATE":"2023-06-30 00:00:00","REPORT_DATE":"2023-06-30 00:00:00","DATE_TYPE_CODE":"002","REPORT_TYPE":"2023年中报","PER_NETCASH_OPERATE":0.02381153861,"PER_OI":0.36000292492,"BPS":0.971429194921,"BASIC_EPS":-0.040290526,"DILUTED_EPS":-0.040290526,"OPERATE_INCOME":755940621.8,"OPERATE_INCOME_YOY":-12.6468253757,"GROSS_PROFIT":149402249.1,"GROSS_PROFIT_YOY":14.419000075223,"HOLDER_PROFIT":-84566771.54,"HOLDER_PROFIT_YOY":-34.1077564149,"GROSS_PROFIT_RATIO":19.763754558427,"EPS_TTM":-0.076942601002,"OPERATE_INCOME_QOQ":-2.977533173113,"NET_PROFIT_RATIO":-11.2781890695,"ROE_AVG":-4.034812092867,"GROSS_PROFIT_QOQ":7.030512704061,"ROA":-2.571221731888,"HOLDER_PROFIT_QOQ":-19.245823017332,"ROE_YEARLY":-8.069624185734,"ROIC_YEARLY":-5.924252844034,"TOTAL_ASSETS":3206851119.56,"TOTAL_LIABILITIES":1149573528.94,"TAX_EBT":-2.989296891532,"OCF_SALES":6.614262541011,"TOTAL_PARENT_EQUITY":2039824509.22,"DEBT_ASSET_RATIO":35.847424345,"OPERATE_PROFIT":-81488280.32,"PRETAX_PROFIT":-82781818.26,"NETCASH_OPERATE":49999897.38,"NETCASH_INVEST":-132339165.24,"NETCASH_FINANCE":3123668.24,"END_CASH":365614856.92,"DIVI_RATIO":null,"DIVIDEND_RATE":null,"CURRENT_RATIO":1.669243357815,"COMMON_ACS":10000000000,"CURRENTDEBT_DEBT":81.352813844134,"ISSUED_COMMON_SHARES":2099818000,"HK_COMMON_SHARES":2099818000,"PER_SHARES":2000,"TOTAL_MARKET_CAP":377967240,"HKSK_MARKET_CAP":377967240,"PE_TTM":-0.919646221824,"PB_TTM":0.207153124091,"REPORT_DATE_SQ":"2022-06-30 00:00:00","REPORT_TYPE_SQ":"2022年中报","OPERATE_INCOME_SQ":802694161.85,"DPS_HKD":null,"OPERATE_INCOME_QOQ_SQ":11.070901536322,"NET_PROFIT_RATIO_SQ":-7.2910618305,"HOLDER_PROFIT_SQ":-58490720.05,"HOLDER_PROFIT_QOQ_SQ":7.213672577483,"ROE_AVG_SQ":-2.639939570299,"PE_TTM_SQ":-3.659557329463,"PB_TTM_SQ":0.289474417148,"ROA_SQ":-1.760426754523,"START_DATE":"2023-01-01 00:00:00","FISCAL_YEAR":"12-31","CURRENCY":"HKD","IS_CNY_CODE":0,"DPS_HKD_LY":null,"ORG_TYPE":"一般企业","PREMIUM_INCOME":null,"PREMIUM_INCOME_YOY":null,"NET_INTEREST_INCOME":null,"NET_INTEREST_INCOME_YOY":null,"FEE_COMMISSION_INCOME":null,"FEE_COMMISSION_INCOME_YOY":null,"ACCOUNTS_RECE_TDAYS":1.561150503812,"INVENTORY_TDAYS":0.79706624277,"CURRENT_ASSETS_TDAYS":0.444904591404,"TOTAL_ASSETS_TDAYS":0.229840978838,"PREMIUM_EXPENSE":null,"LOAN_DEPOSIT":null,"LOAN_EQUITY":null,"LOAN_ASSETS":null,"DEPOSIT_EQUITY":null,"DEPOSIT_ASSETS":null,"EQUITY_MULTIPLIER":1.558783867662,"EQUITY_RATIO":0.563564916366},{"SECUCODE":"03398.HK","SECURITY_CODE":"03398","SECURITY_NAME_ABBR":"华鼎控股","ORG_CODE":"10010860","STD_REPORT_DATE":"2022-12-31 00:00:00","REPORT_DATE":"2022-12-31 00:00:00","DATE_TYPE_CODE":"001","REPORT_TYPE":"2022年年报","PER_NETCASH_OPERATE":0.010797167121,"PER_OI":0.747784118057,"BPS":0.992952257929,"BASIC_EPS":-0.064494094,"DILUTED_EPS":-0.064494094,"OPERATE_INCOME":1570210551.21,"OPERATE_INCOME_YOY":9.231351436,"GROSS_PROFIT":267797879.65,"GROSS_PROFIT_YOY":144.653001141382,"HOLDER_PROFIT":-135489407.06,"HOLDER_PROFIT_YOY":54.4913665071,"GROSS_PROFIT_RATIO":17.054902569826,"EPS_TTM":-0.064524357378,"OPERATE_INCOME_QOQ":7.445659477572,"NET_PROFIT_RATIO":-8.6247022596,"ROE_AVG":-6.048988761088,"GROSS_PROFIT_QOQ":108.939370693718,"ROA":-3.969484187934,"HOLDER_PROFIT_QOQ":46.413958560081,"ROE_YEARLY":-6.048988761088,"ROIC_YEARLY":-4.791714975128,"TOTAL_ASSETS":3266119377.01,"TOTAL_LIABILITIES":1162737401.28,"TAX_EBT":-10.778482492547,"OCF_SALES":1.443888264063,"TOTAL_PARENT_EQUITY":2085019024.34,"DEBT_ASSET_RATIO":35.5999664147,"OPERATE_PROFIT":-121956366.56,"PRETAX_PROFIT":-122249359.12,"NETCASH_OPERATE":22672085.87,"NETCASH_INVEST":-244829228.14,"NETCASH_FINANCE":38554426.47,"END_CASH":451541732.11,"DIVI_RATIO":null,"DIVIDEND_RATE":null,"CURRENT_RATIO":1.882520442339,"COMMON_ACS":10000000000,"CURRENTDEBT_DEBT":81.316299751702,"ISSUED_COMMON_SHARES":2099818000,"HK_COMMON_SHARES":2099818000,"PER_SHARES":2000,"TOTAL_MARKET_CAP":377967240,"HKSK_MARKET_CAP":377967240,"PE_TTM":-0.919646221824,"PB_TTM":0.207153124091,"REPORT_DATE_SQ":"2021-12-31 00:00:00","REPORT_TYPE_SQ":"2021年年报","OPERATE_INCOME_SQ":1315735881.6,"DPS_HKD":null,"OPERATE_INCOME_QOQ_SQ":2.565598126955,"NET_PROFIT_RATIO_SQ":-20.6425786663,"HOLDER_PROFIT_SQ":-272501992,"HOLDER_PROFIT_QOQ_SQ":-929.14769048,"ROE_AVG_SQ":-12.066744252688,"PE_TTM_SQ":-3.659557329463,"PB_TTM_SQ":0.289474417148,"ROA_SQ":-8.332427077669,"START_DATE":"2022-01-01 00:00:00","FISCAL_YEAR":"12-31","CURRENCY":"HKD","IS_CNY_CODE":0,"DPS_HKD_LY":null,"ORG_TYPE":"一般企业","PREMIUM_INCOME":null,"PREMIUM_INCOME_YOY":null,"NET_INTEREST_INCOME":null,"NET_INTEREST_INCOME_YOY":null,"FEE_COMMISSION_INCOME":null,"FEE_COMMISSION_INCOME_YOY":null,"ACCOUNTS_RECE_TDAYS":2.804325924839,"INVENTORY_TDAYS":1.564940006418,"CURRENT_ASSETS_TDAYS":0.78830085002,"TOTAL_ASSETS_TDAYS":0.460030499063,"PREMIUM_EXPENSE":null,"LOAN_DEPOSIT":null,"LOAN_EQUITY":null,"LOAN_ASSETS":null,"DEPOSIT_EQUITY":null,"DEPOSIT_ASSETS":null,"EQUITY_MULTIPLIER":1.552794221257,"EQUITY_RATIO":0.557662730031},{"SECUCODE":"03398.HK","SECURITY_CODE":"03398","SECURITY_NAME_ABBR":"华鼎控股","ORG_CODE":"10010860","STD_REPORT_DATE":"2022-06-30 00:00:00","REPORT_DATE":"2022-06-30 00:00:00","DATE_TYPE_CODE":"002","REPORT_TYPE":"2022年中报","PER_NETCASH_OPERATE":0.009984190463,"PER_OI":0.382268445099,"BPS":1.018461957403,"BASIC_EPS":-0.027879194,"DILUTED_EPS":-0.027879194,"OPERATE_INCOME":802694161.85,"OPERATE_INCOME_YOY":18.8686007518,"GROSS_PROFIT":130574685.15,"GROSS_PROFIT_YOY":16.725407869729,"HOLDER_PROFIT":-58490720.05,"HOLDER_PROFIT_YOY":27.1766096317,"GROSS_PROFIT_RATIO":16.267053051571,"EPS_TTM":-0.120412621727,"OPERATE_INCOME_QOQ":11.070901536322,"NET_PROFIT_RATIO":-7.2910618305,"ROE_AVG":-2.639939570299,"GROSS_PROFIT_QOQ":17.092819954941,"ROA":-1.760426754523,"HOLDER_PROFIT_QOQ":7.213672577483,"ROE_YEARLY":-5.279879140598,"ROIC_YEARLY":-4.23078647967,"TOTAL_ASSETS":3236411822.84,"TOTAL_LIABILITIES":1071037390.43,"TAX_EBT":-42.989970748015,"OCF_SALES":2.611827000421,"TOTAL_PARENT_EQUITY":2138584750.47,"DEBT_ASSET_RATIO":33.0933592218,"OPERATE_PROFIT":-39260062.52,"PRETAX_PROFIT":-40929393.4,"NETCASH_OPERATE":20964982.85,"NETCASH_INVEST":-208975083.59,"NETCASH_FINANCE":-18233505.99,"END_CASH":416675078.89,"DIVI_RATIO":null,"DIVIDEND_RATE":null,"CURRENT_RATIO":2.107154627004,"COMMON_ACS":10000000000,"CURRENTDEBT_DEBT":88.19216270879,"ISSUED_COMMON_SHARES":2099818000,"HK_COMMON_SHARES":2099818000,"PER_SHARES":2000,"TOTAL_MARKET_CAP":377967240,"HKSK_MARKET_CAP":377967240,"PE_TTM":-0.919646221824,"PB_TTM":0.207153124091,"REPORT_DATE_SQ":"2021-06-30 00:00:00","REPORT_TYPE_SQ":"2021年中报","OPERATE_INCOME_SQ":657030337.92,"DPS_HKD":null,"OPERATE_INCOME_QOQ_SQ":-1.18188208754,"NET_PROFIT_RATIO_SQ":-11.7278603487,"HOLDER_PROFIT_SQ":-78148121.52,"HOLDER_PROFIT_QOQ_SQ":-73.262075112911,"ROE_AVG_SQ":-3.27726242386,"PE_TTM_SQ":-3.659557329463,"PB_TTM_SQ":0.289474417148,"ROA_SQ":-2.341126327569,"START_DATE":"2022-01-01 00:00:00","FISCAL_YEAR":"12-31","CURRENCY":"HKD","IS_CNY_CODE":0,"DPS_HKD_LY":null,"ORG_TYPE":"一般企业","PREMIUM_INCOME":null,"PREMIUM_INCOME_YOY":null,"NET_INTEREST_INCOME":null,"NET_INTEREST_INCOME_YOY":null,"FEE_COMMISSION_INCOME":null,"FEE_COMMISSION_INCOME_YOY":null,"ACCOUNTS_RECE_TDAYS":1.347940818503,"INVENTORY_TDAYS":0.82409335104,"CURRENT_ASSETS_TDAYS":0.391531606203,"TOTAL_ASSETS_TDAYS":0.241591192075,"PREMIUM_EXPENSE":null,"LOAN_DEPOSIT":null,"LOAN_EQUITY":null,"LOAN_ASSETS":null,"DEPOSIT_EQUITY":null,"DEPOSIT_ASSETS":null,"EQUITY_MULTIPLIER":1.494619948586,"EQUITY_RATIO":0.500815967286},{"SECUCODE":"03398.HK","SECURITY_CODE":"03398","SECURITY_NAME_ABBR":"华鼎控股","ORG_CODE":"10010860","STD_REPORT_DATE":"2021-12-31 00:00:00","REPORT_DATE":"2021-12-31 00:00:00","DATE_TYPE_CODE":"001","REPORT_TYPE":"2021年年报","PER_NETCASH_OPERATE":-0.060668841966,"PER_OI":0.626595200917,"BPS":1.043832785508,"BASIC_EPS":-0.12975312,"DILUTED_EPS":-0.12975312,"OPERATE_INCOME":1315735881.6,"OPERATE_INCOME_YOY":4.3335008185,"GROSS_PROFIT":109460288,"GROSS_PROFIT_YOY":-41.868201321607,"HOLDER_PROFIT":-272501992,"HOLDER_PROFIT_YOY":-328.2154693106,"GROSS_PROFIT_RATIO":8.3193207338,"EPS_TTM":-0.129774100422,"OPERATE_INCOME_QOQ":2.565598126955,"NET_PROFIT_RATIO":-20.6425786663,"ROE_AVG":-12.066744252688,"GROSS_PROFIT_QOQ":-44.692452303538,"ROA":-8.332427077669,"HOLDER_PROFIT_QOQ":-929.14769048,"ROE_YEARLY":-12.066744252688,"ROIC_YEARLY":-10.130280769214,"TOTAL_ASSETS":3258821966.4,"TOTAL_LIABILITIES":1039889905.6,"TAX_EBT":-6.405591359274,"OCF_SALES":-9.68230236642,"TOTAL_PARENT_EQUITY":2191858872,"DEBT_ASSET_RATIO":31.9099943575,"OPERATE_PROFIT":-257987139.2,"PRETAX_PROFIT":-255251449.6,"NETCASH_OPERATE":-127393526.4,"NETCASH_INVEST":287384764.8,"NETCASH_FINANCE":-27154948.8,"END_CASH":614994632,"DIVI_RATIO":null,"DIVIDEND_RATE":null,"CURRENT_RATIO":2.217113469135,"COMMON_ACS":10000000000,"CURRENTDEBT_DEBT":87.492147457191,"ISSUED_COMMON_SHARES":2099818000,"HK_COMMON_SHARES":2099818000,"PER_SHARES":2000,"TOTAL_MARKET_CAP":377967240,"HKSK_MARKET_CAP":377967240,"PE_TTM":-0.919646221824,"PB_TTM":0.207153124091,"REPORT_DATE_SQ":"2020-12-31 00:00:00","REPORT_TYPE_SQ":"2020年年报","OPERATE_INCOME_SQ":1298166577,"DPS_HKD":null,"OPERATE_INCOME_QOQ_SQ":-14.064511211842,"NET_PROFIT_RATIO_SQ":9.9190560319,"HOLDER_PROFIT_SQ":122916472.16,"HOLDER_PROFIT_QOQ_SQ":1333.53757529831,"ROE_AVG_SQ":5.451570391139,"PE_TTM_SQ":-3.659557329463,"PB_TTM_SQ":0.289474417148,"ROA_SQ":3.825915650878,"START_DATE":"2021-01-01 00:00:00","FISCAL_YEAR":"12-31","CURRENCY":"HKD","IS_CNY_CODE":0,"DPS_HKD_LY":null,"ORG_TYPE":"一般企业","PREMIUM_INCOME":null,"PREMIUM_INCOME_YOY":null,"NET_INTEREST_INCOME":null,"NET_INTEREST_INCOME_YOY":null,"FEE_COMMISSION_INCOME":null,"FEE_COMMISSION_INCOME_YOY":null,"ACCOUNTS_RECE_TDAYS":1.808443439295,"INVENTORY_TDAYS":1.535532820582,"CURRENT_ASSETS_TDAYS":0.628770583558,"TOTAL_ASSETS_TDAYS":0.402319014494,"PREMIUM_EXPENSE":null,"LOAN_DEPOSIT":null,"LOAN_EQUITY":null,"LOAN_ASSETS":null,"DEPOSIT_EQUITY":null,"DEPOSIT_ASSETS":null,"EQUITY_MULTIPLIER":1.468644319477,"EQUITY_RATIO":0.474432874709},{"SECUCODE":"03398.HK","SECURITY_CODE":"03398","SECURITY_NAME_ABBR":"华鼎控股","ORG_CODE":"10010860","STD_REPORT_DATE":"2021-06-30 00:00:00","REPORT_DATE":"2021-06-30 00:00:00","DATE_TYPE_CODE":"002","REPORT_TYPE":"2021年中报","PER_NETCASH_OPERATE":-0.007224665452,"PER_OI":0.312898707374,"BPS":1.144488926412,"BASIC_EPS":-0.037193976,"DILUTED_EPS":-0.037193976,"OPERATE_INCOME":657030337.92,"OPERATE_INCOME_YOY":7.2728977067,"GROSS_PROFIT":111864835.2,"GROSS_PROFIT_YOY":9.403732421884,"HOLDER_PROFIT":-78148121.52,"HOLDER_PROFIT_YOY":-820.7351699793,"GROSS_PROFIT_RATIO":17.025824949596,"EPS_TTM":0.015651505988,"OPERATE_INCOME_QOQ":-1.18188208754,"NET_PROFIT_RATIO":-11.7278603487,"ROE_AVG":-3.27726242386,"GROSS_PROFIT_QOQ":5.106447672261,"ROA":-2.341126327569,"HOLDER_PROFIT_QOQ":-73.262075112911,"ROE_YEARLY":-6.55452484772,"ROIC_YEARLY":-5.628059338546,"TOTAL_ASSETS":3336051687.36,"TOTAL_LIABILITIES":905261436,"TAX_EBT":-8.274386465409,"OCF_SALES":-2.30894704315,"TOTAL_PARENT_EQUITY":2403218448.48,"DEBT_ASSET_RATIO":27.135713737,"OPERATE_PROFIT":-74029325.52,"PRETAX_PROFIT":-71166970.32,"NETCASH_OPERATE":-15170482.56,"NETCASH_INVEST":183127494.72,"NETCASH_FINANCE":-118370868.72,"END_CASH":534010638.24,"DIVI_RATIO":null,"DIVIDEND_RATE":null,"CURRENT_RATIO":2.679112054742,"COMMON_ACS":10000000000,"CURRENTDEBT_DEBT":85.458155246105,"ISSUED_COMMON_SHARES":2099818000,"HK_COMMON_SHARES":2099818000,"PER_SHARES":2000,"TOTAL_MARKET_CAP":377967240,"HKSK_MARKET_CAP":377967240,"PE_TTM":-0.919646221824,"PB_TTM":0.207153124091,"REPORT_DATE_SQ":"2020-06-30 00:00:00","REPORT_TYPE_SQ":"2020年中报","OPERATE_INCOME_SQ":672373136.16,"DPS_HKD":null,"OPERATE_INCOME_QOQ_SQ":-11.196715337727,"NET_PROFIT_RATIO_SQ":1.8856415461,"HOLDER_PROFIT_SQ":11903036.64,"HOLDER_PROFIT_QOQ_SQ":79.658630730884,"ROE_AVG_SQ":0.522158895224,"PE_TTM_SQ":-3.659557329463,"PB_TTM_SQ":0.289474417148,"ROA_SQ":0.352459010851,"START_DATE":"2021-01-01 00:00:00","FISCAL_YEAR":"12-31","CURRENCY":"HKD","IS_CNY_CODE":0,"DPS_HKD_LY":null,"ORG_TYPE":"一般企业","PREMIUM_INCOME":null,"PREMIUM_INCOME_YOY":null,"NET_INTEREST_INCOME":null,"NET_INTEREST_INCOME_YOY":null,"FEE_COMMISSION_INCOME":null,"FEE_COMMISSION_INCOME_YOY":null,"ACCOUNTS_RECE_TDAYS":0.857776952182,"INVENTORY_TDAYS":0.672976488902,"CURRENT_ASSETS_TDAYS":0.307099834359,"TOTAL_ASSETS_TDAYS":0.19683019786,"PREMIUM_EXPENSE":null,"LOAN_DEPOSIT":null,"LOAN_EQUITY":null,"LOAN_ASSETS":null,"DEPOSIT_EQUITY":null,"DEPOSIT_ASSETS":null,"EQUITY_MULTIPLIER":1.372414458835,"EQUITY_RATIO":0.376687119963},{"SECUCODE":"03398.HK","SECURITY_CODE":"03398","SECURITY_NAME_ABBR":"华鼎控股","ORG_CODE":"10010860","STD_REPORT_DATE":"2020-12-31 00:00:00","REPORT_DATE":"2020-12-31 00:00:00","DATE_TYPE_CODE":"001","REPORT_TYPE":"2020年年报","PER_NETCASH_OPERATE":-0.044428415129,"PER_OI":0.618228140248,"BPS":1.139657688162,"BASIC_EPS":0.058578144,"DILUTED_EPS":0.058578144,"OPERATE_INCOME":1298166577,"OPERATE_INCOME_YOY":-18.7774583718,"GROSS_PROFIT":188296750.64,"GROSS_PROFIT_YOY":-43.849857188808,"HOLDER_PROFIT":122916472.16,"HOLDER_PROFIT_YOY":367.0592107669,"GROSS_PROFIT_RATIO":14.504821952445,"EPS_TTM":0.058536726592,"OPERATE_INCOME_QOQ":-14.064511211842,"NET_PROFIT_RATIO":9.9190560319,"ROE_AVG":5.451570391139,"GROSS_PROFIT_QOQ":-24.497230055257,"ROA":3.825915650878,"HOLDER_PROFIT_QOQ":1333.53757529831,"ROE_YEARLY":5.451570391139,"ROIC_YEARLY":4.485788634348,"TOTAL_ASSETS":3378436382.04,"TOTAL_LIABILITIES":959129577.44,"TAX_EBT":47.830979383904,"OCF_SALES":-7.186411008639,"TOTAL_PARENT_EQUITY":2393073727.44,"DEBT_ASSET_RATIO":28.3897480663,"OPERATE_PROFIT":250452706.28,"PRETAX_PROFIT":246824396.24,"NETCASH_OPERATE":-93291585.8,"NETCASH_INVEST":321068827.2,"NETCASH_FINANCE":-144854660.4,"END_CASH":485771042.08,"DIVI_RATIO":null,"DIVIDEND_RATE":null,"CURRENT_RATIO":2.630029795912,"COMMON_ACS":10000000000,"CURRENTDEBT_DEBT":88.469246996304,"ISSUED_COMMON_SHARES":2099818000,"HK_COMMON_SHARES":2099818000,"PER_SHARES":2000,"TOTAL_MARKET_CAP":377967240,"HKSK_MARKET_CAP":377967240,"PE_TTM":-0.919646221824,"PB_TTM":0.207153124091,"REPORT_DATE_SQ":"2019-12-31 00:00:00","REPORT_TYPE_SQ":"2019年年报","OPERATE_INCOME_SQ":1701096073.58,"DPS_HKD":null,"OPERATE_INCOME_QOQ_SQ":-6.154603782057,"NET_PROFIT_RATIO_SQ":-2.9309466875,"HOLDER_PROFIT_SQ":-48986625.08,"HOLDER_PROFIT_QOQ_SQ":2.984864987992,"ROE_AVG_SQ":-2.133751400755,"PE_TTM_SQ":-3.659557329463,"PB_TTM_SQ":0.289474417148,"ROA_SQ":-1.470035783164,"START_DATE":"2020-01-01 00:00:00","FISCAL_YEAR":"12-31","CURRENCY":"HKD","IS_CNY_CODE":0,"DPS_HKD_LY":null,"ORG_TYPE":"一般企业","PREMIUM_INCOME":null,"PREMIUM_INCOME_YOY":null,"NET_INTEREST_INCOME":null,"NET_INTEREST_INCOME_YOY":null,"FEE_COMMISSION_INCOME":null,"FEE_COMMISSION_INCOME_YOY":null,"ACCOUNTS_RECE_TDAYS":1.763340735723,"INVENTORY_TDAYS":1.384234183168,"CURRENT_ASSETS_TDAYS":0.604367487406,"TOTAL_ASSETS_TDAYS":0.404069181055,"PREMIUM_EXPENSE":null,"LOAN_DEPOSIT":null,"LOAN_EQUITY":null,"LOAN_ASSETS":null,"DEPOSIT_EQUITY":null,"DEPOSIT_ASSETS":null,"EQUITY_MULTIPLIER":1.396448096462,"EQUITY_RATIO":0.400793994118},{"SECUCODE":"03398.HK","SECURITY_CODE":"03398","SECURITY_NAME_ABBR":"华鼎控股","ORG_CODE":"10010860","STD_REPORT_DATE":"2020-06-30 00:00:00","REPORT_DATE":"2020-06-30 00:00:00","DATE_TYPE_CODE":"002","REPORT_TYPE":"2020年中报","PER_NETCASH_OPERATE":-0.011551232421,"PER_OI":0.320205435023,"BPS":1.077377540492,"BASIC_EPS":0.005663328,"DILUTED_EPS":0.005663328,"OPERATE_INCOME":672373136.16,"OPERATE_INCOME_YOY":-24.9561872565,"GROSS_PROFIT":102249560.16,"GROSS_PROFIT_YOY":-45.670928400092,"HOLDER_PROFIT":11903036.64,"HOLDER_PROFIT_YOY":142.2686431607,"GROSS_PROFIT_RATIO":15.207264338959,"EPS_TTM":-0.004745435223,"OPERATE_INCOME_QOQ":-11.196715337727,"NET_PROFIT_RATIO":1.8856415461,"ROE_AVG":0.522158895224,"GROSS_PROFIT_QOQ":-25.631678344667,"ROA":0.352459010851,"HOLDER_PROFIT_QOQ":79.658630730884,"ROE_YEARLY":1.044317790448,"ROIC_YEARLY":0.839472673815,"TOTAL_ASSETS":3447309771.84,"TOTAL_LIABILITIES":1164126300.48,"TAX_EBT":32.748679684093,"OCF_SALES":-3.607444208513,"TOTAL_PARENT_EQUITY":2262296752.32,"DEBT_ASSET_RATIO":33.7691236798,"OPERATE_PROFIT":21969145.44,"PRETAX_PROFIT":18852488.16,"NETCASH_OPERATE":-24255485.76,"NETCASH_INVEST":66715830.72,"NETCASH_FINANCE":163355955.84,"END_CASH":615379960.8,"DIVI_RATIO":null,"DIVIDEND_RATE":null,"CURRENT_RATIO":2.215808284825,"COMMON_ACS":10000000000,"CURRENTDEBT_DEBT":92.052600275258,"ISSUED_COMMON_SHARES":2099818000,"HK_COMMON_SHARES":2099818000,"PER_SHARES":2000,"TOTAL_MARKET_CAP":377967240,"HKSK_MARKET_CAP":377967240,"PE_TTM":-0.919646221824,"PB_TTM":0.207153124091,"REPORT_DATE_SQ":"2019-06-30 00:00:00","REPORT_TYPE_SQ":"2019年中报","OPERATE_INCOME_SQ":862840021.14,"DPS_HKD":null,"OPERATE_INCOME_QOQ_SQ":-9.057693432369,"NET_PROFIT_RATIO_SQ":-3.3265061236,"HOLDER_PROFIT_SQ":-27119038.14,"HOLDER_PROFIT_QOQ_SQ":-373.833040458677,"ROE_AVG_SQ":-1.186600638776,"PE_TTM_SQ":-3.659557329463,"PB_TTM_SQ":0.289474417148,"ROA_SQ":-0.816668849907,"START_DATE":"2020-01-01 00:00:00","FISCAL_YEAR":"12-31","CURRENCY":"HKD","IS_CNY_CODE":0,"DPS_HKD_LY":null,"ORG_TYPE":"一般企业","PREMIUM_INCOME":null,"PREMIUM_INCOME_YOY":null,"NET_INTEREST_INCOME":null,"NET_INTEREST_INCOME_YOY":null,"FEE_COMMISSION_INCOME":null,"FEE_COMMISSION_INCOME_YOY":null,"ACCOUNTS_RECE_TDAYS":0.886844066243,"INVENTORY_TDAYS":0.663838585598,"CURRENT_ASSETS_TDAYS":0.291394721247,"TOTAL_ASSETS_TDAYS":0.199095388564,"PREMIUM_EXPENSE":null,"LOAN_DEPOSIT":null,"LOAN_EQUITY":null,"LOAN_ASSETS":null,"DEPOSIT_EQUITY":null,"DEPOSIT_ASSETS":null,"EQUITY_MULTIPLIER":1.509869800251,"EQUITY_RATIO":0.514577187668}],"count":41},"success":true,"message":"ok","code":0}