{"version":"29ec712c3468fcd42dfeb468c3fb6018","result":{"pages":2,"data":[{"SECUCODE":"03390.HK","SECURITY_CODE":"03390","SECURITY_NAME_ABBR":"满贯集团","ORG_CODE":"10000043629","STD_REPORT_DATE":"2024-06-30 00:00:00","REPORT_DATE":"2024-06-30 00:00:00","DATE_TYPE_CODE":"002","REPORT_TYPE":"2024年中报","PER_NETCASH_OPERATE":-0.01817944475,"PER_OI":0.4962811585,"BPS":0.61256685815,"BASIC_EPS":0.0273804,"DILUTED_EPS":0.0273804,"OPERATE_INCOME":397024926.8,"OPERATE_INCOME_YOY":-34.7112201067,"GROSS_PROFIT":98394205.44,"GROSS_PROFIT_YOY":-38.357433726738,"HOLDER_PROFIT":19174494.12,"HOLDER_PROFIT_YOY":-75.9973951193,"GROSS_PROFIT_RATIO":24.782878554516,"EPS_TTM":0.259889816075,"OPERATE_INCOME_QOQ":-20.002715802423,"NET_PROFIT_RATIO":4.8548309234,"ROE_AVG":3.915327251024,"GROSS_PROFIT_QOQ":-21.040773549998,"ROA":2.099349630298,"HOLDER_PROFIT_QOQ":-22.834541212178,"ROE_YEARLY":7.830654502049,"ROIC_YEARLY":4.417453451313,"TOTAL_ASSETS":924112229.68,"TOTAL_LIABILITIES":427279356.12,"TAX_EBT":12.799867872332,"OCF_SALES":-3.663134180823,"TOTAL_PARENT_EQUITY":490053486.52,"DEBT_ASSET_RATIO":46.2367386121,"OPERATE_PROFIT":28241057.24,"PRETAX_PROFIT":22104196.92,"NETCASH_OPERATE":-14543555.8,"NETCASH_INVEST":-1872819.36,"NETCASH_FINANCE":22607996.28,"END_CASH":41314285.56,"DIVI_RATIO":0.122042873703,"DIVIDEND_RATE":1.014492753623,"CURRENT_RATIO":1.517416189697,"COMMON_ACS":10000000000,"CURRENTDEBT_DEBT":97.963512396429,"ISSUED_COMMON_SHARES":800000000,"HK_COMMON_SHARES":800000000,"PER_SHARES":2000,"TOTAL_MARKET_CAP":2760000000,"HKSK_MARKET_CAP":2760000000,"PE_TTM":11.958405545927,"PB_TTM":5.140248706091,"REPORT_DATE_SQ":"2023-06-30 00:00:00","REPORT_TYPE_SQ":"2023年中报","OPERATE_INCOME_SQ":614302366.28,"DPS_HKD":0.035,"OPERATE_INCOME_QOQ_SQ":10.501960944158,"NET_PROFIT_RATIO_SQ":13.0645098351,"HOLDER_PROFIT_SQ":80699065.44,"HOLDER_PROFIT_QOQ_SQ":157.31921913867,"ROE_AVG_SQ":25.988740825198,"PE_TTM_SQ":33.527562818227,"PB_TTM_SQ":9.60141494536,"ROA_SQ":7.95741282261,"START_DATE":"2024-01-01 00:00:00","FISCAL_YEAR":"12-31","CURRENCY":"HKD","IS_CNY_CODE":0,"DPS_HKD_LY":0.035,"ORG_TYPE":"一般企业","PREMIUM_INCOME":null,"PREMIUM_INCOME_YOY":null,"NET_INTEREST_INCOME":null,"NET_INTEREST_INCOME_YOY":null,"FEE_COMMISSION_INCOME":null,"FEE_COMMISSION_INCOME_YOY":null,"ACCOUNTS_RECE_TDAYS":1.816181597285,"INVENTORY_TDAYS":2.170393414568,"CURRENT_ASSETS_TDAYS":0.63855475628,"TOTAL_ASSETS_TDAYS":0.434688982187,"PREMIUM_EXPENSE":null,"LOAN_DEPOSIT":null,"LOAN_EQUITY":null,"LOAN_ASSETS":null,"DEPOSIT_EQUITY":null,"DEPOSIT_ASSETS":null,"EQUITY_MULTIPLIER":1.860006209045,"EQUITY_RATIO":0.871903512317},{"SECUCODE":"03390.HK","SECURITY_CODE":"03390","SECURITY_NAME_ABBR":"满贯集团","ORG_CODE":"10000043629","STD_REPORT_DATE":"2023-12-31 00:00:00","REPORT_DATE":"2023-12-31 00:00:00","DATE_TYPE_CODE":"001","REPORT_TYPE":"2023年年报","PER_NETCASH_OPERATE":0.0134301804,"PER_OI":1.357799620975,"BPS":0.6074256727,"BASIC_EPS":0.3443636,"DILUTED_EPS":0.3443636,"OPERATE_INCOME":1086239696.78,"OPERATE_INCOME_YOY":1.0507635824,"GROSS_PROFIT":290989054.44,"GROSS_PROFIT_YOY":24.554409257824,"HOLDER_PROFIT":269436424.18,"HOLDER_PROFIT_YOY":579.5862857143,"GROSS_PROFIT_RATIO":26.788659565895,"EPS_TTM":0.336795530225,"OPERATE_INCOME_QOQ":-7.227233270203,"NET_PROFIT_RATIO":24.8048427855,"ROE_AVG":71.654528190025,"GROSS_PROFIT_QOQ":2.659372862042,"ROA":29.716031639105,"HOLDER_PROFIT_QOQ":167.931191408669,"ROE_YEARLY":71.654528190025,"ROIC_YEARLY":31.620833745452,"TOTAL_ASSETS":896207175.22,"TOTAL_LIABILITIES":403634919.1,"TAX_EBT":6.41273418614,"OCF_SALES":0.989113577035,"TOTAL_PARENT_EQUITY":485940538.16,"DEBT_ASSET_RATIO":45.038126257,"OPERATE_PROFIT":304988341,"PRETAX_PROFIT":287902469.12,"NETCASH_OPERATE":10744144.32,"NETCASH_INVEST":41409722.9,"NETCASH_FINANCE":-83695760.54,"END_CASH":35434108.22,"DIVI_RATIO":0.094174943411,"DIVIDEND_RATE":1.017441860465,"CURRENT_RATIO":1.538986181499,"COMMON_ACS":10000000000,"CURRENTDEBT_DEBT":97.240713507931,"ISSUED_COMMON_SHARES":800000000,"HK_COMMON_SHARES":800000000,"PER_SHARES":2000,"TOTAL_MARKET_CAP":2752000000,"HKSK_MARKET_CAP":2752000000,"PE_TTM":11.923743500867,"PB_TTM":5.12534943448,"REPORT_DATE_SQ":"2022-12-31 00:00:00","REPORT_TYPE_SQ":"2022年年报","OPERATE_INCOME_SQ":1059583474.95,"DPS_HKD":0.035,"OPERATE_INCOME_QOQ_SQ":16.051649846894,"NET_PROFIT_RATIO_SQ":3.6782626656,"HOLDER_PROFIT_SQ":39080562.5,"HOLDER_PROFIT_QOQ_SQ":201.467302163758,"ROE_AVG_SQ":15.864152092799,"PE_TTM_SQ":34.483392459975,"PB_TTM_SQ":9.875139494241,"ROA_SQ":4.620876857593,"START_DATE":"2023-01-01 00:00:00","FISCAL_YEAR":"12-31","CURRENCY":"HKD","IS_CNY_CODE":0,"DPS_HKD_LY":0.065,"ORG_TYPE":"一般企业","PREMIUM_INCOME":null,"PREMIUM_INCOME_YOY":null,"NET_INTEREST_INCOME":null,"NET_INTEREST_INCOME_YOY":null,"FEE_COMMISSION_INCOME":null,"FEE_COMMISSION_INCOME_YOY":null,"ACCOUNTS_RECE_TDAYS":4.864400142038,"INVENTORY_TDAYS":3.632509111832,"CURRENT_ASSETS_TDAYS":1.602247010781,"TOTAL_ASSETS_TDAYS":1.198009263054,"PREMIUM_EXPENSE":null,"LOAN_DEPOSIT":null,"LOAN_EQUITY":null,"LOAN_ASSETS":null,"DEPOSIT_EQUITY":null,"DEPOSIT_ASSETS":null,"EQUITY_MULTIPLIER":1.819443064616,"EQUITY_RATIO":0.830626151562},{"SECUCODE":"03390.HK","SECURITY_CODE":"03390","SECURITY_NAME_ABBR":"满贯集团","ORG_CODE":"10000043629","STD_REPORT_DATE":"2023-06-30 00:00:00","REPORT_DATE":"2023-06-30 00:00:00","DATE_TYPE_CODE":"002","REPORT_TYPE":"2023年中报","PER_NETCASH_OPERATE":0.04211374145,"PER_OI":0.76787795785,"BPS":0.4378759614,"BASIC_EPS":0.1014178,"DILUTED_EPS":0.1014178,"OPERATE_INCOME":614302366.28,"OPERATE_INCOME_YOY":13.2748387886,"GROSS_PROFIT":159620553.44,"GROSS_PROFIT_YOY":45.382426429503,"HOLDER_PROFIT":80699065.44,"HOLDER_PROFIT_YOY":289.4980420078,"GROSS_PROFIT_RATIO":25.984036885061,"EPS_TTM":0.125702247825,"OPERATE_INCOME_QOQ":10.501960944158,"NET_PROFIT_RATIO":13.0645098351,"ROE_AVG":25.988740825198,"GROSS_PROFIT_QOQ":21.3278493579,"ROA":7.95741282261,"HOLDER_PROFIT_QOQ":157.31921913867,"ROE_YEARLY":51.977481650396,"ROIC_YEARLY":17.091607092994,"TOTAL_ASSETS":1095122312.12,"TOTAL_LIABILITIES":738521653.66,"TAX_EBT":9.808939635701,"OCF_SALES":5.48443161045,"TOTAL_PARENT_EQUITY":350300769.12,"DEBT_ASSET_RATIO":67.4373670855,"OPERATE_PROFIT":98047041.12,"PRETAX_PROFIT":88983977.72,"NETCASH_OPERATE":33690993.16,"NETCASH_INVEST":-10804683.62,"NETCASH_FINANCE":-25725085.96,"END_CASH":65009731.78,"DIVI_RATIO":0.252324047889,"DIVIDEND_RATE":1.017441860465,"CURRENT_RATIO":1.191756049365,"COMMON_ACS":10000000000,"CURRENTDEBT_DEBT":98.304780048364,"ISSUED_COMMON_SHARES":800000000,"HK_COMMON_SHARES":800000000,"PER_SHARES":2000,"TOTAL_MARKET_CAP":2752000000,"HKSK_MARKET_CAP":2752000000,"PE_TTM":11.923743500867,"PB_TTM":5.12534943448,"REPORT_DATE_SQ":"2022-06-30 00:00:00","REPORT_TYPE_SQ":"2022年中报","OPERATE_INCOME_SQ":503025323.57,"DPS_HKD":0.035,"OPERATE_INCOME_QOQ_SQ":25.633005326545,"NET_PROFIT_RATIO_SQ":3.8753627574,"HOLDER_PROFIT_SQ":19217829.68,"HOLDER_PROFIT_QOQ_SQ":184.266004928145,"ROE_AVG_SQ":8.480352014612,"PE_TTM_SQ":34.483392459975,"PB_TTM_SQ":9.875139494241,"ROA_SQ":2.491115037812,"START_DATE":"2023-01-01 00:00:00","FISCAL_YEAR":"12-31","CURRENCY":"HKD","IS_CNY_CODE":0,"DPS_HKD_LY":0.065,"ORG_TYPE":"一般企业","PREMIUM_INCOME":null,"PREMIUM_INCOME_YOY":null,"NET_INTEREST_INCOME":null,"NET_INTEREST_INCOME_YOY":null,"FEE_COMMISSION_INCOME":null,"FEE_COMMISSION_INCOME_YOY":null,"ACCOUNTS_RECE_TDAYS":2.498100983439,"INVENTORY_TDAYS":1.284228837195,"CURRENT_ASSETS_TDAYS":0.753680533639,"TOTAL_ASSETS_TDAYS":0.605739050352,"PREMIUM_EXPENSE":null,"LOAN_DEPOSIT":null,"LOAN_EQUITY":null,"LOAN_ASSETS":null,"DEPOSIT_EQUITY":null,"DEPOSIT_ASSETS":null,"EQUITY_MULTIPLIER":3.071004739161,"EQUITY_RATIO":2.108250163182},{"SECUCODE":"03390.HK","SECURITY_CODE":"03390","SECURITY_NAME_ABBR":"满贯集团","ORG_CODE":"10000043629","STD_REPORT_DATE":"2022-12-31 00:00:00","REPORT_DATE":"2022-12-31 00:00:00","DATE_TYPE_CODE":"001","REPORT_TYPE":"2022年年报","PER_NETCASH_OPERATE":-0.058270235275,"PER_OI":1.324479343688,"BPS":0.3278747535,"BASIC_EPS":0.0535962,"DILUTED_EPS":0.0535962,"OPERATE_INCOME":1059583474.95,"OPERATE_INCOME_YOY":33.4483480186,"GROSS_PROFIT":233624049.26,"GROSS_PROFIT_YOY":88.359799982355,"HOLDER_PROFIT":39080562.5,"HOLDER_PROFIT_YOY":332.5148809524,"GROSS_PROFIT_RATIO":22.048668630947,"EPS_TTM":0.048850703125,"OPERATE_INCOME_QOQ":16.051649846894,"NET_PROFIT_RATIO":3.6782626656,"ROE_AVG":15.864152092799,"GROSS_PROFIT_QOQ":27.239900828618,"ROA":4.620876857593,"HOLDER_PROFIT_QOQ":201.467302163758,"ROE_YEARLY":15.864152092799,"ROIC_YEARLY":5.015798331659,"TOTAL_ASSETS":904093752.59,"TOTAL_LIABILITIES":642222719.39,"TAX_EBT":13.373836043441,"OCF_SALES":-4.399482374166,"TOTAL_PARENT_EQUITY":262299802.8,"DEBT_ASSET_RATIO":71.0349692773,"OPERATE_PROFIT":57955357.6,"PRETAX_PROFIT":44991330.09,"NETCASH_OPERATE":-46616188.22,"NETCASH_INVEST":-8549487.17,"NETCASH_FINANCE":60968357.31,"END_CASH":66640621.81,"DIVI_RATIO":0.649278269728,"DIVIDEND_RATE":1.017441860465,"CURRENT_RATIO":1.160714460594,"COMMON_ACS":10000000000,"CURRENTDEBT_DEBT":99.418602225168,"ISSUED_COMMON_SHARES":800000000,"HK_COMMON_SHARES":800000000,"PER_SHARES":2000,"TOTAL_MARKET_CAP":2752000000,"HKSK_MARKET_CAP":2752000000,"PE_TTM":11.923743500867,"PB_TTM":5.12534943448,"REPORT_DATE_SQ":"2021-12-31 00:00:00","REPORT_TYPE_SQ":"2021年年报","OPERATE_INCOME_SQ":726741747.2,"DPS_HKD":0.035,"OPERATE_INCOME_QOQ_SQ":26.41954492096,"NET_PROFIT_RATIO_SQ":-1.9577621975,"HOLDER_PROFIT_SQ":-15383961.6,"HOLDER_PROFIT_QOQ_SQ":6.254061633355,"ROE_AVG_SQ":-6.891361076775,"PE_TTM_SQ":34.483392459975,"PB_TTM_SQ":9.875139494241,"ROA_SQ":-2.506505711772,"START_DATE":"2022-01-01 00:00:00","FISCAL_YEAR":"12-31","CURRENCY":"HKD","IS_CNY_CODE":0,"DPS_HKD_LY":null,"ORG_TYPE":"一般企业","PREMIUM_INCOME":null,"PREMIUM_INCOME_YOY":null,"NET_INTEREST_INCOME":null,"NET_INTEREST_INCOME_YOY":null,"FEE_COMMISSION_INCOME":null,"FEE_COMMISSION_INCOME_YOY":null,"ACCOUNTS_RECE_TDAYS":5.144085657785,"INVENTORY_TDAYS":2.866980242841,"CURRENT_ASSETS_TDAYS":1.558354287696,"TOTAL_ASSETS_TDAYS":1.252849100645,"PREMIUM_EXPENSE":null,"LOAN_DEPOSIT":null,"LOAN_EQUITY":null,"LOAN_ASSETS":null,"DEPOSIT_EQUITY":null,"DEPOSIT_ASSETS":null,"EQUITY_MULTIPLIER":3.452438941196,"EQUITY_RATIO":2.448430050402},{"SECUCODE":"03390.HK","SECURITY_CODE":"03390","SECURITY_NAME_ABBR":"满贯集团","ORG_CODE":"10000043629","STD_REPORT_DATE":"2022-06-30 00:00:00","REPORT_DATE":"2022-06-30 00:00:00","DATE_TYPE_CODE":"002","REPORT_TYPE":"2022年中报","PER_NETCASH_OPERATE":-0.000242660163,"PER_OI":0.628781654463,"BPS":0.29082873925,"BASIC_EPS":0.0256557,"DILUTED_EPS":0.0256557,"OPERATE_INCOME":503025323.57,"OPERATE_INCOME_YOY":54.5218830452,"GROSS_PROFIT":109793568.15,"GROSS_PROFIT_YOY":118.646101321434,"HOLDER_PROFIT":19217829.68,"HOLDER_PROFIT_YOY":304.812249362,"GROSS_PROFIT_RATIO":21.826648282991,"EPS_TTM":0.0162043123,"OPERATE_INCOME_QOQ":25.633005326545,"NET_PROFIT_RATIO":3.8753627574,"ROE_AVG":8.480352014612,"GROSS_PROFIT_QOQ":48.035167235835,"ROA":2.491115037812,"HOLDER_PROFIT_QOQ":184.266004928145,"ROE_YEARLY":16.960704029224,"ROIC_YEARLY":5.505592996,"TOTAL_ASSETS":789091509.71,"TOTAL_LIABILITIES":556460160.34,"TAX_EBT":22.563440567993,"OCF_SALES":-0.038592118707,"TOTAL_PARENT_EQUITY":232662991.4,"DEBT_ASSET_RATIO":70.5190910677,"OPERATE_PROFIT":31081025.36,"PRETAX_PROFIT":25174228.03,"NETCASH_OPERATE":-194128.13,"NETCASH_INVEST":-7181885.62,"NETCASH_FINANCE":30474695.65,"END_CASH":82588263.87,"DIVI_RATIO":1.957361683285,"DIVIDEND_RATE":1.017441860465,"CURRENT_RATIO":1.161709345916,"COMMON_ACS":10000000000,"CURRENTDEBT_DEBT":97.938637069185,"ISSUED_COMMON_SHARES":800000000,"HK_COMMON_SHARES":800000000,"PER_SHARES":2000,"TOTAL_MARKET_CAP":2752000000,"HKSK_MARKET_CAP":2752000000,"PE_TTM":11.923743500867,"PB_TTM":5.12534943448,"REPORT_DATE_SQ":"2021-06-30 00:00:00","REPORT_TYPE_SQ":"2021年中报","OPERATE_INCOME_SQ":316739572.8,"DPS_HKD":0.035,"OPERATE_INCOME_QOQ_SQ":34.988485921857,"NET_PROFIT_RATIO_SQ":-2.6790311564,"HOLDER_PROFIT_SQ":-9129581.76,"HOLDER_PROFIT_QOQ_SQ":68.106179454216,"ROE_AVG_SQ":-3.871197647362,"PE_TTM_SQ":34.483392459975,"PB_TTM_SQ":9.875139494241,"ROA_SQ":-1.671038954611,"START_DATE":"2022-01-01 00:00:00","FISCAL_YEAR":"12-31","CURRENCY":"HKD","IS_CNY_CODE":0,"DPS_HKD_LY":null,"ORG_TYPE":"一般企业","PREMIUM_INCOME":null,"PREMIUM_INCOME_YOY":null,"NET_INTEREST_INCOME":null,"NET_INTEREST_INCOME_YOY":null,"FEE_COMMISSION_INCOME":null,"FEE_COMMISSION_INCOME_YOY":null,"ACCOUNTS_RECE_TDAYS":2.955556337179,"INVENTORY_TDAYS":1.457130724671,"CURRENT_ASSETS_TDAYS":0.820922102119,"TOTAL_ASSETS_TDAYS":0.652047587481,"PREMIUM_EXPENSE":null,"LOAN_DEPOSIT":null,"LOAN_EQUITY":null,"LOAN_ASSETS":null,"DEPOSIT_EQUITY":null,"DEPOSIT_ASSETS":null,"EQUITY_MULTIPLIER":3.392025674298,"EQUITY_RATIO":2.391700360215},{"SECUCODE":"03390.HK","SECURITY_CODE":"03390","SECURITY_NAME_ABBR":"满贯集团","ORG_CODE":"10000043629","STD_REPORT_DATE":"2021-12-31 00:00:00","REPORT_DATE":"2021-12-31 00:00:00","DATE_TYPE_CODE":"001","REPORT_TYPE":"2021年年报","PER_NETCASH_OPERATE":-0.036976982,"PER_OI":0.908427184,"BPS":0.263592196,"BASIC_EPS":-0.016352,"DILUTED_EPS":-0.016352,"OPERATE_INCOME":726741747.2,"OPERATE_INCOME_YOY":75.6695277189,"GROSS_PROFIT":124030737.6,"GROSS_PROFIT_YOY":176.446165072271,"HOLDER_PROFIT":-15383961.6,"HOLDER_PROFIT_YOY":69.2217096869,"GROSS_PROFIT_RATIO":17.066686767049,"EPS_TTM":-0.019229952,"OPERATE_INCOME_QOQ":26.41954492096,"NET_PROFIT_RATIO":-1.9577621975,"ROE_AVG":-6.891361076775,"GROSS_PROFIT_QOQ":27.910765571643,"ROA":-2.506505711772,"HOLDER_PROFIT_QOQ":6.254061633355,"ROE_YEARLY":-6.891361076775,"ROIC_YEARLY":-2.884168801129,"TOTAL_ASSETS":720684148.8,"TOTAL_LIABILITIES":507076337.6,"TAX_EBT":0.548634129615,"OCF_SALES":-4.070439838357,"TOTAL_PARENT_EQUITY":210873756.8,"DEBT_ASSET_RATIO":70.3604121784,"OPERATE_PROFIT":-6363380.8,"PRETAX_PROFIT":-14306364.8,"NETCASH_OPERATE":-29581585.6,"NETCASH_INVEST":-21459547.2,"NETCASH_FINANCE":11715390.4,"END_CASH":58560600,"DIVI_RATIO":-1.649390492498,"DIVIDEND_RATE":1.017441860465,"CURRENT_RATIO":1.125974473508,"COMMON_ACS":10000000000,"CURRENTDEBT_DEBT":99.194293462926,"ISSUED_COMMON_SHARES":800000000,"HK_COMMON_SHARES":800000000,"PER_SHARES":2000,"TOTAL_MARKET_CAP":2752000000,"HKSK_MARKET_CAP":2752000000,"PE_TTM":11.923743500867,"PB_TTM":5.12534943448,"REPORT_DATE_SQ":"2020-12-31 00:00:00","REPORT_TYPE_SQ":"2020年年报","OPERATE_INCOME_SQ":425862265.24,"DPS_HKD":0.035,"OPERATE_INCOME_QOQ_SQ":-1.621170867192,"NET_PROFIT_RATIO_SQ":-12.0486332761,"HOLDER_PROFIT_SQ":-51452819.76,"HOLDER_PROFIT_QOQ_SQ":-49.122308801976,"ROE_AVG_SQ":-30.076970950784,"PE_TTM_SQ":34.483392459975,"PB_TTM_SQ":9.875139494241,"ROA_SQ":-12.396960682326,"START_DATE":"2021-01-01 00:00:00","FISCAL_YEAR":"12-31","CURRENCY":"HKD","IS_CNY_CODE":0,"DPS_HKD_LY":0.02,"ORG_TYPE":"一般企业","PREMIUM_INCOME":null,"PREMIUM_INCOME_YOY":null,"NET_INTEREST_INCOME":null,"NET_INTEREST_INCOME_YOY":null,"FEE_COMMISSION_INCOME":null,"FEE_COMMISSION_INCOME_YOY":null,"ACCOUNTS_RECE_TDAYS":5.402048698369,"INVENTORY_TDAYS":3.440303348501,"CURRENT_ASSETS_TDAYS":1.580845011307,"TOTAL_ASSETS_TDAYS":1.184078839835,"PREMIUM_EXPENSE":null,"LOAN_DEPOSIT":null,"LOAN_EQUITY":null,"LOAN_ASSETS":null,"DEPOSIT_EQUITY":null,"DEPOSIT_ASSETS":null,"EQUITY_MULTIPLIER":3.373866080794,"EQUITY_RATIO":2.404644111694},{"SECUCODE":"03390.HK","SECURITY_CODE":"03390","SECURITY_NAME_ABBR":"满贯集团","ORG_CODE":"10000043629","STD_REPORT_DATE":"2021-06-30 00:00:00","REPORT_DATE":"2021-06-30 00:00:00","DATE_TYPE_CODE":"002","REPORT_TYPE":"2021年中报","PER_NETCASH_OPERATE":-0.0012491601,"PER_OI":0.395924466,"BPS":0.2898717096,"BASIC_EPS":-0.0083208,"DILUTED_EPS":-0.0083208,"OPERATE_INCOME":316739572.8,"OPERATE_INCOME_YOY":107.2950248323,"GROSS_PROFIT":50215195.92,"GROSS_PROFIT_YOY":51.848524237321,"HOLDER_PROFIT":-9129581.76,"HOLDER_PROFIT_YOY":77.310889615,"GROSS_PROFIT_RATIO":18.780276362108,"EPS_TTM":-0.0205128375,"OPERATE_INCOME_QOQ":34.988485921857,"NET_PROFIT_RATIO":-2.6790311564,"ROE_AVG":-3.871197647362,"GROSS_PROFIT_QOQ":37.441256672237,"ROA":-1.671038954611,"HOLDER_PROFIT_QOQ":68.106179454216,"ROE_YEARLY":-7.742395294724,"ROIC_YEARLY":-4.048723427024,"TOTAL_ASSETS":576868582.8,"TOTAL_LIABILITIES":342428378.64,"TAX_EBT":-3.208177309989,"OCF_SALES":-0.315504649819,"TOTAL_PARENT_EQUITY":231897367.68,"DEBT_ASSET_RATIO":59.359859221,"OPERATE_PROFIT":-4442475.12,"PRETAX_PROFIT":-8221782.48,"NETCASH_OPERATE":-999328.08,"NETCASH_INVEST":-22562681.28,"NETCASH_FINANCE":11414473.44,"END_CASH":86966505.36,"DIVI_RATIO":-1.546236594523,"DIVIDEND_RATE":1.017441860465,"CURRENT_RATIO":1.239766515059,"COMMON_ACS":10000000000,"CURRENTDEBT_DEBT":98.411063025322,"ISSUED_COMMON_SHARES":800000000,"HK_COMMON_SHARES":800000000,"PER_SHARES":2000,"TOTAL_MARKET_CAP":2752000000,"HKSK_MARKET_CAP":2752000000,"PE_TTM":11.923743500867,"PB_TTM":5.12534943448,"REPORT_DATE_SQ":"2020-06-30 00:00:00","REPORT_TYPE_SQ":"2020年中报","OPERATE_INCOME_SQ":167736814.08,"DPS_HKD":0.035,"OPERATE_INCOME_QOQ_SQ":-31.039572764182,"NET_PROFIT_RATIO_SQ":-26.3341901194,"HOLDER_PROFIT_SQ":-44172131.52,"HOLDER_PROFIT_QOQ_SQ":-170.654726014036,"ROE_AVG_SQ":-23.088528785463,"PE_TTM_SQ":34.483392459975,"PB_TTM_SQ":9.875139494241,"ROA_SQ":-12.068952608185,"START_DATE":"2021-01-01 00:00:00","FISCAL_YEAR":"12-31","CURRENCY":"HKD","IS_CNY_CODE":0,"DPS_HKD_LY":0.02,"ORG_TYPE":"一般企业","PREMIUM_INCOME":null,"PREMIUM_INCOME_YOY":null,"NET_INTEREST_INCOME":null,"NET_INTEREST_INCOME_YOY":null,"FEE_COMMISSION_INCOME":null,"FEE_COMMISSION_INCOME_YOY":null,"ACCOUNTS_RECE_TDAYS":2.929821590752,"INVENTORY_TDAYS":2.217161666469,"CURRENT_ASSETS_TDAYS":0.815164029651,"TOTAL_ASSETS_TDAYS":0.579746343841,"PREMIUM_EXPENSE":null,"LOAN_DEPOSIT":null,"LOAN_EQUITY":null,"LOAN_ASSETS":null,"DEPOSIT_EQUITY":null,"DEPOSIT_ASSETS":null,"EQUITY_MULTIPLIER":2.460621397544,"EQUITY_RATIO":1.476637626661},{"SECUCODE":"03390.HK","SECURITY_CODE":"03390","SECURITY_NAME_ABBR":"满贯集团","ORG_CODE":"10000043629","STD_REPORT_DATE":"2020-12-31 00:00:00","REPORT_DATE":"2020-12-31 00:00:00","DATE_TYPE_CODE":"001","REPORT_TYPE":"2020年年报","PER_NETCASH_OPERATE":-0.10871358675,"PER_OI":0.53232783155,"BPS":0.30315557185,"BASIC_EPS":-0.0673312,"DILUTED_EPS":-0.0673312,"OPERATE_INCOME":425862265.24,"OPERATE_INCOME_YOY":-27.7934513489,"GROSS_PROFIT":44866145.12,"GROSS_PROFIT_YOY":-73.796244337965,"HOLDER_PROFIT":-51452819.76,"HOLDER_PROFIT_YOY":-212.1395553599,"GROSS_PROFIT_RATIO":16.566697826641,"EPS_TTM":-0.0643160247,"OPERATE_INCOME_QOQ":-1.621170867192,"NET_PROFIT_RATIO":-12.0486332761,"ROE_AVG":-30.076970950784,"GROSS_PROFIT_QOQ":-31.927540619187,"ROA":-12.396960682326,"HOLDER_PROFIT_QOQ":-49.122308801976,"ROE_YEARLY":-30.076970950784,"ROIC_YEARLY":-15.016746273386,"TOTAL_ASSETS":521741052.4,"TOTAL_LIABILITIES":277295972.44,"TAX_EBT":10.959704391769,"OCF_SALES":-20.422300001383,"TOTAL_PARENT_EQUITY":242524457.48,"DEBT_ASSET_RATIO":53.1481989321,"OPERATE_PROFIT":-52024293.32,"PRETAX_PROFIT":-57626249.16,"NETCASH_OPERATE":-86970869.4,"NETCASH_INVEST":-62977396.28,"NETCASH_FINANCE":208054249.64,"END_CASH":100444684.16,"DIVI_RATIO":-0.49315392467,"DIVIDEND_RATE":1.017441860465,"CURRENT_RATIO":1.344151518924,"COMMON_ACS":10000000000,"CURRENTDEBT_DEBT":97.513893483797,"ISSUED_COMMON_SHARES":800000000,"HK_COMMON_SHARES":800000000,"PER_SHARES":2000,"TOTAL_MARKET_CAP":2752000000,"HKSK_MARKET_CAP":2752000000,"PE_TTM":11.923743500867,"PB_TTM":5.12534943448,"REPORT_DATE_SQ":"2019-12-31 00:00:00","REPORT_TYPE_SQ":"2019年年报","OPERATE_INCOME_SQ":627722313.9,"DPS_HKD":0.035,"OPERATE_INCOME_QOQ_SQ":3.330095650282,"NET_PROFIT_RATIO_SQ":7.7796091359,"HOLDER_PROFIT_SQ":48834342.48,"HOLDER_PROFIT_QOQ_SQ":-44.762892379902,"ROE_AVG_SQ":46.933636375376,"PE_TTM_SQ":34.483392459975,"PB_TTM_SQ":9.875139494241,"ROA_SQ":14.637839927826,"START_DATE":"2020-01-01 00:00:00","FISCAL_YEAR":"12-31","CURRENCY":"HKD","IS_CNY_CODE":0,"DPS_HKD_LY":null,"ORG_TYPE":"一般企业","PREMIUM_INCOME":null,"PREMIUM_INCOME_YOY":null,"NET_INTEREST_INCOME":null,"NET_INTEREST_INCOME_YOY":null,"FEE_COMMISSION_INCOME":null,"FEE_COMMISSION_INCOME_YOY":null,"ACCOUNTS_RECE_TDAYS":4.194274630404,"INVENTORY_TDAYS":4.032043169934,"CURRENT_ASSETS_TDAYS":1.410773932003,"TOTAL_ASSETS_TDAYS":1.026065778881,"PREMIUM_EXPENSE":null,"LOAN_DEPOSIT":null,"LOAN_EQUITY":null,"LOAN_ASSETS":null,"DEPOSIT_EQUITY":null,"DEPOSIT_ASSETS":null,"EQUITY_MULTIPLIER":2.1343896653,"EQUITY_RATIO":1.143373230565},{"SECUCODE":"03390.HK","SECURITY_CODE":"03390","SECURITY_NAME_ABBR":"满贯集团","ORG_CODE":"10000043629","STD_REPORT_DATE":"2020-06-30 00:00:00","REPORT_DATE":"2020-06-30 00:00:00","DATE_TYPE_CODE":"002","REPORT_TYPE":"2020年中报","PER_NETCASH_OPERATE":-0.095020596,"PER_OI":0.2096710176,"BPS":0.3431474376,"BASIC_EPS":-0.0639408,"DILUTED_EPS":-0.0639408,"OPERATE_INCOME":167736814.08,"OPERATE_INCOME_YOY":-55.4486985087,"GROSS_PROFIT":33069268.32,"GROSS_PROFIT_YOY":-67.143659892856,"HOLDER_PROFIT":-44172131.52,"HOLDER_PROFIT_YOY":-208.6110861558,"GROSS_PROFIT_RATIO":19.714973425111,"EPS_TTM":-0.0431297136,"OPERATE_INCOME_QOQ":-31.039572764182,"NET_PROFIT_RATIO":-26.3341901194,"ROE_AVG":-23.088528785463,"GROSS_PROFIT_QOQ":-39.468915676606,"ROA":-12.068952608185,"HOLDER_PROFIT_QOQ":-170.654726014036,"ROE_YEARLY":-46.177057570925,"ROIC_YEARLY":-28.178764243655,"TOTAL_ASSETS":397344573.12,"TOTAL_LIABILITIES":122826623.04,"TAX_EBT":5.76061113926,"OCF_SALES":-45.318898666899,"TOTAL_PARENT_EQUITY":274517950.08,"DEBT_ASSET_RATIO":30.9118662615,"OPERATE_PROFIT":-44038769.28,"PRETAX_PROFIT":-46872260.16,"NETCASH_OPERATE":-76016476.8,"NETCASH_INVEST":-37624593.6,"NETCASH_FINANCE":126655763.52,"END_CASH":58897697.76,"DIVI_RATIO":-0.735402518416,"DIVIDEND_RATE":1.017441860465,"CURRENT_RATIO":2.485451128113,"COMMON_ACS":10000000000,"CURRENTDEBT_DEBT":95.357190665298,"ISSUED_COMMON_SHARES":800000000,"HK_COMMON_SHARES":800000000,"PER_SHARES":2000,"TOTAL_MARKET_CAP":2752000000,"HKSK_MARKET_CAP":2752000000,"PE_TTM":11.923743500867,"PB_TTM":5.12534943448,"REPORT_DATE_SQ":"2019-06-30 00:00:00","REPORT_TYPE_SQ":"2019年中报","OPERATE_INCOME_SQ":362579138.46,"DPS_HKD":0.035,"OPERATE_INCOME_QOQ_SQ":0,"NET_PROFIT_RATIO_SQ":10.8020505555,"HOLDER_PROFIT_SQ":39165981.84,"HOLDER_PROFIT_QOQ_SQ":0,"ROE_AVG_SQ":null,"PE_TTM_SQ":34.483392459975,"PB_TTM_SQ":9.875139494241,"ROA_SQ":null,"START_DATE":"2020-01-01 00:00:00","FISCAL_YEAR":"12-31","CURRENCY":"HKD","IS_CNY_CODE":0,"DPS_HKD_LY":null,"ORG_TYPE":"一般企业","PREMIUM_INCOME":null,"PREMIUM_INCOME_YOY":null,"NET_INTEREST_INCOME":null,"NET_INTEREST_INCOME_YOY":null,"FEE_COMMISSION_INCOME":null,"FEE_COMMISSION_INCOME_YOY":null,"ACCOUNTS_RECE_TDAYS":2.053727604178,"INVENTORY_TDAYS":1.416946187781,"CURRENT_ASSETS_TDAYS":0.607884905995,"TOTAL_ASSETS_TDAYS":0.458299744685,"PREMIUM_EXPENSE":null,"LOAN_DEPOSIT":null,"LOAN_EQUITY":null,"LOAN_ASSETS":null,"DEPOSIT_EQUITY":null,"DEPOSIT_ASSETS":null,"EQUITY_MULTIPLIER":1.447426563562,"EQUITY_RATIO":0.447426563561}],"count":14},"success":true,"message":"ok","code":0}