{"version":"9331caa9ad10c979d37e58a5abcce384","result":{"pages":5,"data":[{"SECUCODE":"03395.HK","SECURITY_CODE":"03395","SECURITY_NAME_ABBR":"吉星新能源","ORG_CODE":"10530982","STD_REPORT_DATE":"2024-09-30 00:00:00","REPORT_DATE":"2024-09-30 00:00:00","DATE_TYPE_CODE":"004","REPORT_TYPE":"2024年三季报","PER_NETCASH_OPERATE":-0.031622142885,"PER_OI":0.03769710465,"BPS":-0.10712669728,"BASIC_EPS":-0.103736,"DILUTED_EPS":-0.103736,"OPERATE_INCOME":19711307.8644,"OPERATE_INCOME_YOY":-61.4153951871,"GROSS_PROFIT":-32897559.0872,"GROSS_PROFIT_YOY":-1567.33190613715,"HOLDER_PROFIT":-59596430.5492,"HOLDER_PROFIT_YOY":-65.9247335461,"GROSS_PROFIT_RATIO":-166.896886363463,"EPS_TTM":-0.260106512644,"OPERATE_INCOME_QOQ":-33.540682905113,"NET_PROFIT_RATIO":-302.346404202,"ROE_AVG":140.985850209837,"GROSS_PROFIT_QOQ":-57.075944990096,"ROA":-34.650672939685,"HOLDER_PROFIT_QOQ":-5.17558673008,"ROE_YEARLY":187.981133613116,"ROIC_YEARLY":-34.922793475406,"TOTAL_ASSETS":159813290.4852,"TOTAL_LIABILITIES":215828396.4252,"TAX_EBT":null,"OCF_SALES":-83.88480542107,"TOTAL_PARENT_EQUITY":-56015105.94,"DEBT_ASSET_RATIO":135.0503426655,"OPERATE_PROFIT":-46557344.4028,"PRETAX_PROFIT":-59596430.5492,"NETCASH_OPERATE":-16534792.248,"NETCASH_INVEST":7297391.9088,"NETCASH_FINANCE":8148488.734,"END_CASH":795955.9544,"DIVI_RATIO":null,"DIVIDEND_RATE":null,"CURRENT_RATIO":0.027728966651,"COMMON_ACS":null,"CURRENTDEBT_DEBT":50.933389414538,"ISSUED_COMMON_SHARES":522886520,"HK_COMMON_SHARES":522886520,"PER_SHARES":1000,"TOTAL_MARKET_CAP":63269268.92,"HKSK_MARKET_CAP":63269268.92,"PE_TTM":-0.41924414308,"PB_TTM":-1.018575132806,"REPORT_DATE_SQ":"2023-09-30 00:00:00","REPORT_TYPE_SQ":"2023年三季报","OPERATE_INCOME_SQ":52750457.8318,"DPS_HKD":null,"OPERATE_INCOME_QOQ_SQ":-3.912620668406,"NET_PROFIT_RATIO_SQ":-70.3084842954,"HOLDER_PROFIT_SQ":-37088047.3604,"HOLDER_PROFIT_QOQ_SQ":-7.754108205991,"ROE_AVG_SQ":-112.029553845009,"PE_TTM_SQ":-1.059288935368,"PB_TTM_SQ":4.919925611468,"ROA_SQ":-13.896495237966,"START_DATE":"2024-01-01 00:00:00","FISCAL_YEAR":"12-31","CURRENCY":"HKD","IS_CNY_CODE":0,"DPS_HKD_LY":null,"ORG_TYPE":"一般企业","PREMIUM_INCOME":null,"PREMIUM_INCOME_YOY":null,"NET_INTEREST_INCOME":null,"NET_INTEREST_INCOME_YOY":null,"FEE_COMMISSION_INCOME":null,"FEE_COMMISSION_INCOME_YOY":null,"ACCOUNTS_RECE_TDAYS":8.611465992907,"INVENTORY_TDAYS":null,"CURRENT_ASSETS_TDAYS":2.858800085457,"TOTAL_ASSETS_TDAYS":0.114605870809,"PREMIUM_EXPENSE":null,"LOAN_DEPOSIT":null,"LOAN_EQUITY":null,"LOAN_ASSETS":null,"DEPOSIT_EQUITY":null,"DEPOSIT_ASSETS":null,"EQUITY_MULTIPLIER":-2.853039154405,"EQUITY_RATIO":-3.853039154409},{"SECUCODE":"03395.HK","SECURITY_CODE":"03395","SECURITY_NAME_ABBR":"吉星新能源","ORG_CODE":"10530982","STD_REPORT_DATE":"2024-06-30 00:00:00","REPORT_DATE":"2024-06-30 00:00:00","DATE_TYPE_CODE":"002","REPORT_TYPE":"2024年中报","PER_NETCASH_OPERATE":-0.017559888098,"PER_OI":0.035927119905,"BPS":-0.092143742818,"BASIC_EPS":-0.052274,"DILUTED_EPS":-0.052274,"OPERATE_INCOME":18785806.7006,"OPERATE_INCOME_YOY":-43.4217528096,"GROSS_PROFIT":-17668016.0764,"GROSS_PROFIT_YOY":-1874.88843518535,"HOLDER_PROFIT":-38044149.4516,"HOLDER_PROFIT_YOY":-79.1620744773,"GROSS_PROFIT_RATIO":-94.049813020996,"EPS_TTM":-0.247306928092,"OPERATE_INCOME_QOQ":-20.684661909373,"NET_PROFIT_RATIO":-202.5153886545,"ROE_AVG":98.904160932346,"GROSS_PROFIT_QOQ":-77.662060138637,"ROA":-21.774362939129,"HOLDER_PROFIT_QOQ":-6.931854162126,"ROE_YEARLY":197.808321864692,"ROIC_YEARLY":-44.170491730051,"TOTAL_ASSETS":163827259.6496,"TOTAL_LIABILITIES":212007980.6714,"TAX_EBT":null,"OCF_SALES":-48.876414655681,"TOTAL_PARENT_EQUITY":-48180721.0218,"DEBT_ASSET_RATIO":129.4094652653,"OPERATE_PROFIT":-28976309.3566,"PRETAX_PROFIT":-38044149.4516,"NETCASH_OPERATE":-9181828.7794,"NETCASH_INVEST":8297143.6034,"NETCASH_FINANCE":2005021.544,"END_CASH":3019748.7498,"DIVI_RATIO":null,"DIVIDEND_RATE":null,"CURRENT_RATIO":0.07073210144,"COMMON_ACS":null,"CURRENTDEBT_DEBT":35.308707403626,"ISSUED_COMMON_SHARES":522886520,"HK_COMMON_SHARES":522886520,"PER_SHARES":1000,"TOTAL_MARKET_CAP":101962871.4,"HKSK_MARKET_CAP":101962871.4,"PE_TTM":-0.675641387608,"PB_TTM":-1.641505379316,"REPORT_DATE_SQ":"2023-06-30 00:00:00","REPORT_TYPE_SQ":"2023年中报","OPERATE_INCOME_SQ":34757509.6728,"DPS_HKD":null,"OPERATE_INCOME_QOQ_SQ":-22.086207668899,"NET_PROFIT_RATIO_SQ":-63.9530757421,"HOLDER_PROFIT_SQ":-22228496.4871,"HOLDER_PROFIT_QOQ_SQ":-89.91232827857,"ROE_AVG_SQ":-60.862554551581,"PE_TTM_SQ":-1.095702953841,"PB_TTM_SQ":5.089052519262,"ROA_SQ":-8.05398076102,"START_DATE":"2024-01-01 00:00:00","FISCAL_YEAR":"12-31","CURRENCY":"HKD","IS_CNY_CODE":0,"DPS_HKD_LY":null,"ORG_TYPE":"一般企业","PREMIUM_INCOME":null,"PREMIUM_INCOME_YOY":null,"NET_INTEREST_INCOME":null,"NET_INTEREST_INCOME_YOY":null,"FEE_COMMISSION_INCOME":null,"FEE_COMMISSION_INCOME_YOY":null,"ACCOUNTS_RECE_TDAYS":7.561839812812,"INVENTORY_TDAYS":null,"CURRENT_ASSETS_TDAYS":2.330658335998,"TOTAL_ASSETS_TDAYS":0.107519547447,"PREMIUM_EXPENSE":null,"LOAN_DEPOSIT":null,"LOAN_EQUITY":null,"LOAN_ASSETS":null,"DEPOSIT_EQUITY":null,"DEPOSIT_ASSETS":null,"EQUITY_MULTIPLIER":-3.400265836115,"EQUITY_RATIO":-4.400265836111},{"SECUCODE":"03395.HK","SECURITY_CODE":"03395","SECURITY_NAME_ABBR":"吉星新能源","ORG_CODE":"10530982","STD_REPORT_DATE":"2024-03-31 00:00:00","REPORT_DATE":"2024-03-31 00:00:00","DATE_TYPE_CODE":"003","REPORT_TYPE":"2024年一季报","PER_NETCASH_OPERATE":0.000437439245,"PER_OI":0.030136898445,"BPS":-0.07144775227,"BASIC_EPS":-0.052738,"DILUTED_EPS":-0.052738,"OPERATE_INCOME":14763660.303,"OPERATE_INCOME_YOY":-18.5343525579,"GROSS_PROFIT":-4516197.5348,"GROSS_PROFIT_YOY":-418.238631445138,"HOLDER_PROFIT":-18087741.7168,"HOLDER_PROFIT_YOY":-63.5998944866,"GROSS_PROFIT_RATIO":-30.589958330878,"EPS_TTM":-0.246854553159,"OPERATE_INCOME_QOQ":-4.040210247627,"NET_PROFIT_RATIO":-122.5152932645,"ROE_AVG":54.509974821764,"GROSS_PROFIT_QOQ":-74.00562835962,"ROA":-9.767191049044,"HOLDER_PROFIT_QOQ":-6.548947698217,"ROE_YEARLY":218.039899287056,"ROIC_YEARLY":-39.531775771936,"TOTAL_ASSETS":183117421.5276,"TOTAL_LIABILITIES":220476488.0738,"TAX_EBT":null,"OCF_SALES":1.451507179127,"TOTAL_PARENT_EQUITY":-37359066.5462,"DEBT_ASSET_RATIO":120.4016997588,"OPERATE_PROFIT":-13106959.3186,"PRETAX_PROFIT":-18087741.7168,"NETCASH_OPERATE":214295.5892,"NETCASH_INVEST":-816848.3344,"NETCASH_FINANCE":1108547.4862,"END_CASH":2422008.4714,"DIVI_RATIO":null,"DIVIDEND_RATE":null,"CURRENT_RATIO":0.15562193403,"COMMON_ACS":null,"CURRENTDEBT_DEBT":34.495064476509,"ISSUED_COMMON_SHARES":522886520,"HK_COMMON_SHARES":522886520,"PER_SHARES":1000,"TOTAL_MARKET_CAP":101962871.4,"HKSK_MARKET_CAP":101962871.4,"PE_TTM":-0.675641387608,"PB_TTM":-1.641505379316,"REPORT_DATE_SQ":"2023-03-31 00:00:00","REPORT_TYPE_SQ":"2023年一季报","OPERATE_INCOME_SQ":17464844.2512,"DPS_HKD":null,"OPERATE_INCOME_QOQ_SQ":-8.027614102587,"NET_PROFIT_RATIO_SQ":-61.0072990492,"HOLDER_PROFIT_SQ":-10654829.7608,"HOLDER_PROFIT_QOQ_SQ":-140.849182272406,"ROE_AVG_SQ":-27.415332113315,"PE_TTM_SQ":-1.095702953841,"PB_TTM_SQ":5.089052519262,"ROA_SQ":-4.098059369401,"START_DATE":"2024-01-01 00:00:00","FISCAL_YEAR":"12-31","CURRENCY":"HKD","IS_CNY_CODE":0,"DPS_HKD_LY":null,"ORG_TYPE":"一般企业","PREMIUM_INCOME":null,"PREMIUM_INCOME_YOY":null,"NET_INTEREST_INCOME":null,"NET_INTEREST_INCOME_YOY":null,"FEE_COMMISSION_INCOME":null,"FEE_COMMISSION_INCOME_YOY":null,"ACCOUNTS_RECE_TDAYS":3.49797982133,"INVENTORY_TDAYS":null,"CURRENT_ASSETS_TDAYS":1.297477866006,"TOTAL_ASSETS_TDAYS":0.07972221907,"PREMIUM_EXPENSE":null,"LOAN_DEPOSIT":null,"LOAN_EQUITY":null,"LOAN_ASSETS":null,"DEPOSIT_EQUITY":null,"DEPOSIT_ASSETS":null,"EQUITY_MULTIPLIER":-4.901552379569,"EQUITY_RATIO":-5.901552379558},{"SECUCODE":"03395.HK","SECURITY_CODE":"03395","SECURITY_NAME_ABBR":"吉星新能源","ORG_CODE":"10530982","STD_REPORT_DATE":"2023-12-31 00:00:00","REPORT_DATE":"2023-12-31 00:00:00","DATE_TYPE_CODE":"001","REPORT_TYPE":"2023年年报","PER_NETCASH_OPERATE":0.047827721098,"PER_OI":0.145378276041,"BPS":-0.056455977275,"BASIC_EPS":-0.268365,"DILUTED_EPS":-0.268365,"OPERATE_INCOME":66857509.4523,"OPERATE_INCOME_YOY":-44.298461256,"GROSS_PROFIT":-8020093.3923,"GROSS_PROFIT_YOY":-116.363545716621,"HOLDER_PROFIT":-113497806.0372,"HOLDER_PROFIT_YOY":-490.7870235723,"GROSS_PROFIT_RATIO":-11.995800408961,"EPS_TTM":-0.246795244264,"OPERATE_INCOME_QOQ":-15.501586058248,"NET_PROFIT_RATIO":-169.7607448542,"ROE_AVG":-1330.96657346113,"GROSS_PROFIT_QOQ":-187.333718124184,"ROA":-48.110585507155,"HOLDER_PROFIT_QOQ":-25.204023659396,"ROE_YEARLY":-1330.96657346113,"ROIC_YEARLY":-48.494837057602,"TOTAL_ASSETS":190580097.1317,"TOTAL_LIABILITIES":220100166.6222,"TAX_EBT":null,"OCF_SALES":32.898808818017,"TOTAL_PARENT_EQUITY":-29520069.4905,"DEBT_ASSET_RATIO":115.4895867589,"OPERATE_PROFIT":-101308608.6969,"PRETAX_PROFIT":-112368569.0556,"NETCASH_OPERATE":21995324.2152,"NETCASH_INVEST":-19605286.9944,"NETCASH_FINANCE":-2235560.9595,"END_CASH":1949966.9265,"DIVI_RATIO":null,"DIVIDEND_RATE":null,"CURRENT_RATIO":0.136331789644,"COMMON_ACS":null,"CURRENTDEBT_DEBT":37.043513431433,"ISSUED_COMMON_SHARES":522886520,"HK_COMMON_SHARES":522886520,"PER_SHARES":1000,"TOTAL_MARKET_CAP":101962871.4,"HKSK_MARKET_CAP":101962871.4,"PE_TTM":-0.675641387608,"PB_TTM":-1.641505379316,"REPORT_DATE_SQ":"2022-12-31 00:00:00","REPORT_TYPE_SQ":"2022年年报","OPERATE_INCOME_SQ":114911499.5865,"DPS_HKD":null,"OPERATE_INCOME_QOQ_SQ":0.484535497737,"NET_PROFIT_RATIO_SQ":-16.0056574187,"HOLDER_PROFIT_SQ":-18392340.9585,"HOLDER_PROFIT_QOQ_SQ":-166.436858921296,"ROE_AVG_SQ":-52.285839557636,"PE_TTM_SQ":-1.095702953841,"PB_TTM_SQ":5.089052519262,"ROA_SQ":-6.793102440439,"START_DATE":"2023-01-01 00:00:00","FISCAL_YEAR":"12-31","CURRENCY":"HKD","IS_CNY_CODE":0,"DPS_HKD_LY":null,"ORG_TYPE":"一般企业","PREMIUM_INCOME":null,"PREMIUM_INCOME_YOY":null,"NET_INTEREST_INCOME":null,"NET_INTEREST_INCOME_YOY":null,"FEE_COMMISSION_INCOME":null,"FEE_COMMISSION_INCOME_YOY":null,"ACCOUNTS_RECE_TDAYS":7.209912808129,"INVENTORY_TDAYS":null,"CURRENT_ASSETS_TDAYS":4.372121225097,"TOTAL_ASSETS_TDAYS":0.283402299798,"PREMIUM_EXPENSE":null,"LOAN_DEPOSIT":null,"LOAN_EQUITY":null,"LOAN_ASSETS":null,"DEPOSIT_EQUITY":null,"DEPOSIT_ASSETS":null,"EQUITY_MULTIPLIER":-6.455950152611,"EQUITY_RATIO":-7.455950152591},{"SECUCODE":"03395.HK","SECURITY_CODE":"03395","SECURITY_NAME_ABBR":"吉星新能源","ORG_CODE":"10530982","STD_REPORT_DATE":"2023-09-30 00:00:00","REPORT_DATE":"2023-09-30 00:00:00","DATE_TYPE_CODE":"004","REPORT_TYPE":"2023年三季报","PER_NETCASH_OPERATE":0.031762804738,"PER_OI":0.114703205112,"BPS":0.037744255342,"BASIC_EPS":-0.107116,"DILUTED_EPS":-0.107116,"OPERATE_INCOME":52750457.8318,"OPERATE_INCOME_YOY":-42.061023568,"GROSS_PROFIT":-1973066.0084,"GROSS_PROFIT_YOY":-105.212082860685,"HOLDER_PROFIT":-37088047.3604,"HOLDER_PROFIT_YOY":-202.5516939271,"GROSS_PROFIT_RATIO":-3.740377030833,"EPS_TTM":-0.197114467292,"OPERATE_INCOME_QOQ":-3.912620668406,"NET_PROFIT_RATIO":-70.3084842954,"ROE_AVG":-112.029553845009,"GROSS_PROFIT_QOQ":-39.430702939915,"ROA":-13.896495237966,"HOLDER_PROFIT_QOQ":-7.754108205991,"ROE_YEARLY":-149.372738460012,"ROIC_YEARLY":-13.976482811607,"TOTAL_ASSETS":253137725.5434,"TOTAL_LIABILITIES":233401763.2174,"TAX_EBT":null,"OCF_SALES":27.691296601021,"TOTAL_PARENT_EQUITY":19735962.326,"DEBT_ASSET_RATIO":92.2034685728,"OPERATE_PROFIT":-29626502.1186,"PRETAX_PROFIT":-37012471.6666,"NETCASH_OPERATE":14607285.7366,"NETCASH_INVEST":-12800485.1834,"NETCASH_FINANCE":-2328594.724,"END_CASH":1270106.5468,"DIVI_RATIO":null,"DIVIDEND_RATE":null,"CURRENT_RATIO":0.158239617205,"COMMON_ACS":null,"CURRENTDEBT_DEBT":32.369396051832,"ISSUED_COMMON_SHARES":522886520,"HK_COMMON_SHARES":522886520,"PER_SHARES":1000,"TOTAL_MARKET_CAP":101962871.4,"HKSK_MARKET_CAP":101962871.4,"PE_TTM":-0.675641387608,"PB_TTM":-1.641505379316,"REPORT_DATE_SQ":"2022-09-30 00:00:00","REPORT_TYPE_SQ":"2022年三季报","OPERATE_INCOME_SQ":88539159.3284,"DPS_HKD":null,"OPERATE_INCOME_QOQ_SQ":-0.582651705866,"NET_PROFIT_RATIO_SQ":39.7224215278,"HOLDER_PROFIT_SQ":35169898.0856,"HOLDER_PROFIT_QOQ_SQ":-37.472161290914,"ROE_AVG_SQ":56.254200559773,"PE_TTM_SQ":-1.095702953841,"PB_TTM_SQ":5.089052519262,"ROA_SQ":11.870198916549,"START_DATE":"2023-01-01 00:00:00","FISCAL_YEAR":"12-31","CURRENCY":"HKD","IS_CNY_CODE":0,"DPS_HKD_LY":null,"ORG_TYPE":"一般企业","PREMIUM_INCOME":null,"PREMIUM_INCOME_YOY":null,"NET_INTEREST_INCOME":null,"NET_INTEREST_INCOME_YOY":null,"FEE_COMMISSION_INCOME":null,"FEE_COMMISSION_INCOME_YOY":null,"ACCOUNTS_RECE_TDAYS":5.115625394415,"INVENTORY_TDAYS":null,"CURRENT_ASSETS_TDAYS":3.361888090107,"TOTAL_ASSETS_TDAYS":0.197650331638,"PREMIUM_EXPENSE":null,"LOAN_DEPOSIT":null,"LOAN_EQUITY":null,"LOAN_ASSETS":null,"DEPOSIT_EQUITY":null,"DEPOSIT_ASSETS":null,"EQUITY_MULTIPLIER":12.826216495598,"EQUITY_RATIO":11.826216495657},{"SECUCODE":"03395.HK","SECURITY_CODE":"03395","SECURITY_NAME_ABBR":"吉星新能源","ORG_CODE":"10530982","STD_REPORT_DATE":"2023-06-30 00:00:00","REPORT_DATE":"2023-06-30 00:00:00","DATE_TYPE_CODE":"002","REPORT_TYPE":"2023年中报","PER_NETCASH_OPERATE":0.028602887585,"PER_OI":0.077258393234,"BPS":0.048883417506,"BASIC_EPS":-0.054721,"DILUTED_EPS":-0.054721,"OPERATE_INCOME":34757509.6728,"OPERATE_INCOME_YOY":-50.8854967817,"GROSS_PROFIT":-894633.629,"GROSS_PROFIT_YOY":-102.714653325288,"HOLDER_PROFIT":-22228496.4871,"HOLDER_PROFIT_YOY":-148.6063351492,"GROSS_PROFIT_RATIO":-2.573929022597,"EPS_TTM":-0.186996019957,"OPERATE_INCOME_QOQ":-22.086207668899,"NET_PROFIT_RATIO":-63.9530757421,"ROE_AVG":-60.862554551581,"GROSS_PROFIT_QOQ":-62.486482171187,"ROA":-8.05398076102,"HOLDER_PROFIT_QOQ":-89.91232827857,"ROE_YEARLY":-121.725109103161,"ROIC_YEARLY":-16.1789246075,"TOTAL_ASSETS":265256003.6181,"TOTAL_LIABILITIES":239695523.5526,"TAX_EBT":null,"OCF_SALES":37.022369204921,"TOTAL_PARENT_EQUITY":25560480.0655,"DEBT_ASSET_RATIO":90.3638448454,"OPERATE_PROFIT":-19268883.8416,"PRETAX_PROFIT":-22146037.4122,"NETCASH_OPERATE":12868053.5575,"NETCASH_INVEST":-8313914.7488,"NETCASH_FINANCE":-5815206.1421,"END_CASH":597646.3457,"DIVI_RATIO":null,"DIVIDEND_RATE":null,"CURRENT_RATIO":0.103252067901,"COMMON_ACS":null,"CURRENTDEBT_DEBT":42.072431867202,"ISSUED_COMMON_SHARES":522886520,"HK_COMMON_SHARES":522886520,"PER_SHARES":1000,"TOTAL_MARKET_CAP":101962871.4,"HKSK_MARKET_CAP":101962871.4,"PE_TTM":-0.675641387608,"PB_TTM":-1.641505379316,"REPORT_DATE_SQ":"2022-06-30 00:00:00","REPORT_TYPE_SQ":"2022年中报","OPERATE_INCOME_SQ":67324378.1118,"DPS_HKD":null,"OPERATE_INCOME_QOQ_SQ":15.453743875342,"NET_PROFIT_RATIO_SQ":64.6216877233,"HOLDER_PROFIT_SQ":43506151.2268,"HOLDER_PROFIT_QOQ_SQ":640.832429663883,"ROE_AVG_SQ":73.02072519416,"PE_TTM_SQ":-1.095702953841,"PB_TTM_SQ":5.089052519262,"ROA_SQ":15.036537652356,"START_DATE":"2023-01-01 00:00:00","FISCAL_YEAR":"12-31","CURRENCY":"HKD","IS_CNY_CODE":0,"DPS_HKD_LY":null,"ORG_TYPE":"一般企业","PREMIUM_INCOME":null,"PREMIUM_INCOME_YOY":null,"NET_INTEREST_INCOME":null,"NET_INTEREST_INCOME_YOY":null,"FEE_COMMISSION_INCOME":null,"FEE_COMMISSION_INCOME_YOY":null,"ACCOUNTS_RECE_TDAYS":3.544617239065,"INVENTORY_TDAYS":null,"CURRENT_ASSETS_TDAYS":2.29720486286,"TOTAL_ASSETS_TDAYS":0.125935784441,"PREMIUM_EXPENSE":null,"LOAN_DEPOSIT":null,"LOAN_EQUITY":null,"LOAN_ASSETS":null,"DEPOSIT_EQUITY":null,"DEPOSIT_ASSETS":null,"EQUITY_MULTIPLIER":10.377583008537,"EQUITY_RATIO":9.377583008549},{"SECUCODE":"03395.HK","SECURITY_CODE":"03395","SECURITY_NAME_ABBR":"吉星新能源","ORG_CODE":"10530982","STD_REPORT_DATE":"2023-03-31 00:00:00","REPORT_DATE":"2023-03-31 00:00:00","DATE_TYPE_CODE":"003","REPORT_TYPE":"2023年一季报","PER_NETCASH_OPERATE":0.018485261864,"PER_OI":0.038820554684,"BPS":0.06430880141,"BASIC_EPS":0,"DILUTED_EPS":0,"OPERATE_INCOME":17464844.2512,"OPERATE_INCOME_YOY":-34.5306666794,"GROSS_PROFIT":1419122.9752,"GROSS_PROFIT_YOY":-85.829630052546,"HOLDER_PROFIT":-10654829.7608,"HOLDER_PROFIT_YOY":-169.8992064551,"GROSS_PROFIT_RATIO":8.125597656575,"EPS_TTM":-0.098464392308,"OPERATE_INCOME_QOQ":-8.027614102587,"NET_PROFIT_RATIO":-61.0072990492,"ROE_AVG":-27.415332113315,"GROSS_PROFIT_QOQ":-17.537757950611,"ROA":-4.098059369401,"HOLDER_PROFIT_QOQ":-140.849182272406,"ROE_YEARLY":-109.661328453259,"ROIC_YEARLY":-16.487778525409,"TOTAL_ASSETS":253681937.7792,"TOTAL_LIABILITIES":220055732.4048,"TAX_EBT":null,"OCF_SALES":47.617201800289,"TOTAL_PARENT_EQUITY":33626205.3744,"DEBT_ASSET_RATIO":86.7447380492,"OPERATE_PROFIT":-8656663.8712,"PRETAX_PROFIT":-10654829.7608,"NETCASH_OPERATE":8316270.1312,"NETCASH_INVEST":-7151638.1712,"NETCASH_FINANCE":-1538686.4352,"END_CASH":1319594.336,"DIVI_RATIO":null,"DIVIDEND_RATE":null,"CURRENT_RATIO":0.179931053579,"COMMON_ACS":null,"CURRENTDEBT_DEBT":30.077568730019,"ISSUED_COMMON_SHARES":522886520,"HK_COMMON_SHARES":522886520,"PER_SHARES":1000,"TOTAL_MARKET_CAP":101962871.4,"HKSK_MARKET_CAP":101962871.4,"PE_TTM":-0.675641387608,"PB_TTM":-1.641505379316,"REPORT_DATE_SQ":"2022-03-31 00:00:00","REPORT_TYPE_SQ":"2022年一季报","OPERATE_INCOME_SQ":26689495.9975,"DPS_HKD":null,"OPERATE_INCOME_QOQ_SQ":5.588766048608,"NET_PROFIT_RATIO_SQ":57.1409628229,"HOLDER_PROFIT_SQ":15250632.08,"HOLDER_PROFIT_QOQ_SQ":124.832879108091,"ROE_AVG_SQ":46.002053159121,"PE_TTM_SQ":-1.095702953841,"PB_TTM_SQ":5.089052519262,"ROA_SQ":5.416419679771,"START_DATE":"2023-01-01 00:00:00","FISCAL_YEAR":"12-31","CURRENCY":"HKD","IS_CNY_CODE":0,"DPS_HKD_LY":null,"ORG_TYPE":"一般企业","PREMIUM_INCOME":null,"PREMIUM_INCOME_YOY":null,"NET_INTEREST_INCOME":null,"NET_INTEREST_INCOME_YOY":null,"FEE_COMMISSION_INCOME":null,"FEE_COMMISSION_INCOME_YOY":null,"ACCOUNTS_RECE_TDAYS":1.700538244614,"INVENTORY_TDAYS":null,"CURRENT_ASSETS_TDAYS":1.151129702908,"TOTAL_ASSETS_TDAYS":0.067173263417,"PREMIUM_EXPENSE":null,"LOAN_DEPOSIT":null,"LOAN_EQUITY":null,"LOAN_ASSETS":null,"DEPOSIT_EQUITY":null,"DEPOSIT_ASSETS":null,"EQUITY_MULTIPLIER":7.544173805933,"EQUITY_RATIO":6.544173805955},{"SECUCODE":"03395.HK","SECURITY_CODE":"03395","SECURITY_NAME_ABBR":"吉星新能源","ORG_CODE":"10530982","STD_REPORT_DATE":"2022-12-31 00:00:00","REPORT_DATE":"2022-12-31 00:00:00","DATE_TYPE_CODE":"001","REPORT_TYPE":"2022年年报","PER_NETCASH_OPERATE":0.151672631515,"PER_OI":0.25542330005,"BPS":0.085275846612,"BASIC_EPS":-0.051385,"DILUTED_EPS":-0.051385,"OPERATE_INCOME":114911499.5865,"OPERATE_INCOME_YOY":18.6096844138,"GROSS_PROFIT":49011953.3455,"GROSS_PROFIT_YOY":119.024408850584,"HOLDER_PROFIT":-18392340.9585,"HOLDER_PROFIT_YOY":25.5675046763,"GROSS_PROFIT_RATIO":42.651913448058,"EPS_TTM":-0.040882178374,"OPERATE_INCOME_QOQ":0.484535497737,"NET_PROFIT_RATIO":-16.0056574187,"ROE_AVG":-52.285839557636,"GROSS_PROFIT_QOQ":3.185671545647,"ROA":-6.793102440439,"HOLDER_PROFIT_QOQ":-166.436858921296,"ROE_YEARLY":-52.285839557636,"ROIC_YEARLY":-6.853006149347,"TOTAL_ASSETS":269251557.5255,"TOTAL_LIABILITIES":224661966.8505,"TAX_EBT":null,"OCF_SALES":59.380891048363,"TOTAL_PARENT_EQUITY":44589590.675,"DEBT_ASSET_RATIO":83.4394307373,"OPERATE_PROFIT":-1655434.5755,"PRETAX_PROFIT":-18392340.9585,"NETCASH_OPERATE":68235472.3715,"NETCASH_INVEST":-60093498.5675,"NETCASH_FINANCE":-9451165.9725,"END_CASH":1712286.9395,"DIVI_RATIO":null,"DIVIDEND_RATE":null,"CURRENT_RATIO":0.089349570915,"COMMON_ACS":null,"CURRENTDEBT_DEBT":92.849738981993,"ISSUED_COMMON_SHARES":522886520,"HK_COMMON_SHARES":522886520,"PER_SHARES":1000,"TOTAL_MARKET_CAP":101962871.4,"HKSK_MARKET_CAP":101962871.4,"PE_TTM":-0.675641387608,"PB_TTM":-1.641505379316,"REPORT_DATE_SQ":"2021-12-31 00:00:00","REPORT_TYPE_SQ":"2021年年报","OPERATE_INCOME_SQ":94357484.0946,"DPS_HKD":null,"OPERATE_INCOME_QOQ_SQ":6.873198567936,"NET_PROFIT_RATIO_SQ":-25.5053383205,"HOLDER_PROFIT_SQ":-24066195.549,"HOLDER_PROFIT_QOQ_SQ":72.030496231587,"ROE_AVG_SQ":-94.520443608642,"PE_TTM_SQ":-1.095702953841,"PB_TTM_SQ":5.089052519262,"ROA_SQ":-9.849173228512,"START_DATE":"2022-01-01 00:00:00","FISCAL_YEAR":"12-31","CURRENCY":"HKD","IS_CNY_CODE":0,"DPS_HKD_LY":null,"ORG_TYPE":"一般企业","PREMIUM_INCOME":null,"PREMIUM_INCOME_YOY":null,"NET_INTEREST_INCOME":null,"NET_INTEREST_INCOME_YOY":null,"FEE_COMMISSION_INCOME":null,"FEE_COMMISSION_INCOME_YOY":null,"ACCOUNTS_RECE_TDAYS":8.990243652404,"INVENTORY_TDAYS":null,"CURRENT_ASSETS_TDAYS":6.375668632913,"TOTAL_ASSETS_TDAYS":0.424418832837,"PREMIUM_EXPENSE":null,"LOAN_DEPOSIT":null,"LOAN_EQUITY":null,"LOAN_ASSETS":null,"DEPOSIT_EQUITY":null,"DEPOSIT_ASSETS":null,"EQUITY_MULTIPLIER":6.038439766997,"EQUITY_RATIO":5.038439766985},{"SECUCODE":"03395.HK","SECURITY_CODE":"03395","SECURITY_NAME_ABBR":"吉星新能源","ORG_CODE":"10530982","STD_REPORT_DATE":"2022-09-30 00:00:00","REPORT_DATE":"2022-09-30 00:00:00","DATE_TYPE_CODE":"004","REPORT_TYPE":"2022年三季报","PER_NETCASH_OPERATE":0.093685599747,"PER_OI":0.19680331682,"BPS":0.189190699021,"BASIC_EPS":0.104168,"DILUTED_EPS":0.104168,"OPERATE_INCOME":88539159.3284,"OPERATE_INCOME_YOY":26.124593519,"GROSS_PROFIT":37855614.754,"GROSS_PROFIT_YOY":197.274928373735,"HOLDER_PROFIT":35169898.0856,"HOLDER_PROFIT_YOY":307.1018795034,"GROSS_PROFIT_RATIO":42.755787429142,"EPS_TTM":0.061535387189,"OPERATE_INCOME_QOQ":-0.582651705866,"NET_PROFIT_RATIO":39.7224215278,"ROE_AVG":56.254200559773,"GROSS_PROFIT_QOQ":0.940650377036,"ROA":11.870198916549,"HOLDER_PROFIT_QOQ":-37.472161290914,"ROE_YEARLY":75.005600746364,"ROIC_YEARLY":12.05132401488,"TOTAL_ASSETS":316622333.964,"TOTAL_LIABILITIES":217697067.7368,"TAX_EBT":null,"OCF_SALES":47.603669115571,"TOTAL_PARENT_EQUITY":98925266.2272,"DEBT_ASSET_RATIO":68.7560681558,"OPERATE_PROFIT":47698329.2808,"PRETAX_PROFIT":35169898.0856,"NETCASH_OPERATE":42147904.0696,"NETCASH_INVEST":-31230071.6148,"NETCASH_FINANCE":-8136656.2312,"END_CASH":5843897.7176,"DIVI_RATIO":null,"DIVIDEND_RATE":null,"CURRENT_RATIO":0.097888602288,"COMMON_ACS":null,"CURRENTDEBT_DEBT":86.725743685561,"ISSUED_COMMON_SHARES":522886520,"HK_COMMON_SHARES":522886520,"PER_SHARES":1000,"TOTAL_MARKET_CAP":101962871.4,"HKSK_MARKET_CAP":101962871.4,"PE_TTM":-0.675641387608,"PB_TTM":-1.641505379316,"REPORT_DATE_SQ":"2021-09-30 00:00:00","REPORT_TYPE_SQ":"2021年三季报","OPERATE_INCOME_SQ":68539246.0212,"DPS_HKD":null,"OPERATE_INCOME_QOQ_SQ":10.146119546281,"NET_PROFIT_RATIO_SQ":-24.1908681891,"HOLDER_PROFIT_SQ":-16580238.6628,"HOLDER_PROFIT_QOQ_SQ":22.775260940354,"ROE_AVG_SQ":-91.196584053368,"PE_TTM_SQ":-1.095702953841,"PB_TTM_SQ":5.089052519262,"ROA_SQ":-7.044736170175,"START_DATE":"2022-01-01 00:00:00","FISCAL_YEAR":"12-31","CURRENCY":"HKD","IS_CNY_CODE":0,"DPS_HKD_LY":null,"ORG_TYPE":"一般企业","PREMIUM_INCOME":null,"PREMIUM_INCOME_YOY":null,"NET_INTEREST_INCOME":null,"NET_INTEREST_INCOME_YOY":null,"FEE_COMMISSION_INCOME":null,"FEE_COMMISSION_INCOME_YOY":null,"ACCOUNTS_RECE_TDAYS":7.939782679212,"INVENTORY_TDAYS":null,"CURRENT_ASSETS_TDAYS":4.901569128879,"TOTAL_ASSETS_TDAYS":0.298828683147,"PREMIUM_EXPENSE":null,"LOAN_DEPOSIT":null,"LOAN_EQUITY":null,"LOAN_ASSETS":null,"DEPOSIT_EQUITY":null,"DEPOSIT_ASSETS":null,"EQUITY_MULTIPLIER":3.200621499837,"EQUITY_RATIO":2.200621499838}],"count":38},"success":true,"message":"ok","code":0}