{"version":"982b5dbf99c4f0e4cfd24c9ae9239973","result":{"pages":3,"data":[{"SECUCODE":"03600.HK","SECURITY_CODE":"03600","SECURITY_NAME_ABBR":"现代牙科","ORG_CODE":"10472703","STD_REPORT_DATE":"2024-06-30 00:00:00","REPORT_DATE":"2024-06-30 00:00:00","DATE_TYPE_CODE":"002","REPORT_TYPE":"2024年中报","PER_NETCASH_OPERATE":0.203220886727,"PER_OI":1.640332028455,"BPS":2.612536433787,"BASIC_EPS":0.206174412,"DILUTED_EPS":0.206174412,"OPERATE_INCOME":1553227117.08,"OPERATE_INCOME_YOY":6.2613639769,"GROSS_PROFIT":834181305.88,"GROSS_PROFIT_YOY":4.318201830787,"HOLDER_PROFIT":196453457.32,"HOLDER_PROFIT_YOY":1.9166575916,"GROSS_PROFIT_RATIO":53.706331592267,"EPS_TTM":0.388569490885,"OPERATE_INCOME_QOQ":2.665724443071,"NET_PROFIT_RATIO":12.5955514972,"ROE_AVG":8.069786261205,"GROSS_PROFIT_QOQ":2.240493720203,"ROA":5.393837815502,"HOLDER_PROFIT_QOQ":0.472510712371,"ROE_YEARLY":16.13957252241,"ROIC_YEARLY":13.103139076238,"TOTAL_ASSETS":3676682095.28,"TOTAL_LIABILITIES":1201255725.8,"TAX_EBT":24.280264226924,"OCF_SALES":12.38900924945,"TOTAL_PARENT_EQUITY":2466435558.8,"DEBT_ASSET_RATIO":32.6722761085,"OPERATE_PROFIT":282693503.2,"PRETAX_PROFIT":258370581.2,"NETCASH_OPERATE":192429451.2,"NETCASH_INVEST":-85314588.36,"NETCASH_FINANCE":-108985856.84,"END_CASH":631585512.16,"DIVI_RATIO":0.397803233723,"DIVIDEND_RATE":4.461942257218,"CURRENT_RATIO":2.860670959858,"COMMON_ACS":3000000000,"CURRENTDEBT_DEBT":44.266421513693,"ISSUED_COMMON_SHARES":944077000,"HK_COMMON_SHARES":944077000,"PER_SHARES":1000,"TOTAL_MARKET_CAP":3596933370,"HKSK_MARKET_CAP":3596933370,"PE_TTM":8.812773171628,"PB_TTM":1.331009495228,"REPORT_DATE_SQ":"2023-06-30 00:00:00","REPORT_TYPE_SQ":"2023年中报","OPERATE_INCOME_SQ":1476598912.96,"DPS_HKD":0.17,"OPERATE_INCOME_QOQ_SQ":10.085583097772,"NET_PROFIT_RATIO_SQ":13.1295143711,"HOLDER_PROFIT_SQ":194723097.98,"HOLDER_PROFIT_QOQ_SQ":55.518379252091,"ROE_AVG_SQ":8.81516150514,"PE_TTM_SQ":11.576007510367,"PB_TTM_SQ":1.553923695746,"ROA_SQ":5.836830947439,"START_DATE":"2024-01-01 00:00:00","FISCAL_YEAR":"12-31","CURRENCY":"HKD","IS_CNY_CODE":0,"DPS_HKD_LY":0.17,"ORG_TYPE":"一般企业","PREMIUM_INCOME":null,"PREMIUM_INCOME_YOY":null,"NET_INTEREST_INCOME":null,"NET_INTEREST_INCOME_YOY":null,"FEE_COMMISSION_INCOME":null,"FEE_COMMISSION_INCOME_YOY":null,"ACCOUNTS_RECE_TDAYS":2.725229693862,"INVENTORY_TDAYS":4.775583809423,"CURRENT_ASSETS_TDAYS":1.051151764761,"TOTAL_ASSETS_TDAYS":0.426454961621,"PREMIUM_EXPENSE":null,"LOAN_DEPOSIT":null,"LOAN_EQUITY":null,"LOAN_ASSETS":null,"DEPOSIT_EQUITY":null,"DEPOSIT_ASSETS":null,"EQUITY_MULTIPLIER":1.485272250717,"EQUITY_RATIO":0.487041196562},{"SECUCODE":"03600.HK","SECURITY_CODE":"03600","SECURITY_NAME_ABBR":"现代牙科","ORG_CODE":"10472703","STD_REPORT_DATE":"2023-12-31 00:00:00","REPORT_DATE":"2023-12-31 00:00:00","DATE_TYPE_CODE":"001","REPORT_TYPE":"2023年年报","PER_NETCASH_OPERATE":0.550154288811,"PER_OI":3.030977857988,"BPS":2.526725971907,"BASIC_EPS":0.38423728,"DILUTED_EPS":0.38423728,"OPERATE_INCOME":2874573338.56,"OPERATE_INCOME_YOY":12.0830164998,"GROSS_PROFIT":1541202010.46,"GROSS_PROFIT_YOY":24.72644885453,"HOLDER_PROFIT":366205314.44,"HOLDER_PROFIT_YOY":83.3011276524,"GROSS_PROFIT_RATIO":53.61498312762,"EPS_TTM":0.386130416175,"OPERATE_INCOME_QOQ":3.290470938481,"NET_PROFIT_RATIO":12.6787803968,"ROE_AVG":16.319997996862,"GROSS_PROFIT_QOQ":6.977857789458,"ROA":10.787701173881,"HOLDER_PROFIT_QOQ":19.573325888523,"ROE_YEARLY":16.319997996862,"ROIC_YEARLY":12.777064255573,"TOTAL_ASSETS":3582149008.34,"TOTAL_LIABILITIES":1186918020.12,"TAX_EBT":21.078008116361,"OCF_SALES":18.151049416655,"TOTAL_PARENT_EQUITY":2385423875.38,"DEBT_ASSET_RATIO":33.1342447608,"OPERATE_PROFIT":499413310.9,"PRETAX_PROFIT":461798837.36,"NETCASH_OPERATE":521765227.2,"NETCASH_INVEST":-140425132.54,"NETCASH_FINANCE":-157356040.8,"END_CASH":632264256.68,"DIVI_RATIO":0.400316042261,"DIVIDEND_RATE":4.018912529551,"CURRENT_RATIO":2.831347054096,"COMMON_ACS":3000000000,"CURRENTDEBT_DEBT":42.372643245332,"ISSUED_COMMON_SHARES":944077000,"HK_COMMON_SHARES":944077000,"PER_SHARES":1000,"TOTAL_MARKET_CAP":3993445710,"HKSK_MARKET_CAP":3993445710,"PE_TTM":9.784259977949,"PB_TTM":1.477734951395,"REPORT_DATE_SQ":"2022-12-31 00:00:00","REPORT_TYPE_SQ":"2022年年报","OPERATE_INCOME_SQ":2528032707.76,"DPS_HKD":0.17,"OPERATE_INCOME_QOQ_SQ":5.10333731803,"NET_PROFIT_RATIO_SQ":7.7930085566,"HOLDER_PROFIT_SQ":196928517.66,"HOLDER_PROFIT_QOQ_SQ":8.997740688529,"ROE_AVG_SQ":9.444689948443,"PE_TTM_SQ":11.661755714148,"PB_TTM_SQ":1.56543424164,"ROA_SQ":6.126867834819,"START_DATE":"2023-01-01 00:00:00","FISCAL_YEAR":"12-31","CURRENCY":"HKD","IS_CNY_CODE":0,"DPS_HKD_LY":0.104,"ORG_TYPE":"一般企业","PREMIUM_INCOME":null,"PREMIUM_INCOME_YOY":null,"NET_INTEREST_INCOME":null,"NET_INTEREST_INCOME_YOY":null,"FEE_COMMISSION_INCOME":null,"FEE_COMMISSION_INCOME_YOY":null,"ACCOUNTS_RECE_TDAYS":5.487744453518,"INVENTORY_TDAYS":9.098613584644,"CURRENT_ASSETS_TDAYS":2.236143627052,"TOTAL_ASSETS_TDAYS":0.846793778135,"PREMIUM_EXPENSE":null,"LOAN_DEPOSIT":null,"LOAN_EQUITY":null,"LOAN_ASSETS":null,"DEPOSIT_EQUITY":null,"DEPOSIT_ASSETS":null,"EQUITY_MULTIPLIER":1.495533844526,"EQUITY_RATIO":0.497571116132},{"SECUCODE":"03600.HK","SECURITY_CODE":"03600","SECURITY_NAME_ABBR":"现代牙科","ORG_CODE":"10472703","STD_REPORT_DATE":"2023-06-30 00:00:00","REPORT_DATE":"2023-06-30 00:00:00","DATE_TYPE_CODE":"002","REPORT_TYPE":"2023年中报","PER_NETCASH_OPERATE":0.206875918558,"PER_OI":1.546191443647,"BPS":2.413959871599,"BASIC_EPS":0.204034174,"DILUTED_EPS":0.204034174,"OPERATE_INCOME":1476598912.96,"OPERATE_INCOME_YOY":12.114873587,"GROSS_PROFIT":799650771.62,"GROSS_PROFIT_YOY":34.475844715205,"HOLDER_PROFIT":194723097.98,"HOLDER_PROFIT_YOY":111.516159077,"GROSS_PROFIT_RATIO":54.154907239977,"EPS_TTM":0.32069416251,"OPERATE_INCOME_QOQ":10.085583097772,"NET_PROFIT_RATIO":13.1295143711,"ROE_AVG":8.81516150514,"GROSS_PROFIT_QOQ":16.590901548994,"ROA":5.836830947439,"HOLDER_PROFIT_QOQ":55.518379252091,"ROE_YEARLY":17.63032301028,"ROIC_YEARLY":13.529889495215,"TOTAL_ASSETS":3409281970.34,"TOTAL_LIABILITIES":1118892800.48,"TAX_EBT":23.524320077976,"OCF_SALES":13.379709182093,"TOTAL_PARENT_EQUITY":2278963993.7,"DEBT_ASSET_RATIO":32.819016151,"OPERATE_PROFIT":273781039.02,"PRETAX_PROFIT":253505776.84,"NETCASH_OPERATE":197564640.34,"NETCASH_INVEST":-52155486.62,"NETCASH_FINANCE":-68796303.64,"END_CASH":481739159.9,"DIVI_RATIO":0.481998795332,"DIVIDEND_RATE":4.018912529551,"CURRENT_RATIO":2.594973796519,"COMMON_ACS":3000000000,"CURRENTDEBT_DEBT":44.717100535937,"ISSUED_COMMON_SHARES":944077000,"HK_COMMON_SHARES":944077000,"PER_SHARES":1000,"TOTAL_MARKET_CAP":3993445710,"HKSK_MARKET_CAP":3993445710,"PE_TTM":9.784259977949,"PB_TTM":1.477734951395,"REPORT_DATE_SQ":"2022-06-30 00:00:00","REPORT_TYPE_SQ":"2022年中报","OPERATE_INCOME_SQ":1221632073.48,"DPS_HKD":0.17,"OPERATE_INCOME_QOQ_SQ":-0.449708449128,"NET_PROFIT_RATIO_SQ":7.0314009459,"HOLDER_PROFIT_SQ":85391576.69,"HOLDER_PROFIT_QOQ_SQ":-38.757401014038,"ROE_AVG_SQ":4.306203588021,"PE_TTM_SQ":11.661755714148,"PB_TTM_SQ":1.56543424164,"ROA_SQ":2.794910486785,"START_DATE":"2023-01-01 00:00:00","FISCAL_YEAR":"12-31","CURRENCY":"HKD","IS_CNY_CODE":0,"DPS_HKD_LY":0.104,"ORG_TYPE":"一般企业","PREMIUM_INCOME":null,"PREMIUM_INCOME_YOY":null,"NET_INTEREST_INCOME":null,"NET_INTEREST_INCOME_YOY":null,"FEE_COMMISSION_INCOME":null,"FEE_COMMISSION_INCOME_YOY":null,"ACCOUNTS_RECE_TDAYS":2.710966064513,"INVENTORY_TDAYS":4.606908797721,"CURRENT_ASSETS_TDAYS":1.19788060925,"TOTAL_ASSETS_TDAYS":0.442610985627,"PREMIUM_EXPENSE":null,"LOAN_DEPOSIT":null,"LOAN_EQUITY":null,"LOAN_ASSETS":null,"DEPOSIT_EQUITY":null,"DEPOSIT_ASSETS":null,"EQUITY_MULTIPLIER":1.488516456156,"EQUITY_RATIO":0.490965545561},{"SECUCODE":"03600.HK","SECURITY_CODE":"03600","SECURITY_NAME_ABBR":"现代牙科","ORG_CODE":"10472703","STD_REPORT_DATE":"2022-12-31 00:00:00","REPORT_DATE":"2022-12-31 00:00:00","DATE_TYPE_CODE":"001","REPORT_TYPE":"2022年年报","PER_NETCASH_OPERATE":0.2415836406,"PER_OI":2.647179615054,"BPS":2.195100106284,"BASIC_EPS":0.20634537,"DILUTED_EPS":0.20634537,"OPERATE_INCOME":2528032707.76,"OPERATE_INCOME_YOY":-4.2327147117,"GROSS_PROFIT":1235665750.62,"GROSS_PROFIT_YOY":-2.53558890816,"HOLDER_PROFIT":196928517.66,"HOLDER_PROFIT_YOY":-38.9016836417,"GROSS_PROFIT_RATIO":48.87855077298,"EPS_TTM":0.206209815234,"OPERATE_INCOME_QOQ":5.10333731803,"NET_PROFIT_RATIO":7.7930085566,"ROE_AVG":9.444689948443,"GROSS_PROFIT_QOQ":1.849019247254,"ROA":6.126867834819,"HOLDER_PROFIT_QOQ":8.997740688529,"ROE_YEARLY":9.444689948443,"ROIC_YEARLY":7.233932524247,"TOTAL_ASSETS":3161331659.85,"TOTAL_LIABILITIES":1076856636.94,"TAX_EBT":23.98688935915,"OCF_SALES":9.126076644967,"TOTAL_PARENT_EQUITY":2072343523.04,"DEBT_ASSET_RATIO":34.0633869776,"OPERATE_PROFIT":282299224.83,"PRETAX_PROFIT":259178717.42,"NETCASH_OPERATE":230710202.52,"NETCASH_INVEST":-203569086.84,"NETCASH_FINANCE":-180251166.76,"END_CASH":396948642.79,"DIVI_RATIO":0.749596714515,"DIVIDEND_RATE":4.018912529551,"CURRENT_RATIO":2.390983465657,"COMMON_ACS":3000000000,"CURRENTDEBT_DEBT":43.913176200849,"ISSUED_COMMON_SHARES":944077000,"HK_COMMON_SHARES":944077000,"PER_SHARES":1000,"TOTAL_MARKET_CAP":3993445710,"HKSK_MARKET_CAP":3993445710,"PE_TTM":9.784259977949,"PB_TTM":1.477734951395,"REPORT_DATE_SQ":"2021-12-31 00:00:00","REPORT_TYPE_SQ":"2021年年报","OPERATE_INCOME_SQ":2416148627.2,"DPS_HKD":0.17,"OPERATE_INCOME_QOQ_SQ":7.084310253941,"NET_PROFIT_RATIO_SQ":12.1947216609,"HOLDER_PROFIT_SQ":295010520,"HOLDER_PROFIT_QOQ_SQ":-29.375869951305,"ROE_AVG_SQ":15.701321334781,"PE_TTM_SQ":11.661755714148,"PB_TTM_SQ":1.56543424164,"ROA_SQ":9.855285110879,"START_DATE":"2022-01-01 00:00:00","FISCAL_YEAR":"12-31","CURRENCY":"HKD","IS_CNY_CODE":0,"DPS_HKD_LY":0.081,"ORG_TYPE":"一般企业","PREMIUM_INCOME":null,"PREMIUM_INCOME_YOY":null,"NET_INTEREST_INCOME":null,"NET_INTEREST_INCOME_YOY":null,"FEE_COMMISSION_INCOME":null,"FEE_COMMISSION_INCOME_YOY":null,"ACCOUNTS_RECE_TDAYS":5.170035915104,"INVENTORY_TDAYS":9.653837428102,"CURRENT_ASSETS_TDAYS":2.126970157583,"TOTAL_ASSETS_TDAYS":0.786525103961,"PREMIUM_EXPENSE":null,"LOAN_DEPOSIT":null,"LOAN_EQUITY":null,"LOAN_ASSETS":null,"DEPOSIT_EQUITY":null,"DEPOSIT_ASSETS":null,"EQUITY_MULTIPLIER":1.516608078823,"EQUITY_RATIO":0.519632302737},{"SECUCODE":"03600.HK","SECURITY_CODE":"03600","SECURITY_NAME_ABBR":"现代牙科","ORG_CODE":"10472703","STD_REPORT_DATE":"2022-06-30 00:00:00","REPORT_DATE":"2022-06-30 00:00:00","DATE_TYPE_CODE":"002","REPORT_TYPE":"2022年中报","PER_NETCASH_OPERATE":0.050870409325,"PER_OI":1.276601246555,"BPS":2.073569679878,"BASIC_EPS":0.089281836,"DILUTED_EPS":0.089281836,"OPERATE_INCOME":1221632073.48,"OPERATE_INCOME_YOY":-3.5600938412,"GROSS_PROFIT":594642683.46,"GROSS_PROFIT_YOY":-8.406894313557,"HOLDER_PROFIT":85391576.69,"HOLDER_PROFIT_YOY":-58.4018297179,"GROSS_PROFIT_RATIO":48.676086390403,"EPS_TTM":0.188801723126,"OPERATE_INCOME_QOQ":-0.449708449128,"NET_PROFIT_RATIO":7.0314009459,"ROE_AVG":4.306203588021,"GROSS_PROFIT_QOQ":-4.30500773382,"ROA":2.794910486785,"HOLDER_PROFIT_QOQ":-38.757401014038,"ROE_YEARLY":8.612407176043,"ROIC_YEARLY":6.542803496057,"TOTAL_ASSETS":2982751351.37,"TOTAL_LIABILITIES":1014176662.52,"TAX_EBT":25.814838066398,"OCF_SALES":3.984831556635,"TOTAL_PARENT_EQUITY":1957609442.67,"DEBT_ASSET_RATIO":34.0013813774,"OPERATE_PROFIT":123186698.74,"PRETAX_PROFIT":115788450.05,"NETCASH_OPERATE":48679980.37,"NETCASH_INVEST":-116504244.08,"NETCASH_FINANCE":-133241167.57,"END_CASH":328849631.46,"DIVI_RATIO":0.818711807502,"DIVIDEND_RATE":4.018912529551,"CURRENT_RATIO":1.323148453522,"COMMON_ACS":3000000000,"CURRENTDEBT_DEBT":78.49318834176,"ISSUED_COMMON_SHARES":944077000,"HK_COMMON_SHARES":944077000,"PER_SHARES":1000,"TOTAL_MARKET_CAP":3993445710,"HKSK_MARKET_CAP":3993445710,"PE_TTM":9.784259977949,"PB_TTM":1.477734951395,"REPORT_DATE_SQ":"2021-06-30 00:00:00","REPORT_TYPE_SQ":"2021年中报","OPERATE_INCOME_SQ":1232497698,"DPS_HKD":0.17,"OPERATE_INCOME_QOQ_SQ":22.40131220715,"NET_PROFIT_RATIO_SQ":16.2031426691,"HOLDER_PROFIT_SQ":199729986.96,"HOLDER_PROFIT_QOQ_SQ":360.562263697657,"ROE_AVG_SQ":10.358723397828,"PE_TTM_SQ":11.661755714148,"PB_TTM_SQ":1.56543424164,"ROA_SQ":6.502339939776,"START_DATE":"2022-01-01 00:00:00","FISCAL_YEAR":"12-31","CURRENCY":"HKD","IS_CNY_CODE":0,"DPS_HKD_LY":0.081,"ORG_TYPE":"一般企业","PREMIUM_INCOME":null,"PREMIUM_INCOME_YOY":null,"NET_INTEREST_INCOME":null,"NET_INTEREST_INCOME_YOY":null,"FEE_COMMISSION_INCOME":null,"FEE_COMMISSION_INCOME_YOY":null,"ACCOUNTS_RECE_TDAYS":2.584189232093,"INVENTORY_TDAYS":4.840349116645,"CURRENT_ASSETS_TDAYS":1.087520997799,"TOTAL_ASSETS_TDAYS":0.399846498392,"PREMIUM_EXPENSE":null,"LOAN_DEPOSIT":null,"LOAN_EQUITY":null,"LOAN_ASSETS":null,"DEPOSIT_EQUITY":null,"DEPOSIT_ASSETS":null,"EQUITY_MULTIPLIER":1.515183227877,"EQUITY_RATIO":0.518068946958},{"SECUCODE":"03600.HK","SECURITY_CODE":"03600","SECURITY_NAME_ABBR":"现代牙科","ORG_CODE":"10472703","STD_REPORT_DATE":"2021-12-31 00:00:00","REPORT_DATE":"2021-12-31 00:00:00","DATE_TYPE_CODE":"001","REPORT_TYPE":"2021年年报","PER_NETCASH_OPERATE":0.448677331622,"PER_OI":2.524866869744,"BPS":2.033829764309,"BASIC_EPS":0.3082352,"DILUTED_EPS":0.3082352,"OPERATE_INCOME":2416148627.2,"OPERATE_INCOME_YOY":34.9265457893,"GROSS_PROFIT":1267812257.6,"GROSS_PROFIT_YOY":38.1996241632,"HOLDER_PROFIT":295010520,"HOLDER_PROFIT_YOY":234.8319924278,"GROSS_PROFIT_RATIO":52.472444920296,"EPS_TTM":0.308284962187,"OPERATE_INCOME_QOQ":7.084310253941,"NET_PROFIT_RATIO":12.1947216609,"ROE_AVG":15.701321334781,"GROSS_PROFIT_QOQ":6.680988144285,"ROA":9.855285110879,"HOLDER_PROFIT_QOQ":-29.375869951305,"ROE_YEARLY":15.701321334781,"ROIC_YEARLY":12.083049807649,"TOTAL_ASSETS":2990273070.4,"TOTAL_LIABILITIES":1061832654.4,"TAX_EBT":22.347533975311,"OCF_SALES":17.770336210549,"TOTAL_PARENT_EQUITY":1920091902.4,"DEBT_ASSET_RATIO":35.5095547932,"OPERATE_PROFIT":397849065.6,"PRETAX_PROFIT":379437531.2,"NETCASH_OPERATE":429357734.4,"NETCASH_INVEST":-116633092.8,"NETCASH_FINANCE":-369650859.2,"END_CASH":517669163.2,"DIVI_RATIO":0.501400389119,"DIVIDEND_RATE":4.018912529551,"CURRENT_RATIO":2.088029807642,"COMMON_ACS":3000000000,"CURRENTDEBT_DEBT":51.457243637769,"ISSUED_COMMON_SHARES":944077000,"HK_COMMON_SHARES":944077000,"PER_SHARES":1000,"TOTAL_MARKET_CAP":3993445710,"HKSK_MARKET_CAP":3993445710,"PE_TTM":9.784259977949,"PB_TTM":1.477734951395,"REPORT_DATE_SQ":"2020-12-31 00:00:00","REPORT_TYPE_SQ":"2020年年报","OPERATE_INCOME_SQ":1843366661.12,"DPS_HKD":0.17,"OPERATE_INCOME_QOQ_SQ":-4.04224296967,"NET_PROFIT_RATIO_SQ":4.9154692157,"HOLDER_PROFIT_SQ":90697651.32,"HOLDER_PROFIT_QOQ_SQ":252.198975434873,"ROE_AVG_SQ":5.04924351309,"PE_TTM_SQ":11.661755714148,"PB_TTM_SQ":1.56543424164,"ROA_SQ":3.067405468773,"START_DATE":"2021-01-01 00:00:00","FISCAL_YEAR":"12-31","CURRENCY":"HKD","IS_CNY_CODE":0,"DPS_HKD_LY":0.12,"ORG_TYPE":"一般企业","PREMIUM_INCOME":null,"PREMIUM_INCOME_YOY":null,"NET_INTEREST_INCOME":null,"NET_INTEREST_INCOME_YOY":null,"FEE_COMMISSION_INCOME":null,"FEE_COMMISSION_INCOME_YOY":null,"ACCOUNTS_RECE_TDAYS":5.898070116088,"INVENTORY_TDAYS":10.384282962859,"CURRENT_ASSETS_TDAYS":2.121340810355,"TOTAL_ASSETS_TDAYS":0.807152015844,"PREMIUM_EXPENSE":null,"LOAN_DEPOSIT":null,"LOAN_EQUITY":null,"LOAN_ASSETS":null,"DEPOSIT_EQUITY":null,"DEPOSIT_ASSETS":null,"EQUITY_MULTIPLIER":1.550617299653,"EQUITY_RATIO":0.553011370483},{"SECUCODE":"03600.HK","SECURITY_CODE":"03600","SECURITY_NAME_ABBR":"现代牙科","ORG_CODE":"10472703","STD_REPORT_DATE":"2021-06-30 00:00:00","REPORT_DATE":"2021-06-30 00:00:00","DATE_TYPE_CODE":"002","REPORT_TYPE":"2021年中报","PER_NETCASH_OPERATE":0.214042882645,"PER_OI":1.284417715306,"BPS":2.103676579686,"BASIC_EPS":0.208519248,"DILUTED_EPS":0.208519248,"OPERATE_INCOME":1232497698,"OPERATE_INCOME_YOY":65.0899497672,"GROSS_PROFIT":649222099.2,"GROSS_PROFIT_YOY":71.667783988113,"HOLDER_PROFIT":199729986.96,"HOLDER_PROFIT_YOY":272.2498098368,"GROSS_PROFIT_RATIO":52.675319414674,"EPS_TTM":0.435315931958,"OPERATE_INCOME_QOQ":22.40131220715,"NET_PROFIT_RATIO":16.2031426691,"ROE_AVG":10.358723397828,"GROSS_PROFIT_QOQ":29.54475447517,"ROA":6.502339939776,"HOLDER_PROFIT_QOQ":360.562263697657,"ROE_YEARLY":20.717446795656,"ROIC_YEARLY":15.951318763053,"TOTAL_ASSETS":3093680096.64,"TOTAL_LIABILITIES":1100305148.4,"TAX_EBT":18.507288352557,"OCF_SALES":16.664585056288,"TOTAL_PARENT_EQUITY":1986032674.32,"DEBT_ASSET_RATIO":35.5662225579,"OPERATE_PROFIT":254383497.6,"PRETAX_PROFIT":245056712.88,"NETCASH_OPERATE":205390627.2,"NETCASH_INVEST":-37078316.88,"NETCASH_FINANCE":-210730916.64,"END_CASH":539479068,"DIVI_RATIO":0.355085097173,"DIVIDEND_RATE":4.018912529551,"CURRENT_RATIO":2.148726527168,"COMMON_ACS":3000000000,"CURRENTDEBT_DEBT":51.084239859947,"ISSUED_COMMON_SHARES":944077000,"HK_COMMON_SHARES":944077000,"PER_SHARES":1000,"TOTAL_MARKET_CAP":3993445710,"HKSK_MARKET_CAP":3993445710,"PE_TTM":9.784259977949,"PB_TTM":1.477734951395,"REPORT_DATE_SQ":"2020-06-30 00:00:00","REPORT_TYPE_SQ":"2020年中报","OPERATE_INCOME_SQ":819559377.12,"DPS_HKD":0.17,"OPERATE_INCOME_QOQ_SQ":-10.628131668974,"NET_PROFIT_RATIO_SQ":-15.548197048,"HOLDER_PROFIT_SQ":-127291517.76,"HOLDER_PROFIT_QOQ_SQ":-141.177233979655,"ROE_AVG_SQ":-7.236405839848,"PE_TTM_SQ":11.661755714148,"PB_TTM_SQ":1.56543424164,"ROA_SQ":-4.309047720058,"START_DATE":"2021-01-01 00:00:00","FISCAL_YEAR":"12-31","CURRENCY":"HKD","IS_CNY_CODE":0,"DPS_HKD_LY":0.12,"ORG_TYPE":"一般企业","PREMIUM_INCOME":null,"PREMIUM_INCOME_YOY":null,"NET_INTEREST_INCOME":null,"NET_INTEREST_INCOME_YOY":null,"FEE_COMMISSION_INCOME":null,"FEE_COMMISSION_INCOME_YOY":null,"ACCOUNTS_RECE_TDAYS":2.886826688079,"INVENTORY_TDAYS":5.152994277187,"CURRENT_ASSETS_TDAYS":1.042296306356,"TOTAL_ASSETS_TDAYS":0.401247660873,"PREMIUM_EXPENSE":null,"LOAN_DEPOSIT":null,"LOAN_EQUITY":null,"LOAN_ASSETS":null,"DEPOSIT_EQUITY":null,"DEPOSIT_ASSETS":null,"EQUITY_MULTIPLIER":1.551981025633,"EQUITY_RATIO":0.554021674783},{"SECUCODE":"03600.HK","SECURITY_CODE":"03600","SECURITY_NAME_ABBR":"现代牙科","ORG_CODE":"10472703","STD_REPORT_DATE":"2020-12-31 00:00:00","REPORT_DATE":"2020-12-31 00:00:00","DATE_TYPE_CODE":"001","REPORT_TYPE":"2020年年报","PER_NETCASH_OPERATE":0.349935603947,"PER_OI":1.915231908004,"BPS":2.003778721481,"BASIC_EPS":0.09426368,"DILUTED_EPS":0.09426368,"OPERATE_INCOME":1843366661.12,"OPERATE_INCOME_YOY":-8.7241430469,"GROSS_PROFIT":917377500.32,"GROSS_PROFIT_YOY":-11.173324945829,"HOLDER_PROFIT":90697651.32,"HOLDER_PROFIT_YOY":-33.2972263659,"GROSS_PROFIT_RATIO":49.766414879317,"EPS_TTM":0.094233577862,"OPERATE_INCOME_QOQ":-4.04224296967,"NET_PROFIT_RATIO":4.9154692157,"ROE_AVG":5.04924351309,"GROSS_PROFIT_QOQ":0.862667670153,"ROA":3.067405468773,"HOLDER_PROFIT_QOQ":252.198975434873,"ROE_YEARLY":5.04924351309,"ROIC_YEARLY":3.638089084112,"TOTAL_ASSETS":3084684664.32,"TOTAL_LIABILITIES":1185509696.44,"TAX_EBT":13.334782328697,"OCF_SALES":18.271187028812,"TOTAL_PARENT_EQUITY":1891721404.04,"DEBT_ASSET_RATIO":38.4321195016,"OPERATE_PROFIT":134207914.4,"PRETAX_PROFIT":104551887.36,"NETCASH_OPERATE":336804970.28,"NETCASH_INVEST":-39526780.96,"NETCASH_FINANCE":-47690688.96,"END_CASH":587319116.28,"DIVI_RATIO":1.64033037381,"DIVIDEND_RATE":4.018912529551,"CURRENT_RATIO":2.313064550198,"COMMON_ACS":3000000000,"CURRENTDEBT_DEBT":42.685317247054,"ISSUED_COMMON_SHARES":944077000,"HK_COMMON_SHARES":944077000,"PER_SHARES":1000,"TOTAL_MARKET_CAP":3993445710,"HKSK_MARKET_CAP":3993445710,"PE_TTM":9.784259977949,"PB_TTM":1.477734951395,"REPORT_DATE_SQ":"2019-12-31 00:00:00","REPORT_TYPE_SQ":"2019年年报","OPERATE_INCOME_SQ":2149467107.44,"DPS_HKD":0.17,"OPERATE_INCOME_QOQ_SQ":3.445855459292,"NET_PROFIT_RATIO_SQ":6.6864676181,"HOLDER_PROFIT_SQ":144719529.46,"HOLDER_PROFIT_QOQ_SQ":50.551575213052,"ROE_AVG_SQ":8.043536274254,"PE_TTM_SQ":11.661755714148,"PB_TTM_SQ":1.56543424164,"ROA_SQ":4.996117391766,"START_DATE":"2020-01-01 00:00:00","FISCAL_YEAR":"12-31","CURRENCY":"HKD","IS_CNY_CODE":0,"DPS_HKD_LY":0.022,"ORG_TYPE":"一般企业","PREMIUM_INCOME":null,"PREMIUM_INCOME_YOY":null,"NET_INTEREST_INCOME":null,"NET_INTEREST_INCOME_YOY":null,"FEE_COMMISSION_INCOME":null,"FEE_COMMISSION_INCOME_YOY":null,"ACCOUNTS_RECE_TDAYS":4.886806429445,"INVENTORY_TDAYS":9.044328901128,"CURRENT_ASSETS_TDAYS":1.815073959311,"TOTAL_ASSETS_TDAYS":0.62342882037,"PREMIUM_EXPENSE":null,"LOAN_DEPOSIT":null,"LOAN_EQUITY":null,"LOAN_ASSETS":null,"DEPOSIT_EQUITY":null,"DEPOSIT_ASSETS":null,"EQUITY_MULTIPLIER":1.624223526788,"EQUITY_RATIO":0.626683027378},{"SECUCODE":"03600.HK","SECURITY_CODE":"03600","SECURITY_NAME_ABBR":"现代牙科","ORG_CODE":"10472703","STD_REPORT_DATE":"2020-06-30 00:00:00","REPORT_DATE":"2020-06-30 00:00:00","DATE_TYPE_CODE":"002","REPORT_TYPE":"2020年中报","PER_NETCASH_OPERATE":0.073373999296,"PER_OI":0.851510609729,"BPS":1.77124210843,"BASIC_EPS":-0.132266112,"DILUTED_EPS":-0.132266112,"OPERATE_INCOME":819559377.12,"OPERATE_INCOME_YOY":-24.6903165914,"GROSS_PROFIT":378185169.12,"GROSS_PROFIT_YOY":-24.57813452797,"HOLDER_PROFIT":-127291517.76,"HOLDER_PROFIT_YOY":-259.1598519804,"GROSS_PROFIT_RATIO":46.144938326369,"EPS_TTM":-0.061914725505,"OPERATE_INCOME_QOQ":-10.628131668974,"NET_PROFIT_RATIO":-15.548197048,"ROE_AVG":-7.236405839848,"GROSS_PROFIT_QOQ":-11.933050051127,"ROA":-4.309047720058,"HOLDER_PROFIT_QOQ":-141.177233979655,"ROE_YEARLY":-14.472811679696,"ROIC_YEARLY":-9.818161386283,"TOTAL_ASSETS":2837812364.64,"TOTAL_LIABILITIES":1164308988.48,"TAX_EBT":-6.408036551971,"OCF_SALES":8.616921322793,"TOTAL_PARENT_EQUITY":1672188936,"DEBT_ASSET_RATIO":41.0283993046,"OPERATE_PROFIT":-101247516.48,"PRETAX_PROFIT":-119752897.44,"NETCASH_OPERATE":70620786.72,"NETCASH_INVEST":-21600115.68,"NETCASH_FINANCE":-48481741.44,"END_CASH":359570175.36,"DIVI_RATIO":-2.496566022685,"DIVIDEND_RATE":4.018912529551,"CURRENT_RATIO":2.207800472824,"COMMON_ACS":3000000000,"CURRENTDEBT_DEBT":35.010222478155,"ISSUED_COMMON_SHARES":944077000,"HK_COMMON_SHARES":944077000,"PER_SHARES":1000,"TOTAL_MARKET_CAP":3993445710,"HKSK_MARKET_CAP":3993445710,"PE_TTM":9.784259977949,"PB_TTM":1.477734951395,"REPORT_DATE_SQ":"2019-06-30 00:00:00","REPORT_TYPE_SQ":"2019年中报","OPERATE_INCOME_SQ":1048007571.48,"DPS_HKD":0.17,"OPERATE_INCOME_QOQ_SQ":2.417899258148,"NET_PROFIT_RATIO_SQ":7.2991107776,"HOLDER_PROFIT_SQ":77019510.96,"HOLDER_PROFIT_QOQ_SQ":28.477326144065,"ROE_AVG_SQ":4.356524910599,"PE_TTM_SQ":11.661755714148,"PB_TTM_SQ":1.56543424164,"ROA_SQ":2.720160209719,"START_DATE":"2020-01-01 00:00:00","FISCAL_YEAR":"12-31","CURRENCY":"HKD","IS_CNY_CODE":0,"DPS_HKD_LY":0.022,"ORG_TYPE":"一般企业","PREMIUM_INCOME":null,"PREMIUM_INCOME_YOY":null,"NET_INTEREST_INCOME":null,"NET_INTEREST_INCOME_YOY":null,"FEE_COMMISSION_INCOME":null,"FEE_COMMISSION_INCOME_YOY":null,"ACCOUNTS_RECE_TDAYS":2.20537318569,"INVENTORY_TDAYS":4.247613354665,"CURRENT_ASSETS_TDAYS":0.893711161989,"TOTAL_ASSETS_TDAYS":0.277435647526,"PREMIUM_EXPENSE":null,"LOAN_DEPOSIT":null,"LOAN_EQUITY":null,"LOAN_ASSETS":null,"DEPOSIT_EQUITY":null,"DEPOSIT_ASSETS":null,"EQUITY_MULTIPLIER":1.69573148466,"EQUITY_RATIO":0.69627837107}],"count":23},"success":true,"message":"ok","code":0}