{"version":"0e6699f0cef124d0bbf4b404171b84a7","result":{"pages":2,"data":[{"SECUCODE":"03603.HK","SECURITY_CODE":"03603","SECURITY_NAME_ABBR":"信基沙溪","ORG_CODE":"10000013897","STD_REPORT_DATE":"2024-06-30 00:00:00","REPORT_DATE":"2024-06-30 00:00:00","DATE_TYPE_CODE":"002","REPORT_TYPE":"2024年中报","PER_NETCASH_OPERATE":0.050684419509,"PER_OI":0.086677732052,"BPS":0.834521589557,"BASIC_EPS":-0.06,"DILUTED_EPS":-0.06,"OPERATE_INCOME":129405000,"OPERATE_INCOME_YOY":0.2354745509,"GROSS_PROFIT":107888000,"GROSS_PROFIT_YOY":0.195025910585,"HOLDER_PROFIT":-91484000,"HOLDER_PROFIT_YOY":-10.4492387932,"GROSS_PROFIT_RATIO":83.372358100537,"EPS_TTM":-0.059375301418,"OPERATE_INCOME_QOQ":0.111203780929,"NET_PROFIT_RATIO":-70.54827866,"ROE_AVG":-7.081679201109,"GROSS_PROFIT_QOQ":0.091240875912,"ROA":-3.200480260953,"HOLDER_PROFIT_QOQ":-10.820237782695,"ROE_YEARLY":-14.163358402218,"ROIC_YEARLY":-7.864089917312,"TOTAL_ASSETS":2782612000,"TOTAL_LIABILITIES":1538578000,"TAX_EBT":21.630855602579,"OCF_SALES":58.474556624551,"TOTAL_PARENT_EQUITY":1245894000,"DEBT_ASSET_RATIO":55.2925812151,"OPERATE_PROFIT":-89642000,"PRETAX_PROFIT":-116491000,"NETCASH_OPERATE":75669000,"NETCASH_INVEST":-5052000,"NETCASH_FINANCE":-29073000,"END_CASH":554539000,"DIVI_RATIO":null,"DIVIDEND_RATE":null,"CURRENT_RATIO":1.608358501963,"COMMON_ACS":10000000000,"CURRENTDEBT_DEBT":25.823845134923,"ISSUED_COMMON_SHARES":1492944000,"HK_COMMON_SHARES":1492944000,"PER_SHARES":3000,"TOTAL_MARKET_CAP":67182480,"HKSK_MARKET_CAP":67182480,"PE_TTM":-0.680914067577,"PB_TTM":0.049214544613,"REPORT_DATE_SQ":"2023-06-30 00:00:00","REPORT_TYPE_SQ":"2023年中报","OPERATE_INCOME_SQ":129101000,"DPS_HKD":null,"OPERATE_INCOME_QOQ_SQ":-7.671995791209,"NET_PROFIT_RATIO_SQ":-64.2357534024,"HOLDER_PROFIT_SQ":-82829000,"HOLDER_PROFIT_QOQ_SQ":-57.837895510533,"ROE_AVG_SQ":-6.018296335828,"PE_TTM_SQ":-1.125206471122,"PB_TTM_SQ":0.229986164245,"ROA_SQ":-2.855477252779,"START_DATE":"2024-01-01 00:00:00","FISCAL_YEAR":"12-31","CURRENCY":"HKD","IS_CNY_CODE":0,"DPS_HKD_LY":null,"ORG_TYPE":"一般企业","PREMIUM_INCOME":null,"PREMIUM_INCOME_YOY":null,"NET_INTEREST_INCOME":null,"NET_INTEREST_INCOME_YOY":null,"FEE_COMMISSION_INCOME":null,"FEE_COMMISSION_INCOME_YOY":null,"ACCOUNTS_RECE_TDAYS":1.761055503766,"INVENTORY_TDAYS":8.813024779848,"CURRENT_ASSETS_TDAYS":0.210165340462,"TOTAL_ASSETS_TDAYS":0.04527110185,"PREMIUM_EXPENSE":null,"LOAN_DEPOSIT":null,"LOAN_EQUITY":null,"LOAN_ASSETS":null,"DEPOSIT_EQUITY":null,"DEPOSIT_ASSETS":null,"EQUITY_MULTIPLIER":2.236765233107,"EQUITY_RATIO":1.234918861476},{"SECUCODE":"03603.HK","SECURITY_CODE":"03603","SECURITY_NAME_ABBR":"信基沙溪","ORG_CODE":"10000013897","STD_REPORT_DATE":"2023-12-31 00:00:00","REPORT_DATE":"2023-12-31 00:00:00","DATE_TYPE_CODE":"001","REPORT_TYPE":"2023年年报","PER_NETCASH_OPERATE":0.089342,"PER_OI":0.182248,"BPS":0.896073127994,"BASIC_EPS":-0.05,"DILUTED_EPS":-0.05,"OPERATE_INCOME":273372000,"OPERATE_INCOME_YOY":-8.3944602125,"GROSS_PROFIT":230160000,"GROSS_PROFIT_YOY":-8.197819817879,"HOLDER_PROFIT":-79989000,"HOLDER_PROFIT_YOY":52.5867485448,"GROSS_PROFIT_RATIO":84.192967824064,"EPS_TTM":-0.053326,"OPERATE_INCOME_QOQ":-0.782497604599,"NET_PROFIT_RATIO":-29.3618219862,"ROE_AVG":-5.80595359026,"GROSS_PROFIT_QOQ":-0.360185634135,"ROA":-2.774764142966,"HOLDER_PROFIT_QOQ":69.960793444544,"ROE_YEARLY":-5.80595359026,"ROIC_YEARLY":-3.237209392679,"TOTAL_ASSETS":2934280000,"TOTAL_LIABILITIES":1598544000,"TAX_EBT":11.878753279831,"OCF_SALES":49.022211492033,"TOTAL_PARENT_EQUITY":1337787000,"DEBT_ASSET_RATIO":54.4782365691,"OPERATE_PROFIT":-33091000,"PRETAX_PROFIT":-91087000,"NETCASH_OPERATE":134013000,"NETCASH_INVEST":-45571000,"NETCASH_FINANCE":110177000,"END_CASH":513011000,"DIVI_RATIO":null,"DIVIDEND_RATE":null,"CURRENT_RATIO":1.321500430517,"COMMON_ACS":10000000000,"CURRENTDEBT_DEBT":28.044145172107,"ISSUED_COMMON_SHARES":1492944000,"HK_COMMON_SHARES":1492944000,"PER_SHARES":3000,"TOTAL_MARKET_CAP":68675424,"HKSK_MARKET_CAP":68675424,"PE_TTM":-0.696045491301,"PB_TTM":0.05030820116,"REPORT_DATE_SQ":"2022-12-31 00:00:00","REPORT_TYPE_SQ":"2022年年报","OPERATE_INCOME_SQ":298423000,"DPS_HKD":null,"OPERATE_INCOME_QOQ_SQ":11.979031816254,"NET_PROFIT_RATIO_SQ":-56.1049248885,"HOLDER_PROFIT_SQ":-168706000,"HOLDER_PROFIT_QOQ_SQ":33.198441484391,"ROE_AVG_SQ":-10.752320159182,"PE_TTM_SQ":-1.145480461593,"PB_TTM_SQ":0.234130059096,"ROA_SQ":-5.688151684494,"START_DATE":"2023-01-01 00:00:00","FISCAL_YEAR":"12-31","CURRENCY":"HKD","IS_CNY_CODE":0,"DPS_HKD_LY":null,"ORG_TYPE":"一般企业","PREMIUM_INCOME":null,"PREMIUM_INCOME_YOY":null,"NET_INTEREST_INCOME":null,"NET_INTEREST_INCOME_YOY":null,"FEE_COMMISSION_INCOME":null,"FEE_COMMISSION_INCOME_YOY":null,"ACCOUNTS_RECE_TDAYS":4.011651710703,"INVENTORY_TDAYS":16.315650368133,"CURRENT_ASSETS_TDAYS":0.558360694244,"TOTAL_ASSETS_TDAYS":0.094830892159,"PREMIUM_EXPENSE":null,"LOAN_DEPOSIT":null,"LOAN_EQUITY":null,"LOAN_ASSETS":null,"DEPOSIT_EQUITY":null,"DEPOSIT_ASSETS":null,"EQUITY_MULTIPLIER":2.19675145388,"EQUITY_RATIO":1.194916679561},{"SECUCODE":"03603.HK","SECURITY_CODE":"03603","SECURITY_NAME_ABBR":"信基沙溪","ORG_CODE":"10000013897","STD_REPORT_DATE":"2023-06-30 00:00:00","REPORT_DATE":"2023-06-30 00:00:00","DATE_TYPE_CODE":"002","REPORT_TYPE":"2023年中报","PER_NETCASH_OPERATE":0.016950666667,"PER_OI":0.086067333333,"BPS":0.894170846328,"BASIC_EPS":-0.06,"DILUTED_EPS":-0.06,"OPERATE_INCOME":129101000,"OPERATE_INCOME_YOY":-15.062896392,"GROSS_PROFIT":107678000,"GROSS_PROFIT_YOY":-15.479713341549,"HOLDER_PROFIT":-82829000,"HOLDER_PROFIT_YOY":-661.666779684,"GROSS_PROFIT_RATIO":83.406015445272,"EPS_TTM":-0.177521333333,"OPERATE_INCOME_QOQ":-7.671995791209,"NET_PROFIT_RATIO":-64.2357534024,"ROE_AVG":-6.018296335828,"GROSS_PROFIT_QOQ":-7.865966264214,"ROA":-2.855477252779,"HOLDER_PROFIT_QOQ":-57.837895510533,"ROE_YEARLY":-12.036592671657,"ROIC_YEARLY":-6.603257462985,"TOTAL_ASSETS":2970229000,"TOTAL_LIABILITIES":1637155000,"TAX_EBT":19.888520726064,"OCF_SALES":19.694657671126,"TOTAL_PARENT_EQUITY":1334947000,"DEBT_ASSET_RATIO":55.1188140712,"OPERATE_PROFIT":-76248000,"PRETAX_PROFIT":-103517000,"NETCASH_OPERATE":25426000,"NETCASH_INVEST":-28092000,"NETCASH_FINANCE":161539000,"END_CASH":473168000,"DIVI_RATIO":null,"DIVIDEND_RATE":null,"CURRENT_RATIO":1.659354876999,"COMMON_ACS":10000000000,"CURRENTDEBT_DEBT":20.583878740865,"ISSUED_COMMON_SHARES":1492944000,"HK_COMMON_SHARES":1492944000,"PER_SHARES":3000,"TOTAL_MARKET_CAP":68675424,"HKSK_MARKET_CAP":68675424,"PE_TTM":-0.696045491301,"PB_TTM":0.05030820116,"REPORT_DATE_SQ":"2022-06-30 00:00:00","REPORT_TYPE_SQ":"2022年中报","OPERATE_INCOME_SQ":151996000,"DPS_HKD":null,"OPERATE_INCOME_QOQ_SQ":-0.387611386879,"NET_PROFIT_RATIO_SQ":10.8252848759,"HOLDER_PROFIT_SQ":14747000,"HOLDER_PROFIT_QOQ_SQ":-17.405210405936,"ROE_AVG_SQ":0.887974440402,"PE_TTM_SQ":-1.145480461593,"PB_TTM_SQ":0.234130059096,"ROA_SQ":0.477067936001,"START_DATE":"2023-01-01 00:00:00","FISCAL_YEAR":"12-31","CURRENCY":"HKD","IS_CNY_CODE":0,"DPS_HKD_LY":null,"ORG_TYPE":"一般企业","PREMIUM_INCOME":null,"PREMIUM_INCOME_YOY":null,"NET_INTEREST_INCOME":null,"NET_INTEREST_INCOME_YOY":null,"FEE_COMMISSION_INCOME":null,"FEE_COMMISSION_INCOME_YOY":null,"ACCOUNTS_RECE_TDAYS":1.787607310994,"INVENTORY_TDAYS":8.911397670549,"CURRENT_ASSETS_TDAYS":0.272953787442,"TOTAL_ASSETS_TDAYS":0.044506751115,"PREMIUM_EXPENSE":null,"LOAN_DEPOSIT":null,"LOAN_EQUITY":null,"LOAN_ASSETS":null,"DEPOSIT_EQUITY":null,"DEPOSIT_ASSETS":null,"EQUITY_MULTIPLIER":2.228105116443,"EQUITY_RATIO":1.226382021159},{"SECUCODE":"03603.HK","SECURITY_CODE":"03603","SECURITY_NAME_ABBR":"信基沙溪","ORG_CODE":"10000013897","STD_REPORT_DATE":"2022-12-31 00:00:00","REPORT_DATE":"2022-12-31 00:00:00","DATE_TYPE_CODE":"001","REPORT_TYPE":"2022年年报","PER_NETCASH_OPERATE":0.091427333333,"PER_OI":0.198948666667,"BPS":0.949550686429,"BASIC_EPS":-0.11,"DILUTED_EPS":-0.11,"OPERATE_INCOME":298423000,"OPERATE_INCOME_YOY":0.3341974051,"GROSS_PROFIT":250713000,"GROSS_PROFIT_YOY":-2.391612420967,"HOLDER_PROFIT":-168706000,"HOLDER_PROFIT_YOY":18.6943362764,"GROSS_PROFIT_RATIO":84.012626372632,"EPS_TTM":-0.112470666667,"OPERATE_INCOME_QOQ":11.979031816254,"NET_PROFIT_RATIO":-56.1049248885,"ROE_AVG":-10.752320159182,"GROSS_PROFIT_QOQ":5.960441232408,"ROA":-5.688151684494,"HOLDER_PROFIT_QOQ":33.198441484391,"ROE_YEARLY":-10.752320159182,"ROIC_YEARLY":-6.280104669652,"TOTAL_ASSETS":2831183000,"TOTAL_LIABILITIES":1415380000,"TAX_EBT":19.638485980052,"OCF_SALES":45.955238034602,"TOTAL_PARENT_EQUITY":1417626000,"DEBT_ASSET_RATIO":49.9925296245,"OPERATE_PROFIT":-158716000,"PRETAX_PROFIT":-208346000,"NETCASH_OPERATE":137141000,"NETCASH_INVEST":-52618000,"NETCASH_FINANCE":-18654000,"END_CASH":314477000,"DIVI_RATIO":null,"DIVIDEND_RATE":null,"CURRENT_RATIO":1.136482908783,"COMMON_ACS":10000000000,"CURRENTDEBT_DEBT":24.044496884229,"ISSUED_COMMON_SHARES":1492944000,"HK_COMMON_SHARES":1492944000,"PER_SHARES":3000,"TOTAL_MARKET_CAP":68675424,"HKSK_MARKET_CAP":68675424,"PE_TTM":-0.696045491301,"PB_TTM":0.05030820116,"REPORT_DATE_SQ":"2021-12-31 00:00:00","REPORT_TYPE_SQ":"2021年年报","OPERATE_INCOME_SQ":297429000,"DPS_HKD":null,"OPERATE_INCOME_QOQ_SQ":-6.907086636092,"NET_PROFIT_RATIO_SQ":-80.3349829556,"HOLDER_PROFIT_SQ":-207496000,"HOLDER_PROFIT_QOQ_SQ":-430.920111379475,"ROE_AVG_SQ":-12.016179622636,"PE_TTM_SQ":-1.145480461593,"PB_TTM_SQ":0.234130059096,"ROA_SQ":-6.733553102156,"START_DATE":"2022-01-01 00:00:00","FISCAL_YEAR":"12-31","CURRENCY":"HKD","IS_CNY_CODE":0,"DPS_HKD_LY":null,"ORG_TYPE":"一般企业","PREMIUM_INCOME":null,"PREMIUM_INCOME_YOY":null,"NET_INTEREST_INCOME":null,"NET_INTEREST_INCOME_YOY":null,"FEE_COMMISSION_INCOME":null,"FEE_COMMISSION_INCOME_YOY":null,"ACCOUNTS_RECE_TDAYS":4.931918656057,"INVENTORY_TDAYS":17.980026380252,"CURRENT_ASSETS_TDAYS":0.859201441873,"TOTAL_ASSETS_TDAYS":0.100617363351,"PREMIUM_EXPENSE":null,"LOAN_DEPOSIT":null,"LOAN_EQUITY":null,"LOAN_ASSETS":null,"DEPOSIT_EQUITY":null,"DEPOSIT_ASSETS":null,"EQUITY_MULTIPLIER":1.999701229619,"EQUITY_RATIO":0.998415661112},{"SECUCODE":"03603.HK","SECURITY_CODE":"03603","SECURITY_NAME_ABBR":"信基沙溪","ORG_CODE":"10000013897","STD_REPORT_DATE":"2022-06-30 00:00:00","REPORT_DATE":"2022-06-30 00:00:00","DATE_TYPE_CODE":"002","REPORT_TYPE":"2022年中报","PER_NETCASH_OPERATE":0.044738,"PER_OI":0.101330666667,"BPS":1.072430714079,"BASIC_EPS":0.01,"DILUTED_EPS":0.01,"OPERATE_INCOME":151996000,"OPERATE_INCOME_YOY":-0.6776316219,"GROSS_PROFIT":127399000,"GROSS_PROFIT_YOY":-3.156926538555,"HOLDER_PROFIT":14747000,"HOLDER_PROFIT_YOY":-71.7420047138,"GROSS_PROFIT_RATIO":83.81733729835,"EPS_TTM":-0.168365333333,"OPERATE_INCOME_QOQ":-0.387611386879,"NET_PROFIT_RATIO":10.8252848759,"ROE_AVG":0.887974440402,"GROSS_PROFIT_QOQ":-1.72493281775,"ROA":0.477067936001,"HOLDER_PROFIT_QOQ":-17.405210405936,"ROE_YEARLY":1.775948880804,"ROIC_YEARLY":1.037616865584,"TOTAL_ASSETS":3081692000,"TOTAL_LIABILITIES":1482955000,"TAX_EBT":35.603303197527,"OCF_SALES":44.150503960631,"TOTAL_PARENT_EQUITY":1601079000,"DEBT_ASSET_RATIO":48.1214540584,"OPERATE_PROFIT":51843000,"PRETAX_PROFIT":25551000,"NETCASH_OPERATE":67107000,"NETCASH_INVEST":-67732000,"NETCASH_FINANCE":4754000,"END_CASH":253268000,"DIVI_RATIO":null,"DIVIDEND_RATE":null,"CURRENT_RATIO":1.11314461444,"COMMON_ACS":10000000000,"CURRENTDEBT_DEBT":20.217134033062,"ISSUED_COMMON_SHARES":1492944000,"HK_COMMON_SHARES":1492944000,"PER_SHARES":3000,"TOTAL_MARKET_CAP":68675424,"HKSK_MARKET_CAP":68675424,"PE_TTM":-0.696045491301,"PB_TTM":0.05030820116,"REPORT_DATE_SQ":"2021-06-30 00:00:00","REPORT_TYPE_SQ":"2021年中报","OPERATE_INCOME_SQ":153033000,"DPS_HKD":null,"OPERATE_INCOME_QOQ_SQ":-0.191707937125,"NET_PROFIT_RATIO_SQ":34.0354021958,"HOLDER_PROFIT_SQ":52187000,"HOLDER_PROFIT_QOQ_SQ":97.175963842631,"ROE_AVG_SQ":2.509289376367,"PE_TTM_SQ":-1.145480461593,"PB_TTM_SQ":0.234130059096,"ROA_SQ":1.463332111968,"START_DATE":"2022-01-01 00:00:00","FISCAL_YEAR":"12-31","CURRENCY":"HKD","IS_CNY_CODE":0,"DPS_HKD_LY":null,"ORG_TYPE":"一般企业","PREMIUM_INCOME":null,"PREMIUM_INCOME_YOY":null,"NET_INTEREST_INCOME":null,"NET_INTEREST_INCOME_YOY":null,"FEE_COMMISSION_INCOME":null,"FEE_COMMISSION_INCOME_YOY":null,"ACCOUNTS_RECE_TDAYS":2.633333333333,"INVENTORY_TDAYS":8.758055901727,"CURRENT_ASSETS_TDAYS":0.473791177277,"TOTAL_ASSETS_TDAYS":0.04917096223,"PREMIUM_EXPENSE":null,"LOAN_DEPOSIT":null,"LOAN_EQUITY":null,"LOAN_ASSETS":null,"DEPOSIT_EQUITY":null,"DEPOSIT_ASSETS":null,"EQUITY_MULTIPLIER":1.92757908274,"EQUITY_RATIO":0.926222253868},{"SECUCODE":"03603.HK","SECURITY_CODE":"03603","SECURITY_NAME_ABBR":"信基沙溪","ORG_CODE":"10000013897","STD_REPORT_DATE":"2021-12-31 00:00:00","REPORT_DATE":"2021-12-31 00:00:00","DATE_TYPE_CODE":"001","REPORT_TYPE":"2021年年报","PER_NETCASH_OPERATE":0.076311333333,"PER_OI":0.198286,"BPS":1.127034235711,"BASIC_EPS":-0.14,"DILUTED_EPS":-0.14,"OPERATE_INCOME":297429000,"OPERATE_INCOME_YOY":-7.0855531399,"GROSS_PROFIT":256856000,"GROSS_PROFIT_YOY":-1.632212256528,"HOLDER_PROFIT":-207496000,"HOLDER_PROFIT_YOY":-752.4949191616,"GROSS_PROFIT_RATIO":89.992748639435,"EPS_TTM":-0.143405333333,"OPERATE_INCOME_QOQ":-6.907086636092,"NET_PROFIT_RATIO":-80.3349829556,"ROE_AVG":-12.016179622636,"GROSS_PROFIT_QOQ":-5.927700110185,"ROA":-6.733553102156,"HOLDER_PROFIT_QOQ":-430.920111379475,"ROE_YEARLY":-12.016179622636,"ROIC_YEARLY":-7.214138246054,"TOTAL_ASSETS":3160112000,"TOTAL_LIABILITIES":1437880000,"TAX_EBT":19.689659617856,"OCF_SALES":42.785643801208,"TOTAL_PARENT_EQUITY":1720413000,"DEBT_ASSET_RATIO":45.8263348143,"OPERATE_PROFIT":-208592000,"PRETAX_PROFIT":-255977000,"NETCASH_OPERATE":123776000,"NETCASH_INVEST":-155933000,"NETCASH_FINANCE":100054000,"END_CASH":249689000,"DIVI_RATIO":null,"DIVIDEND_RATE":null,"CURRENT_RATIO":1.013846903628,"COMMON_ACS":10000000000,"CURRENTDEBT_DEBT":22.07520794503,"ISSUED_COMMON_SHARES":1492944000,"HK_COMMON_SHARES":1492944000,"PER_SHARES":3000,"TOTAL_MARKET_CAP":68675424,"HKSK_MARKET_CAP":68675424,"PE_TTM":-0.696045491301,"PB_TTM":0.05030820116,"REPORT_DATE_SQ":"2020-12-31 00:00:00","REPORT_TYPE_SQ":"2020年年报","OPERATE_INCOME_SQ":287938000,"DPS_HKD":null,"OPERATE_INCOME_QOQ_SQ":-3.66615812858,"NET_PROFIT_RATIO_SQ":11.0825941696,"HOLDER_PROFIT_SQ":32967000,"HOLDER_PROFIT_QOQ_SQ":-54.075363933969,"ROE_AVG_SQ":1.743472554996,"PE_TTM_SQ":-1.145480461593,"PB_TTM_SQ":0.234130059096,"ROA_SQ":1.00227241945,"START_DATE":"2021-01-01 00:00:00","FISCAL_YEAR":"12-31","CURRENCY":"HKD","IS_CNY_CODE":0,"DPS_HKD_LY":null,"ORG_TYPE":"一般企业","PREMIUM_INCOME":null,"PREMIUM_INCOME_YOY":null,"NET_INTEREST_INCOME":null,"NET_INTEREST_INCOME_YOY":null,"FEE_COMMISSION_INCOME":null,"FEE_COMMISSION_INCOME_YOY":null,"ACCOUNTS_RECE_TDAYS":3.818234335084,"INVENTORY_TDAYS":6.581366764995,"CURRENT_ASSETS_TDAYS":0.892555752206,"TOTAL_ASSETS_TDAYS":0.08374713459,"PREMIUM_EXPENSE":null,"LOAN_DEPOSIT":null,"LOAN_EQUITY":null,"LOAN_ASSETS":null,"DEPOSIT_EQUITY":null,"DEPOSIT_ASSETS":null,"EQUITY_MULTIPLIER":1.845915347563,"EQUITY_RATIO":0.835776060748},{"SECUCODE":"03603.HK","SECURITY_CODE":"03603","SECURITY_NAME_ABBR":"信基沙溪","ORG_CODE":"10000013897","STD_REPORT_DATE":"2021-06-30 00:00:00","REPORT_DATE":"2021-06-30 00:00:00","DATE_TYPE_CODE":"002","REPORT_TYPE":"2021年中报","PER_NETCASH_OPERATE":0.027364666667,"PER_OI":0.102022,"BPS":1.303418614496,"BASIC_EPS":0.03,"DILUTED_EPS":0.03,"OPERATE_INCOME":153033000,"OPERATE_INCOME_YOY":-0.3973939023,"GROSS_PROFIT":131552000,"GROSS_PROFIT_YOY":2.815162172724,"HOLDER_PROFIT":52187000,"HOLDER_PROFIT_YOY":197.8996787744,"GROSS_PROFIT_RATIO":88.733890844434,"EPS_TTM":0.043335333333,"OPERATE_INCOME_QOQ":-0.191707937125,"NET_PROFIT_RATIO":34.0354021958,"ROE_AVG":2.509289376367,"GROSS_PROFIT_QOQ":-1.985309323754,"ROA":1.463332111968,"HOLDER_PROFIT_QOQ":97.175963842631,"ROE_YEARLY":5.018578752734,"ROIC_YEARLY":3.087764276244,"TOTAL_ASSETS":3302503000,"TOTAL_LIABILITIES":1360750000,"TAX_EBT":32.988627279057,"OCF_SALES":29.668312215854,"TOTAL_PARENT_EQUITY":1945931000,"DEBT_ASSET_RATIO":41.2035961814,"OPERATE_PROFIT":101878000,"PRETAX_PROFIT":77554000,"NETCASH_OPERATE":45869000,"NETCASH_INVEST":-28616000,"NETCASH_FINANCE":-30440000,"END_CASH":168900000,"DIVI_RATIO":null,"DIVIDEND_RATE":null,"CURRENT_RATIO":0.764565544952,"COMMON_ACS":10000000000,"CURRENTDEBT_DEBT":25.75168105824,"ISSUED_COMMON_SHARES":1492944000,"HK_COMMON_SHARES":1492944000,"PER_SHARES":3000,"TOTAL_MARKET_CAP":68675424,"HKSK_MARKET_CAP":68675424,"PE_TTM":-0.696045491301,"PB_TTM":0.05030820116,"REPORT_DATE_SQ":"2020-06-30 00:00:00","REPORT_TYPE_SQ":"2020年中报","OPERATE_INCOME_SQ":138905000,"DPS_HKD":null,"OPERATE_INCOME_QOQ_SQ":-1.381469762408,"NET_PROFIT_RATIO_SQ":10.9002555704,"HOLDER_PROFIT_SQ":16188000,"HOLDER_PROFIT_QOQ_SQ":-30.241484864681,"ROE_AVG_SQ":0.859924886719,"PE_TTM_SQ":-1.145480461593,"PB_TTM_SQ":0.234130059096,"ROA_SQ":0.496405445618,"START_DATE":"2021-01-01 00:00:00","FISCAL_YEAR":"12-31","CURRENCY":"HKD","IS_CNY_CODE":0,"DPS_HKD_LY":null,"ORG_TYPE":"一般企业","PREMIUM_INCOME":null,"PREMIUM_INCOME_YOY":null,"NET_INTEREST_INCOME":null,"NET_INTEREST_INCOME_YOY":null,"FEE_COMMISSION_INCOME":null,"FEE_COMMISSION_INCOME_YOY":null,"ACCOUNTS_RECE_TDAYS":1.603228814181,"INVENTORY_TDAYS":2.940111289258,"CURRENT_ASSETS_TDAYS":0.494545285568,"TOTAL_ASSETS_TDAYS":0.041982495788,"PREMIUM_EXPENSE":null,"LOAN_DEPOSIT":null,"LOAN_EQUITY":null,"LOAN_ASSETS":null,"DEPOSIT_EQUITY":null,"DEPOSIT_ASSETS":null,"EQUITY_MULTIPLIER":1.700784291307,"EQUITY_RATIO":0.699279676412},{"SECUCODE":"03603.HK","SECURITY_CODE":"03603","SECURITY_NAME_ABBR":"信基沙溪","ORG_CODE":"10000013897","STD_REPORT_DATE":"2020-12-31 00:00:00","REPORT_DATE":"2020-12-31 00:00:00","DATE_TYPE_CODE":"001","REPORT_TYPE":"2020年年报","PER_NETCASH_OPERATE":0.035111333333,"PER_OI":0.191958666667,"BPS":1.271117335948,"BASIC_EPS":0.02,"DILUTED_EPS":0.02,"OPERATE_INCOME":287938000,"OPERATE_INCOME_YOY":-4.996981025,"GROSS_PROFIT":261118000,"GROSS_PROFIT_YOY":-5.014496022233,"HOLDER_PROFIT":32967000,"HOLDER_PROFIT_YOY":-67.963655799,"GROSS_PROFIT_RATIO":90.685494794018,"EPS_TTM":0.021978,"OPERATE_INCOME_QOQ":-3.66615812858,"NET_PROFIT_RATIO":11.0825941696,"ROE_AVG":1.743472554996,"GROSS_PROFIT_QOQ":-3.835275400321,"ROA":1.00227241945,"HOLDER_PROFIT_QOQ":-54.075363933969,"ROE_YEARLY":1.743472554996,"ROIC_YEARLY":1.075738630134,"TOTAL_ASSETS":3288482000,"TOTAL_LIABILITIES":1394118000,"TAX_EBT":53.519772776928,"OCF_SALES":18.291090443082,"TOTAL_PARENT_EQUITY":1897707000,"DEBT_ASSET_RATIO":42.3939677943,"OPERATE_PROFIT":118888000,"PRETAX_PROFIT":68655000,"NETCASH_OPERATE":52667000,"NETCASH_INVEST":-127363000,"NETCASH_FINANCE":-14405000,"END_CASH":182497000,"DIVI_RATIO":null,"DIVIDEND_RATE":null,"CURRENT_RATIO":0.809862773252,"COMMON_ACS":10000000000,"CURRENTDEBT_DEBT":25.827153799033,"ISSUED_COMMON_SHARES":1492944000,"HK_COMMON_SHARES":1492944000,"PER_SHARES":3000,"TOTAL_MARKET_CAP":68675424,"HKSK_MARKET_CAP":68675424,"PE_TTM":-0.696045491301,"PB_TTM":0.05030820116,"REPORT_DATE_SQ":"2019-12-31 00:00:00","REPORT_TYPE_SQ":"2019年年报","OPERATE_INCOME_SQ":303083000,"DPS_HKD":null,"OPERATE_INCOME_QOQ_SQ":7.722627996659,"NET_PROFIT_RATIO_SQ":33.4726791011,"HOLDER_PROFIT_SQ":102905000,"HOLDER_PROFIT_QOQ_SQ":-45.614201984007,"ROE_AVG_SQ":6.123998092072,"PE_TTM_SQ":-1.145480461593,"PB_TTM_SQ":0.234130059096,"ROA_SQ":3.235189353129,"START_DATE":"2020-01-01 00:00:00","FISCAL_YEAR":"12-31","CURRENCY":"HKD","IS_CNY_CODE":0,"DPS_HKD_LY":0.014,"ORG_TYPE":"一般企业","PREMIUM_INCOME":null,"PREMIUM_INCOME_YOY":null,"NET_INTEREST_INCOME":null,"NET_INTEREST_INCOME_YOY":null,"FEE_COMMISSION_INCOME":null,"FEE_COMMISSION_INCOME_YOY":null,"ACCOUNTS_RECE_TDAYS":4.164895963665,"INVENTORY_TDAYS":8.028738212842,"CURRENT_ASSETS_TDAYS":0.954744327084,"TOTAL_ASSETS_TDAYS":0.0875397567,"PREMIUM_EXPENSE":null,"LOAN_DEPOSIT":null,"LOAN_EQUITY":null,"LOAN_ASSETS":null,"DEPOSIT_EQUITY":null,"DEPOSIT_ASSETS":null,"EQUITY_MULTIPLIER":1.735929314536,"EQUITY_RATIO":0.734632901707},{"SECUCODE":"03603.HK","SECURITY_CODE":"03603","SECURITY_NAME_ABBR":"信基沙溪","ORG_CODE":"10000013897","STD_REPORT_DATE":"2020-06-30 00:00:00","REPORT_DATE":"2020-06-30 00:00:00","DATE_TYPE_CODE":"002","REPORT_TYPE":"2020年中报","PER_NETCASH_OPERATE":0.008206,"PER_OI":0.092603333333,"BPS":1.259875789045,"BASIC_EPS":0.01,"DILUTED_EPS":0.01,"OPERATE_INCOME":138905000,"OPERATE_INCOME_YOY":-2.9260895088,"GROSS_PROFIT":127950000,"GROSS_PROFIT_YOY":-2.566992331767,"HOLDER_PROFIT":16188000,"HOLDER_PROFIT_YOY":-65.7816859728,"GROSS_PROFIT_RATIO":92.113314855477,"EPS_TTM":0.047856666667,"OPERATE_INCOME_QOQ":-1.381469762408,"NET_PROFIT_RATIO":10.9002555704,"ROE_AVG":0.859924886719,"GROSS_PROFIT_QOQ":-1.226250713888,"ROA":0.496405445618,"HOLDER_PROFIT_QOQ":-30.241484864681,"ROE_YEARLY":1.719849773438,"ROIC_YEARLY":1.074402256723,"TOTAL_ASSETS":3232119000,"TOTAL_LIABILITIES":1354529000,"TAX_EBT":47.374091967606,"OCF_SALES":8.86145207156,"TOTAL_PARENT_EQUITY":1880924000,"DEBT_ASSET_RATIO":41.9083888929,"OPERATE_PROFIT":54565000,"PRETAX_PROFIT":28771000,"NETCASH_OPERATE":12309000,"NETCASH_INVEST":-55723000,"NETCASH_FINANCE":-6292000,"END_CASH":228516000,"DIVI_RATIO":null,"DIVIDEND_RATE":null,"CURRENT_RATIO":0.743115209873,"COMMON_ACS":10000000000,"CURRENTDEBT_DEBT":27.217948083799,"ISSUED_COMMON_SHARES":1492944000,"HK_COMMON_SHARES":1492944000,"PER_SHARES":3000,"TOTAL_MARKET_CAP":68675424,"HKSK_MARKET_CAP":68675424,"PE_TTM":-0.696045491301,"PB_TTM":0.05030820116,"REPORT_DATE_SQ":"2019-06-30 00:00:00","REPORT_TYPE_SQ":"2019年中报","OPERATE_INCOME_SQ":143092000,"DPS_HKD":null,"OPERATE_INCOME_QOQ_SQ":0,"NET_PROFIT_RATIO_SQ":32.3477203477,"HOLDER_PROFIT_SQ":47308000,"HOLDER_PROFIT_QOQ_SQ":0,"ROE_AVG_SQ":null,"PE_TTM_SQ":-1.145480461593,"PB_TTM_SQ":0.234130059096,"ROA_SQ":null,"START_DATE":"2020-01-01 00:00:00","FISCAL_YEAR":"12-31","CURRENCY":"HKD","IS_CNY_CODE":0,"DPS_HKD_LY":0.014,"ORG_TYPE":"一般企业","PREMIUM_INCOME":null,"PREMIUM_INCOME_YOY":null,"NET_INTEREST_INCOME":null,"NET_INTEREST_INCOME_YOY":null,"FEE_COMMISSION_INCOME":null,"FEE_COMMISSION_INCOME_YOY":null,"ACCOUNTS_RECE_TDAYS":3.391773596884,"INVENTORY_TDAYS":8.224474474474,"CURRENT_ASSETS_TDAYS":0.474450123903,"TOTAL_ASSETS_TDAYS":0.042595254771,"PREMIUM_EXPENSE":null,"LOAN_DEPOSIT":null,"LOAN_EQUITY":null,"LOAN_ASSETS":null,"DEPOSIT_EQUITY":null,"DEPOSIT_ASSETS":null,"EQUITY_MULTIPLIER":1.72141894663,"EQUITY_RATIO":0.720140207685}],"count":14},"success":true,"message":"ok","code":0}