{"version":"2496ef3a2a20fce0b441255c01cf98fc","result":{"pages":2,"data":[{"SECUCODE":"03601.HK","SECURITY_CODE":"03601","SECURITY_NAME_ABBR":"鲁大师","ORG_CODE":"10973786","STD_REPORT_DATE":"2024-06-30 00:00:00","REPORT_DATE":"2024-06-30 00:00:00","DATE_TYPE_CODE":"002","REPORT_TYPE":"2024年中报","PER_NETCASH_OPERATE":-0.543866171004,"PER_OI":2.758828996283,"BPS":2.45887732342,"BASIC_EPS":0.0752,"DILUTED_EPS":0.0752,"OPERATE_INCOME":742125000,"OPERATE_INCOME_YOY":154.3265935572,"GROSS_PROFIT":86481000,"GROSS_PROFIT_YOY":-3.745297509071,"HOLDER_PROFIT":20228000,"HOLDER_PROFIT_YOY":-29.2058936758,"GROSS_PROFIT_RATIO":11.653158160687,"EPS_TTM":0.127498141264,"OPERATE_INCOME_QOQ":56.966244661688,"NET_PROFIT_RATIO":2.9488293751,"ROE_AVG":3.105673980999,"GROSS_PROFIT_QOQ":-2.039863726191,"ROA":2.596094179644,"HOLDER_PROFIT_QOQ":-19.569907602833,"ROE_YEARLY":6.211347961997,"ROIC_YEARLY":13.699873349994,"TOTAL_ASSETS":794855000,"TOTAL_LIABILITIES":129489000,"TAX_EBT":16.284763398493,"OCF_SALES":-19.713660097692,"TOTAL_PARENT_EQUITY":661438000,"DEBT_ASSET_RATIO":16.2908958238,"OPERATE_PROFIT":26593000,"PRETAX_PROFIT":26141000,"NETCASH_OPERATE":-146300000,"NETCASH_INVEST":72132000,"NETCASH_FINANCE":-1738000,"END_CASH":427685000,"DIVI_RATIO":null,"DIVIDEND_RATE":null,"CURRENT_RATIO":5.78333412371,"COMMON_ACS":10000000000,"CURRENTDEBT_DEBT":97.708685679865,"ISSUED_COMMON_SHARES":269000000,"HK_COMMON_SHARES":269000000,"PER_SHARES":1000,"TOTAL_MARKET_CAP":250170000,"HKSK_MARKET_CAP":250170000,"PE_TTM":6.544295211473,"PB_TTM":0.345195098558,"REPORT_DATE_SQ":"2023-06-30 00:00:00","REPORT_TYPE_SQ":"2023年中报","OPERATE_INCOME_SQ":291800000,"DPS_HKD":null,"OPERATE_INCOME_QOQ_SQ":30.958613430167,"NET_PROFIT_RATIO_SQ":10.7573680603,"HOLDER_PROFIT_SQ":28573000,"HOLDER_PROFIT_QOQ_SQ":8.258109314552,"ROE_AVG_SQ":4.662281177669,"PE_TTM_SQ":3.025300100156,"PB_TTM_SQ":0.316372388346,"ROA_SQ":4.110646348174,"START_DATE":"2024-01-01 00:00:00","FISCAL_YEAR":"12-31","CURRENCY":"HKD","IS_CNY_CODE":0,"DPS_HKD_LY":null,"ORG_TYPE":"一般企业","PREMIUM_INCOME":null,"PREMIUM_INCOME_YOY":null,"NET_INTEREST_INCOME":null,"NET_INTEREST_INCOME_YOY":null,"FEE_COMMISSION_INCOME":null,"FEE_COMMISSION_INCOME_YOY":null,"ACCOUNTS_RECE_TDAYS":4.754011722879,"INVENTORY_TDAYS":1875.94849785408,"CURRENT_ASSETS_TDAYS":1.033704656807,"TOTAL_ASSETS_TDAYS":0.952455207172,"PREMIUM_EXPENSE":null,"LOAN_DEPOSIT":null,"LOAN_EQUITY":null,"LOAN_ASSETS":null,"DEPOSIT_EQUITY":null,"DEPOSIT_ASSETS":null,"EQUITY_MULTIPLIER":1.194613190335,"EQUITY_RATIO":0.195768915605},{"SECUCODE":"03601.HK","SECURITY_CODE":"03601","SECURITY_NAME_ABBR":"鲁大师","ORG_CODE":"10973786","STD_REPORT_DATE":"2023-12-31 00:00:00","REPORT_DATE":"2023-12-31 00:00:00","DATE_TYPE_CODE":"001","REPORT_TYPE":"2023年年报","PER_NETCASH_OPERATE":0.208044609665,"PER_OI":2.938706319703,"BPS":2.383680297398,"BASIC_EPS":0.1585,"DILUTED_EPS":0.1585,"OPERATE_INCOME":790512000,"OPERATE_INCOME_YOY":120.135783148,"GROSS_PROFIT":164962000,"GROSS_PROFIT_YOY":-7.395992971702,"HOLDER_PROFIT":42642000,"HOLDER_PROFIT_YOY":-29.5010415633,"GROSS_PROFIT_RATIO":20.86774141316,"EPS_TTM":0.158520446097,"OPERATE_INCOME_QOQ":68.095688692786,"NET_PROFIT_RATIO":5.9805543749,"ROE_AVG":6.878973493642,"GROSS_PROFIT_QOQ":-9.809517561125,"ROA":5.986140152496,"HOLDER_PROFIT_QOQ":-34.878819810327,"ROE_YEARLY":6.878973493642,"ROIC_YEARLY":24.152794376696,"TOTAL_ASSETS":763486000,"TOTAL_LIABILITIES":120004000,"TAX_EBT":11.353408835221,"OCF_SALES":7.079462424353,"TOTAL_PARENT_EQUITY":641210000,"DEBT_ASSET_RATIO":15.717904454,"OPERATE_PROFIT":59129000,"PRETAX_PROFIT":53332000,"NETCASH_OPERATE":55964000,"NETCASH_INVEST":-72466000,"NETCASH_FINANCE":-12807000,"END_CASH":503852000,"DIVI_RATIO":null,"DIVIDEND_RATE":null,"CURRENT_RATIO":6.012398176136,"COMMON_ACS":10000000000,"CURRENTDEBT_DEBT":97.591746941769,"ISSUED_COMMON_SHARES":269000000,"HK_COMMON_SHARES":269000000,"PER_SHARES":1000,"TOTAL_MARKET_CAP":228650000,"HKSK_MARKET_CAP":228650000,"PE_TTM":5.981345085755,"PB_TTM":0.315500896531,"REPORT_DATE_SQ":"2022-12-31 00:00:00","REPORT_TYPE_SQ":"2022年年报","OPERATE_INCOME_SQ":359102000,"DPS_HKD":null,"OPERATE_INCOME_QOQ_SQ":3.432761878428,"NET_PROFIT_RATIO_SQ":18.2566513136,"HOLDER_PROFIT_SQ":60486000,"HOLDER_PROFIT_QOQ_SQ":5.720727806617,"ROE_AVG_SQ":10.625419954941,"PE_TTM_SQ":3.252197607667,"PB_TTM_SQ":0.340100317472,"ROA_SQ":9.647705467926,"START_DATE":"2023-01-01 00:00:00","FISCAL_YEAR":"12-31","CURRENCY":"HKD","IS_CNY_CODE":0,"DPS_HKD_LY":null,"ORG_TYPE":"一般企业","PREMIUM_INCOME":null,"PREMIUM_INCOME_YOY":null,"NET_INTEREST_INCOME":null,"NET_INTEREST_INCOME_YOY":null,"FEE_COMMISSION_INCOME":null,"FEE_COMMISSION_INCOME_YOY":null,"ACCOUNTS_RECE_TDAYS":13.58186363363,"INVENTORY_TDAYS":4184.28093645485,"CURRENT_ASSETS_TDAYS":1.198950763381,"TOTAL_ASSETS_TDAYS":1.109731162757,"PREMIUM_EXPENSE":null,"LOAN_DEPOSIT":null,"LOAN_EQUITY":null,"LOAN_ASSETS":null,"DEPOSIT_EQUITY":null,"DEPOSIT_ASSETS":null,"EQUITY_MULTIPLIER":1.186491619035,"EQUITY_RATIO":0.187152414965},{"SECUCODE":"03601.HK","SECURITY_CODE":"03601","SECURITY_NAME_ABBR":"鲁大师","ORG_CODE":"10973786","STD_REPORT_DATE":"2023-06-30 00:00:00","REPORT_DATE":"2023-06-30 00:00:00","DATE_TYPE_CODE":"002","REPORT_TYPE":"2023年中报","PER_NETCASH_OPERATE":0.074892193309,"PER_OI":1.084758364312,"BPS":2.331379182156,"BASIC_EPS":0.1062,"DILUTED_EPS":0.1062,"OPERATE_INCOME":291800000,"OPERATE_INCOME_YOY":61.5483842393,"GROSS_PROFIT":89846000,"GROSS_PROFIT_YOY":5.603027774186,"HOLDER_PROFIT":28573000,"HOLDER_PROFIT_YOY":21.1850029689,"GROSS_PROFIT_RATIO":30.790267306374,"EPS_TTM":0.243423791822,"OPERATE_INCOME_QOQ":30.958613430167,"NET_PROFIT_RATIO":10.7573680603,"ROE_AVG":4.662281177669,"GROSS_PROFIT_QOQ":2.676030246383,"ROA":4.110646348174,"HOLDER_PROFIT_QOQ":8.258109314552,"ROE_YEARLY":9.324562355339,"ROIC_YEARLY":32.860469796728,"TOTAL_ASSETS":728990000,"TOTAL_LIABILITIES":96469000,"TAX_EBT":14.058863791923,"OCF_SALES":6.904043865661,"TOTAL_PARENT_EQUITY":627141000,"DEBT_ASSET_RATIO":13.2332405108,"OPERATE_PROFIT":38673000,"PRETAX_PROFIT":36525000,"NETCASH_OPERATE":20146000,"NETCASH_INVEST":-75922000,"NETCASH_FINANCE":-6146000,"END_CASH":471540000,"DIVI_RATIO":null,"DIVIDEND_RATE":null,"CURRENT_RATIO":7.014761068202,"COMMON_ACS":10000000000,"CURRENTDEBT_DEBT":99.720117343395,"ISSUED_COMMON_SHARES":269000000,"HK_COMMON_SHARES":269000000,"PER_SHARES":1000,"TOTAL_MARKET_CAP":228650000,"HKSK_MARKET_CAP":228650000,"PE_TTM":5.981345085755,"PB_TTM":0.315500896531,"REPORT_DATE_SQ":"2022-06-30 00:00:00","REPORT_TYPE_SQ":"2022年中报","OPERATE_INCOME_SQ":180627000,"DPS_HKD":null,"OPERATE_INCOME_QOQ_SQ":2.739957091071,"NET_PROFIT_RATIO_SQ":14.4552032642,"HOLDER_PROFIT_SQ":23578000,"HOLDER_PROFIT_QOQ_SQ":3.951815109561,"ROE_AVG_SQ":4.280772020476,"PE_TTM_SQ":3.252197607667,"PB_TTM_SQ":0.340100317472,"ROA_SQ":3.921865422697,"START_DATE":"2023-01-01 00:00:00","FISCAL_YEAR":"12-31","CURRENCY":"HKD","IS_CNY_CODE":0,"DPS_HKD_LY":null,"ORG_TYPE":"一般企业","PREMIUM_INCOME":null,"PREMIUM_INCOME_YOY":null,"NET_INTEREST_INCOME":null,"NET_INTEREST_INCOME_YOY":null,"FEE_COMMISSION_INCOME":null,"FEE_COMMISSION_INCOME_YOY":null,"ACCOUNTS_RECE_TDAYS":4.936391933956,"INVENTORY_TDAYS":1085.77419354839,"CURRENT_ASSETS_TDAYS":0.452631170745,"TOTAL_ASSETS_TDAYS":0.419797222692,"PREMIUM_EXPENSE":null,"LOAN_DEPOSIT":null,"LOAN_EQUITY":null,"LOAN_ASSETS":null,"DEPOSIT_EQUITY":null,"DEPOSIT_ASSETS":null,"EQUITY_MULTIPLIER":1.15251509436,"EQUITY_RATIO":0.153823462347},{"SECUCODE":"03601.HK","SECURITY_CODE":"03601","SECURITY_NAME_ABBR":"鲁大师","ORG_CODE":"10973786","STD_REPORT_DATE":"2022-12-31 00:00:00","REPORT_DATE":"2022-12-31 00:00:00","DATE_TYPE_CODE":"001","REPORT_TYPE":"2022年年报","PER_NETCASH_OPERATE":0.350003717472,"PER_OI":1.334951672862,"BPS":2.225159851301,"BASIC_EPS":0.2249,"DILUTED_EPS":0.2249,"OPERATE_INCOME":359102000,"OPERATE_INCOME_YOY":6.266775172,"GROSS_PROFIT":178137000,"GROSS_PROFIT_YOY":6.881986236028,"HOLDER_PROFIT":60486000,"HOLDER_PROFIT_YOY":9.898615502,"GROSS_PROFIT_RATIO":49.606240009802,"EPS_TTM":0.224855018587,"OPERATE_INCOME_QOQ":3.432761878428,"NET_PROFIT_RATIO":18.2566513136,"ROE_AVG":10.625419954941,"GROSS_PROFIT_QOQ":2.761465243727,"ROA":9.647705467926,"HOLDER_PROFIT_QOQ":5.720727806617,"ROE_YEARLY":10.625419954941,"ROIC_YEARLY":36.8320738517,"TOTAL_ASSETS":661205000,"TOTAL_LIABILITIES":60074000,"TAX_EBT":9.074518397293,"OCF_SALES":26.21845603756,"TOTAL_PARENT_EQUITY":598568000,"DEBT_ASSET_RATIO":9.085533231,"OPERATE_PROFIT":72734000,"PRETAX_PROFIT":72103000,"NETCASH_OPERATE":94151000,"NETCASH_INVEST":50469000,"NETCASH_FINANCE":-7262000,"END_CASH":532902000,"DIVI_RATIO":null,"DIVIDEND_RATE":null,"CURRENT_RATIO":10.38174477143,"COMMON_ACS":10000000000,"CURRENTDEBT_DEBT":98.535139994007,"ISSUED_COMMON_SHARES":269000000,"HK_COMMON_SHARES":269000000,"PER_SHARES":1000,"TOTAL_MARKET_CAP":228650000,"HKSK_MARKET_CAP":228650000,"PE_TTM":5.981345085755,"PB_TTM":0.315500896531,"REPORT_DATE_SQ":"2021-12-31 00:00:00","REPORT_TYPE_SQ":"2021年年报","OPERATE_INCOME_SQ":337925000,"DPS_HKD":null,"OPERATE_INCOME_QOQ_SQ":0.496646890009,"NET_PROFIT_RATIO_SQ":17.0641414515,"HOLDER_PROFIT_SQ":55038000,"HOLDER_PROFIT_QOQ_SQ":13.244583444785,"ROE_AVG_SQ":10.740630878875,"PE_TTM_SQ":3.252197607667,"PB_TTM_SQ":0.340100317472,"ROA_SQ":9.817266280728,"START_DATE":"2022-01-01 00:00:00","FISCAL_YEAR":"12-31","CURRENCY":"HKD","IS_CNY_CODE":0,"DPS_HKD_LY":null,"ORG_TYPE":"一般企业","PREMIUM_INCOME":null,"PREMIUM_INCOME_YOY":null,"NET_INTEREST_INCOME":null,"NET_INTEREST_INCOME_YOY":null,"FEE_COMMISSION_INCOME":null,"FEE_COMMISSION_INCOME_YOY":null,"ACCOUNTS_RECE_TDAYS":8.154644442678,"INVENTORY_TDAYS":560.263157894737,"CURRENT_ASSETS_TDAYS":0.610882874791,"TOTAL_ASSETS_TDAYS":0.572778879235,"PREMIUM_EXPENSE":null,"LOAN_DEPOSIT":null,"LOAN_EQUITY":null,"LOAN_ASSETS":null,"DEPOSIT_EQUITY":null,"DEPOSIT_ASSETS":null,"EQUITY_MULTIPLIER":1.099934955941,"EQUITY_RATIO":0.10036286604},{"SECUCODE":"03601.HK","SECURITY_CODE":"03601","SECURITY_NAME_ABBR":"鲁大师","ORG_CODE":"10973786","STD_REPORT_DATE":"2022-06-30 00:00:00","REPORT_DATE":"2022-06-30 00:00:00","DATE_TYPE_CODE":"002","REPORT_TYPE":"2022年中报","PER_NETCASH_OPERATE":0.192624535316,"PER_OI":0.671475836431,"BPS":2.087843866171,"BASIC_EPS":0.0877,"DILUTED_EPS":null,"OPERATE_INCOME":180627000,"OPERATE_INCOME_YOY":5.4029923906,"GROSS_PROFIT":85079000,"GROSS_PROFIT_YOY":8.524669626001,"HOLDER_PROFIT":23578000,"HOLDER_PROFIT_YOY":10.1621268047,"GROSS_PROFIT_RATIO":47.102039008565,"EPS_TTM":0.212687732342,"OPERATE_INCOME_QOQ":2.739957091071,"NET_PROFIT_RATIO":14.4552032642,"ROE_AVG":4.280772020476,"GROSS_PROFIT_QOQ":4.009791980416,"ROA":3.921865422697,"HOLDER_PROFIT_QOQ":3.951815109561,"ROE_YEARLY":8.561544040952,"ROIC_YEARLY":25.902631680134,"TOTAL_ASSETS":609698000,"TOTAL_LIABILITIES":43448000,"TAX_EBT":21.082061357111,"OCF_SALES":28.686741184873,"TOTAL_PARENT_EQUITY":561630000,"DEBT_ASSET_RATIO":7.1261509797,"OPERATE_PROFIT":31324000,"PRETAX_PROFIT":33085000,"NETCASH_OPERATE":51816000,"NETCASH_INVEST":7334000,"NETCASH_FINANCE":-5946000,"END_CASH":443678000,"DIVI_RATIO":null,"DIVIDEND_RATE":null,"CURRENT_RATIO":13.55364646559,"COMMON_ACS":10000000000,"CURRENTDEBT_DEBT":98.591419628061,"ISSUED_COMMON_SHARES":269000000,"HK_COMMON_SHARES":269000000,"PER_SHARES":1000,"TOTAL_MARKET_CAP":228650000,"HKSK_MARKET_CAP":228650000,"PE_TTM":5.981345085755,"PB_TTM":0.315500896531,"REPORT_DATE_SQ":"2021-06-30 00:00:00","REPORT_TYPE_SQ":"2021年中报","OPERATE_INCOME_SQ":171368000,"DPS_HKD":null,"OPERATE_INCOME_QOQ_SQ":-3.347504031319,"NET_PROFIT_RATIO_SQ":12.7824331264,"HOLDER_PROFIT_SQ":21403000,"HOLDER_PROFIT_QOQ_SQ":-33.120037429991,"ROE_AVG_SQ":4.318512218769,"PE_TTM_SQ":3.252197607667,"PB_TTM_SQ":0.340100317472,"ROA_SQ":3.919762356509,"START_DATE":"2022-01-01 00:00:00","FISCAL_YEAR":"12-31","CURRENCY":"HKD","IS_CNY_CODE":0,"DPS_HKD_LY":null,"ORG_TYPE":"一般企业","PREMIUM_INCOME":null,"PREMIUM_INCOME_YOY":null,"NET_INTEREST_INCOME":null,"NET_INTEREST_INCOME_YOY":null,"FEE_COMMISSION_INCOME":null,"FEE_COMMISSION_INCOME_YOY":null,"ACCOUNTS_RECE_TDAYS":3.99255100462,"INVENTORY_TDAYS":202.217989417989,"CURRENT_ASSETS_TDAYS":0.316409585812,"TOTAL_ASSETS_TDAYS":0.300447360126,"PREMIUM_EXPENSE":null,"LOAN_DEPOSIT":null,"LOAN_EQUITY":null,"LOAN_ASSETS":null,"DEPOSIT_EQUITY":null,"DEPOSIT_ASSETS":null,"EQUITY_MULTIPLIER":1.076729359824,"EQUITY_RATIO":0.077360539857},{"SECUCODE":"03601.HK","SECURITY_CODE":"03601","SECURITY_NAME_ABBR":"鲁大师","ORG_CODE":"10973786","STD_REPORT_DATE":"2021-12-31 00:00:00","REPORT_DATE":"2021-12-31 00:00:00","DATE_TYPE_CODE":"001","REPORT_TYPE":"2021年年报","PER_NETCASH_OPERATE":0.314713754647,"PER_OI":1.256226765799,"BPS":2.007237918216,"BASIC_EPS":0.2046,"DILUTED_EPS":null,"OPERATE_INCOME":337925000,"OPERATE_INCOME_YOY":-2.867482416,"GROSS_PROFIT":166667000,"GROSS_PROFIT_YOY":-10.946600126099,"HOLDER_PROFIT":55038000,"HOLDER_PROFIT_YOY":-24.2620649796,"GROSS_PROFIT_RATIO":49.320707257528,"EPS_TTM":0.204602230483,"OPERATE_INCOME_QOQ":0.496646890009,"NET_PROFIT_RATIO":17.0641414515,"ROE_AVG":10.740630878875,"GROSS_PROFIT_QOQ":-2.805607716442,"ROA":9.817266280728,"HOLDER_PROFIT_QOQ":13.244583444785,"ROE_YEARLY":10.740630878875,"ROIC_YEARLY":31.025502266117,"TOTAL_ASSETS":592689000,"TOTAL_LIABILITIES":47730000,"TAX_EBT":9.492717227524,"OCF_SALES":25.052304505438,"TOTAL_PARENT_EQUITY":539947000,"DEBT_ASSET_RATIO":8.0531273568,"OPERATE_PROFIT":73283000,"PRETAX_PROFIT":63712000,"NETCASH_OPERATE":92658000,"NETCASH_INVEST":-67681000,"NETCASH_FINANCE":-7408000,"END_CASH":384975000,"DIVI_RATIO":null,"DIVIDEND_RATE":null,"CURRENT_RATIO":12.073086770369,"COMMON_ACS":10000000000,"CURRENTDEBT_DEBT":97.379006913891,"ISSUED_COMMON_SHARES":269000000,"HK_COMMON_SHARES":269000000,"PER_SHARES":1000,"TOTAL_MARKET_CAP":228650000,"HKSK_MARKET_CAP":228650000,"PE_TTM":5.981345085755,"PB_TTM":0.315500896531,"REPORT_DATE_SQ":"2020-12-31 00:00:00","REPORT_TYPE_SQ":"2020年年报","OPERATE_INCOME_SQ":347901000,"DPS_HKD":null,"OPERATE_INCOME_QOQ_SQ":-13.078424073135,"NET_PROFIT_RATIO_SQ":22.1606146576,"HOLDER_PROFIT_SQ":72669000,"HOLDER_PROFIT_QOQ_SQ":-27.770157442748,"ROE_AVG_SQ":15.74175967004,"PE_TTM_SQ":3.252197607667,"PB_TTM_SQ":0.340100317472,"ROA_SQ":14.156942198671,"START_DATE":"2021-01-01 00:00:00","FISCAL_YEAR":"12-31","CURRENCY":"HKD","IS_CNY_CODE":0,"DPS_HKD_LY":null,"ORG_TYPE":"一般企业","PREMIUM_INCOME":null,"PREMIUM_INCOME_YOY":null,"NET_INTEREST_INCOME":null,"NET_INTEREST_INCOME_YOY":null,"FEE_COMMISSION_INCOME":null,"FEE_COMMISSION_INCOME_YOY":null,"ACCOUNTS_RECE_TDAYS":6.530456460403,"INVENTORY_TDAYS":522.128048780488,"CURRENT_ASSETS_TDAYS":0.654996230028,"TOTAL_ASSETS_TDAYS":0.602765309044,"PREMIUM_EXPENSE":null,"LOAN_DEPOSIT":null,"LOAN_EQUITY":null,"LOAN_ASSETS":null,"DEPOSIT_EQUITY":null,"DEPOSIT_ASSETS":null,"EQUITY_MULTIPLIER":1.087584570582,"EQUITY_RATIO":0.088397564946},{"SECUCODE":"03601.HK","SECURITY_CODE":"03601","SECURITY_NAME_ABBR":"鲁大师","ORG_CODE":"10973786","STD_REPORT_DATE":"2021-06-30 00:00:00","REPORT_DATE":"2021-06-30 00:00:00","DATE_TYPE_CODE":"002","REPORT_TYPE":"2021年中报","PER_NETCASH_OPERATE":0.091479553903,"PER_OI":0.637055762082,"BPS":1.882200743494,"BASIC_EPS":0.0796,"DILUTED_EPS":0.0796,"OPERATE_INCOME":171368000,"OPERATE_INCOME_YOY":-6.3634476051,"GROSS_PROFIT":78396000,"GROSS_PROFIT_YOY":-16.6638319585,"HOLDER_PROFIT":21403000,"HOLDER_PROFIT_YOY":-52.930439181,"GROSS_PROFIT_RATIO":45.747163997946,"EPS_TTM":0.180672862454,"OPERATE_INCOME_QOQ":-3.347504031319,"NET_PROFIT_RATIO":12.7824331264,"ROE_AVG":4.318512218769,"GROSS_PROFIT_QOQ":-8.37598982656,"ROA":3.919762356509,"HOLDER_PROFIT_QOQ":-33.120037429991,"ROE_YEARLY":8.637024437537,"ROIC_YEARLY":21.807474126359,"TOTAL_ASSETS":563496000,"TOTAL_LIABILITIES":54296000,"TAX_EBT":5.829500021495,"OCF_SALES":14.359740441623,"TOTAL_PARENT_EQUITY":506312000,"DEBT_ASSET_RATIO":9.6355608558,"OPERATE_PROFIT":24267000,"PRETAX_PROFIT":23261000,"NETCASH_OPERATE":24608000,"NETCASH_INVEST":-66842000,"NETCASH_FINANCE":-6179000,"END_CASH":320117000,"DIVI_RATIO":null,"DIVIDEND_RATE":null,"CURRENT_RATIO":9.694807935838,"COMMON_ACS":10000000000,"CURRENTDEBT_DEBT":95.988654781199,"ISSUED_COMMON_SHARES":269000000,"HK_COMMON_SHARES":269000000,"PER_SHARES":1000,"TOTAL_MARKET_CAP":228650000,"HKSK_MARKET_CAP":228650000,"PE_TTM":5.981345085755,"PB_TTM":0.315500896531,"REPORT_DATE_SQ":"2020-06-30 00:00:00","REPORT_TYPE_SQ":"2020年中报","OPERATE_INCOME_SQ":183014000,"DPS_HKD":null,"OPERATE_INCOME_QOQ_SQ":-1.05019839553,"NET_PROFIT_RATIO_SQ":26.3613712612,"HOLDER_PROFIT_SQ":45471000,"HOLDER_PROFIT_QOQ_SQ":-3.910144982904,"ROE_AVG_SQ":10.133073048112,"PE_TTM_SQ":3.252197607667,"PB_TTM_SQ":0.340100317472,"ROA_SQ":8.835771359284,"START_DATE":"2021-01-01 00:00:00","FISCAL_YEAR":"12-31","CURRENCY":"HKD","IS_CNY_CODE":0,"DPS_HKD_LY":null,"ORG_TYPE":"一般企业","PREMIUM_INCOME":null,"PREMIUM_INCOME_YOY":null,"NET_INTEREST_INCOME":null,"NET_INTEREST_INCOME_YOY":null,"FEE_COMMISSION_INCOME":null,"FEE_COMMISSION_INCOME_YOY":null,"ACCOUNTS_RECE_TDAYS":2.620906935842,"INVENTORY_TDAYS":332.042857142857,"CURRENT_ASSETS_TDAYS":0.351175808198,"TOTAL_ASSETS_TDAYS":0.31384471126,"PREMIUM_EXPENSE":null,"LOAN_DEPOSIT":null,"LOAN_EQUITY":null,"LOAN_ASSETS":null,"DEPOSIT_EQUITY":null,"DEPOSIT_ASSETS":null,"EQUITY_MULTIPLIER":1.106630007855,"EQUITY_RATIO":0.107238224652},{"SECUCODE":"03601.HK","SECURITY_CODE":"03601","SECURITY_NAME_ABBR":"鲁大师","ORG_CODE":"10973786","STD_REPORT_DATE":"2020-12-31 00:00:00","REPORT_DATE":"2020-12-31 00:00:00","DATE_TYPE_CODE":"001","REPORT_TYPE":"2020年年报","PER_NETCASH_OPERATE":0.516434944238,"PER_OI":1.293312267658,"BPS":1.802635687732,"BASIC_EPS":0.2701,"DILUTED_EPS":0.2701,"OPERATE_INCOME":347901000,"OPERATE_INCOME_YOY":-13.9912730689,"GROSS_PROFIT":187154000,"GROSS_PROFIT_YOY":-3.704580301923,"HOLDER_PROFIT":72669000,"HOLDER_PROFIT_YOY":-30.5944490077,"GROSS_PROFIT_RATIO":53.795188861199,"EPS_TTM":0.270144981413,"OPERATE_INCOME_QOQ":-13.078424073135,"NET_PROFIT_RATIO":22.1606146576,"ROE_AVG":15.74175967004,"GROSS_PROFIT_QOQ":-3.752121367961,"ROA":14.156942198671,"HOLDER_PROFIT_QOQ":-27.770157442748,"ROE_YEARLY":15.74175967004,"ROIC_YEARLY":47.036778127306,"TOTAL_ASSETS":528560000,"TOTAL_LIABILITIES":36414000,"TAX_EBT":11.249122241536,"OCF_SALES":39.931187320531,"TOTAL_PARENT_EQUITY":484909000,"DEBT_ASSET_RATIO":6.8892840926,"OPERATE_PROFIT":88958000,"PRETAX_PROFIT":86869000,"NETCASH_OPERATE":138921000,"NETCASH_INVEST":-36810000,"NETCASH_FINANCE":-41582000,"END_CASH":369233000,"DIVI_RATIO":null,"DIVIDEND_RATE":null,"CURRENT_RATIO":14.411469336518,"COMMON_ACS":10000000000,"CURRENTDEBT_DEBT":89.693524468611,"ISSUED_COMMON_SHARES":269000000,"HK_COMMON_SHARES":269000000,"PER_SHARES":1000,"TOTAL_MARKET_CAP":228650000,"HKSK_MARKET_CAP":228650000,"PE_TTM":5.981345085755,"PB_TTM":0.315500896531,"REPORT_DATE_SQ":"2019-12-31 00:00:00","REPORT_TYPE_SQ":"2019年年报","OPERATE_INCOME_SQ":404495000,"DPS_HKD":null,"OPERATE_INCOME_QOQ_SQ":19.745349264053,"NET_PROFIT_RATIO_SQ":26.3214625644,"HOLDER_PROFIT_SQ":104702000,"HOLDER_PROFIT_QOQ_SQ":19.465553045344,"ROE_AVG_SQ":32.558313094909,"PE_TTM_SQ":3.252197607667,"PB_TTM_SQ":0.340100317472,"ROA_SQ":27.090726325499,"START_DATE":"2020-01-01 00:00:00","FISCAL_YEAR":"12-31","CURRENCY":"HKD","IS_CNY_CODE":0,"DPS_HKD_LY":0.1,"ORG_TYPE":"一般企业","PREMIUM_INCOME":null,"PREMIUM_INCOME_YOY":null,"NET_INTEREST_INCOME":null,"NET_INTEREST_INCOME_YOY":null,"FEE_COMMISSION_INCOME":null,"FEE_COMMISSION_INCOME_YOY":null,"ACCOUNTS_RECE_TDAYS":4.98307706631,"INVENTORY_TDAYS":72.180960933992,"CURRENT_ASSETS_TDAYS":0.738574315775,"TOTAL_ASSETS_TDAYS":0.677760028053,"PREMIUM_EXPENSE":null,"LOAN_DEPOSIT":null,"LOAN_EQUITY":null,"LOAN_ASSETS":null,"DEPOSIT_EQUITY":null,"DEPOSIT_ASSETS":null,"EQUITY_MULTIPLIER":1.073990238669,"EQUITY_RATIO":0.075094502267},{"SECUCODE":"03601.HK","SECURITY_CODE":"03601","SECURITY_NAME_ABBR":"鲁大师","ORG_CODE":"10973786","STD_REPORT_DATE":"2020-06-30 00:00:00","REPORT_DATE":"2020-06-30 00:00:00","DATE_TYPE_CODE":"002","REPORT_TYPE":"2020年中报","PER_NETCASH_OPERATE":0.156884758364,"PER_OI":0.680349442379,"BPS":1.706773234201,"BASIC_EPS":0.169,"DILUTED_EPS":0.169,"OPERATE_INCOME":183014000,"OPERATE_INCOME_YOY":-2.2684794566,"GROSS_PROFIT":94072000,"GROSS_PROFIT_YOY":0.102153741381,"HOLDER_PROFIT":45471000,"HOLDER_PROFIT_YOY":-8.2598607889,"GROSS_PROFIT_RATIO":51.401532123226,"EPS_TTM":0.374007434944,"OPERATE_INCOME_QOQ":-1.05019839553,"NET_PROFIT_RATIO":26.3613712612,"ROE_AVG":10.133073048112,"GROSS_PROFIT_QOQ":0.049394404026,"ROA":8.835771359284,"HOLDER_PROFIT_QOQ":-3.910144982904,"ROE_YEARLY":20.266146096223,"ROIC_YEARLY":51.211848181102,"TOTAL_ASSETS":531188000,"TOTAL_LIABILITIES":66364000,"TAX_EBT":11.782991095101,"OCF_SALES":23.059438075776,"TOTAL_PARENT_EQUITY":459122000,"DEBT_ASSET_RATIO":12.4935051244,"OPERATE_PROFIT":55413000,"PRETAX_PROFIT":54689000,"NETCASH_OPERATE":42202000,"NETCASH_INVEST":-44135000,"NETCASH_FINANCE":-13624000,"END_CASH":301224000,"DIVI_RATIO":null,"DIVIDEND_RATE":null,"CURRENT_RATIO":7.242174014462,"COMMON_ACS":10000000000,"CURRENTDEBT_DEBT":96.897414260744,"ISSUED_COMMON_SHARES":269000000,"HK_COMMON_SHARES":269000000,"PER_SHARES":1000,"TOTAL_MARKET_CAP":228650000,"HKSK_MARKET_CAP":228650000,"PE_TTM":5.981345085755,"PB_TTM":0.315500896531,"REPORT_DATE_SQ":"2019-06-30 00:00:00","REPORT_TYPE_SQ":"2019年中报","OPERATE_INCOME_SQ":187262000,"DPS_HKD":null,"OPERATE_INCOME_QOQ_SQ":5.473575090706,"NET_PROFIT_RATIO_SQ":26.664245816,"HOLDER_PROFIT_SQ":49565000,"HOLDER_PROFIT_QOQ_SQ":20.805535645366,"ROE_AVG_SQ":null,"PE_TTM_SQ":3.252197607667,"PB_TTM_SQ":0.340100317472,"ROA_SQ":null,"START_DATE":"2020-01-01 00:00:00","FISCAL_YEAR":"12-31","CURRENCY":"HKD","IS_CNY_CODE":0,"DPS_HKD_LY":0.1,"ORG_TYPE":"一般企业","PREMIUM_INCOME":null,"PREMIUM_INCOME_YOY":null,"NET_INTEREST_INCOME":null,"NET_INTEREST_INCOME_YOY":null,"FEE_COMMISSION_INCOME":null,"FEE_COMMISSION_INCOME_YOY":null,"ACCOUNTS_RECE_TDAYS":2.322144329897,"INVENTORY_TDAYS":20.250910746812,"CURRENT_ASSETS_TDAYS":0.390595270744,"TOTAL_ASSETS_TDAYS":0.35562663226,"PREMIUM_EXPENSE":null,"LOAN_DEPOSIT":null,"LOAN_EQUITY":null,"LOAN_ASSETS":null,"DEPOSIT_EQUITY":null,"DEPOSIT_ASSETS":null,"EQUITY_MULTIPLIER":1.142772318125,"EQUITY_RATIO":0.144545458506}],"count":17},"success":true,"message":"ok","code":0}