{"version":"0227153feb9669c2aef5368f804dce0f","result":{"pages":6,"data":[{"SECUCODE":"03606.HK","SECURITY_CODE":"03606","SECURITY_NAME_ABBR":"福耀玻璃","ORG_CODE":"10003970","STD_REPORT_DATE":"2024-09-30 00:00:00","REPORT_DATE":"2024-09-30 00:00:00","DATE_TYPE_CODE":"004","REPORT_TYPE":"2024年三季报","PER_NETCASH_OPERATE":2.40808288935,"PER_OI":10.84915489849,"BPS":12.796826617061,"BASIC_EPS":2.1,"DILUTED_EPS":2.1,"OPERATE_INCOME":28313511824,"OPERATE_INCOME_YOY":18.8352099745,"GROSS_PROFIT":10706975993,"GROSS_PROFIT_YOY":28.609627145735,"HOLDER_PROFIT":5478784237,"HOLDER_PROFIT_YOY":32.7889798641,"GROSS_PROFIT_RATIO":37.815782300535,"EPS_TTM":2.675180618093,"OPERATE_INCOME_QOQ":3.233334601974,"NET_PROFIT_RATIO":19.3653870035,"ROE_AVG":16.903927916884,"GROSS_PROFIT_QOQ":5.35260517744,"ROA":9.288098277144,"HOLDER_PROFIT_QOQ":10.975659154567,"ROE_YEARLY":22.538570555845,"ROIC_YEARLY":13.738670025537,"TOTAL_ASSETS":61333832136,"TOTAL_LIABILITIES":27948019052,"TAX_EBT":15.178394615179,"OCF_SALES":22.196041183676,"TOTAL_PARENT_EQUITY":33396435494,"DEBT_ASSET_RATIO":45.5670517864,"OPERATE_PROFIT":6012789949,"PRETAX_PROFIT":6464179868,"NETCASH_OPERATE":6284478745,"NETCASH_INVEST":-5611464664,"NETCASH_FINANCE":-1403562681,"END_CASH":12460340950,"DIVI_RATIO":0.485553090911,"DIVIDEND_RATE":2.681689429373,"CURRENT_RATIO":2.027072241562,"COMMON_ACS":null,"CURRENTDEBT_DEBT":63.703770195212,"ISSUED_COMMON_SHARES":2609743532,"HK_COMMON_SHARES":606757200,"PER_SHARES":400,"TOTAL_MARKET_CAP":139490791785.4,"HKSK_MARKET_CAP":32431172340,"PE_TTM":17.905634698445,"PB_TTM":3.766611593826,"REPORT_DATE_SQ":"2023-09-30 00:00:00","REPORT_TYPE_SQ":"2023年三季报","OPERATE_INCOME_SQ":23825860896,"DPS_HKD":1.433363,"OPERATE_INCOME_QOQ_SQ":4.162703163211,"NET_PROFIT_RATIO_SQ":17.3234627576,"HOLDER_PROFIT_SQ":4125932922,"HOLDER_PROFIT_QOQ_SQ":-4.400116540339,"ROE_AVG_SQ":13.962908279445,"PE_TTM_SQ":17.156608266662,"PB_TTM_SQ":2.881551213277,"ROA_SQ":7.689899151089,"START_DATE":"2024-01-01 00:00:00","FISCAL_YEAR":"12-31","CURRENCY":"HKD","IS_CNY_CODE":0,"DPS_HKD_LY":1.433363,"ORG_TYPE":"一般企业","PREMIUM_INCOME":null,"PREMIUM_INCOME_YOY":null,"NET_INTEREST_INCOME":null,"NET_INTEREST_INCOME_YOY":null,"FEE_COMMISSION_INCOME":null,"FEE_COMMISSION_INCOME_YOY":null,"ACCOUNTS_RECE_TDAYS":3.078513353026,"INVENTORY_TDAYS":3.159394165695,"CURRENT_ASSETS_TDAYS":0.813299953156,"TOTAL_ASSETS_TDAYS":0.479994591896,"PREMIUM_EXPENSE":null,"LOAN_DEPOSIT":null,"LOAN_EQUITY":null,"LOAN_ASSETS":null,"DEPOSIT_EQUITY":null,"DEPOSIT_ASSETS":null,"EQUITY_MULTIPLIER":1.837122611981,"EQUITY_RATIO":0.836856348248},{"SECUCODE":"03606.HK","SECURITY_CODE":"03606","SECURITY_NAME_ABBR":"福耀玻璃","ORG_CODE":"10003970","STD_REPORT_DATE":"2024-06-30 00:00:00","REPORT_DATE":"2024-06-30 00:00:00","DATE_TYPE_CODE":"002","REPORT_TYPE":"2024年中报","PER_NETCASH_OPERATE":1.265682991259,"PER_OI":7.027407013418,"BPS":12.12293990274,"BASIC_EPS":1.34,"DILUTED_EPS":1.34,"OPERATE_INCOME":18339730000,"OPERATE_INCOME_YOY":22.0106047005,"GROSS_PROFIT":6700198000,"GROSS_PROFIT_YOY":33.614633680382,"HOLDER_PROFIT":3498318000,"HOLDER_PROFIT_YOY":23.3560805529,"GROSS_PROFIT_RATIO":36.533787574844,"EPS_TTM":2.410601242176,"OPERATE_INCOME_QOQ":4.36476756281,"NET_PROFIT_RATIO":19.0926965664,"ROE_AVG":11.094510387998,"GROSS_PROFIT_QOQ":6.323768503285,"ROA":5.992600684526,"HOLDER_PROFIT_QOQ":3.098166545962,"ROE_YEARLY":22.189020775995,"ROIC_YEARLY":17.745303701488,"TOTAL_ASSETS":60114121000,"TOTAL_LIABILITIES":28487986000,"TAX_EBT":15.115404102233,"OCF_SALES":18.01066864125,"TOTAL_PARENT_EQUITY":31637764000,"DEBT_ASSET_RATIO":47.3898404004,"OPERATE_PROFIT":3771323000,"PRETAX_PROFIT":4125070000,"NETCASH_OPERATE":3303108000,"NETCASH_INVEST":-3878523000,"NETCASH_FINANCE":-294847000,"END_CASH":12536763000,"DIVI_RATIO":0.538845743184,"DIVIDEND_RATE":2.622805123513,"CURRENT_RATIO":1.958471251451,"COMMON_ACS":null,"CURRENTDEBT_DEBT":63.662145158313,"ISSUED_COMMON_SHARES":2609743532,"HK_COMMON_SHARES":606757200,"PER_SHARES":400,"TOTAL_MARKET_CAP":142622484023.8,"HKSK_MARKET_CAP":33159280980,"PE_TTM":18.307632109823,"PB_TTM":3.851175371423,"REPORT_DATE_SQ":"2023-06-30 00:00:00","REPORT_TYPE_SQ":"2023年中报","OPERATE_INCOME_SQ":15031259000,"DPS_HKD":1.433363,"OPERATE_INCOME_QOQ_SQ":5.673765669374,"NET_PROFIT_RATIO_SQ":18.8691579328,"HOLDER_PROFIT_SQ":2835951000,"HOLDER_PROFIT_QOQ_SQ":8.565315689186,"ROE_AVG_SQ":9.80967263232,"PE_TTM_SQ":17.08551734843,"PB_TTM_SQ":2.86961108394,"ROA_SQ":5.341458291338,"START_DATE":"2024-01-01 00:00:00","FISCAL_YEAR":"12-31","CURRENCY":"HKD","IS_CNY_CODE":0,"DPS_HKD_LY":1.433363,"ORG_TYPE":"一般企业","PREMIUM_INCOME":null,"PREMIUM_INCOME_YOY":null,"NET_INTEREST_INCOME":null,"NET_INTEREST_INCOME_YOY":null,"FEE_COMMISSION_INCOME":null,"FEE_COMMISSION_INCOME_YOY":null,"ACCOUNTS_RECE_TDAYS":2.151533489982,"INVENTORY_TDAYS":2.177898215651,"CURRENT_ASSETS_TDAYS":0.531160455408,"TOTAL_ASSETS_TDAYS":0.314158628667,"PREMIUM_EXPENSE":null,"LOAN_DEPOSIT":null,"LOAN_EQUITY":null,"LOAN_ASSETS":null,"DEPOSIT_EQUITY":null,"DEPOSIT_ASSETS":null,"EQUITY_MULTIPLIER":1.900773553266,"EQUITY_RATIO":0.900442458576},{"SECUCODE":"03606.HK","SECURITY_CODE":"03606","SECURITY_NAME_ABBR":"福耀玻璃","ORG_CODE":"10003970","STD_REPORT_DATE":"2024-03-31 00:00:00","REPORT_DATE":"2024-03-31 00:00:00","DATE_TYPE_CODE":"003","REPORT_TYPE":"2024年一季报","PER_NETCASH_OPERATE":0.498209808381,"PER_OI":3.385644835463,"BPS":12.591677606273,"BASIC_EPS":0.53,"DILUTED_EPS":0.53,"OPERATE_INCOME":8835664711,"OPERATE_INCOME_YOY":25.2854245936,"GROSS_PROFIT":3253210505,"GROSS_PROFIT_YOY":38.957965280333,"HOLDER_PROFIT":1387825463,"HOLDER_PROFIT_YOY":51.7564126558,"GROSS_PROFIT_RATIO":36.819080526561,"EPS_TTM":2.338161116669,"OPERATE_INCOME_QOQ":5.377511520537,"NET_PROFIT_RATIO":15.7127416376,"ROE_AVG":4.317577363665,"GROSS_PROFIT_QOQ":8.05666508489,"ROA":2.386530071776,"HOLDER_PROFIT_QOQ":8.409014451691,"ROE_YEARLY":17.27030945466,"ROIC_YEARLY":14.377763696948,"TOTAL_ASSETS":59664416575,"TOTAL_LIABILITIES":26817726992,"TAX_EBT":18.073763145074,"OCF_SALES":14.715359483722,"TOTAL_PARENT_EQUITY":32861049190,"DEBT_ASSET_RATIO":44.9476061805,"OPERATE_PROFIT":1625293434,"PRETAX_PROFIT":1694603855,"NETCASH_OPERATE":1300199825,"NETCASH_INVEST":-1023159032,"NETCASH_FINANCE":1708176676,"END_CASH":15337281322,"DIVI_RATIO":0.555540081733,"DIVIDEND_RATE":2.622805123513,"CURRENT_RATIO":2.3041411952,"COMMON_ACS":null,"CURRENTDEBT_DEBT":58.272707402316,"ISSUED_COMMON_SHARES":2609743532,"HK_COMMON_SHARES":606757200,"PER_SHARES":400,"TOTAL_MARKET_CAP":142622484023.8,"HKSK_MARKET_CAP":33159280980,"PE_TTM":18.307632109823,"PB_TTM":3.851175371423,"REPORT_DATE_SQ":"2023-03-31 00:00:00","REPORT_TYPE_SQ":"2023年一季报","OPERATE_INCOME_SQ":7052428277,"DPS_HKD":1.433363,"OPERATE_INCOME_QOQ_SQ":1.796054074142,"NET_PROFIT_RATIO_SQ":12.9663401893,"HOLDER_PROFIT_SQ":914508612,"HOLDER_PROFIT_QOQ_SQ":0.911188061155,"ROE_AVG_SQ":3.109471437112,"PE_TTM_SQ":17.08551734843,"PB_TTM_SQ":2.86961108394,"ROA_SQ":1.750584395936,"START_DATE":"2024-01-01 00:00:00","FISCAL_YEAR":"12-31","CURRENCY":"HKD","IS_CNY_CODE":0,"DPS_HKD_LY":1.433363,"ORG_TYPE":"一般企业","PREMIUM_INCOME":null,"PREMIUM_INCOME_YOY":null,"NET_INTEREST_INCOME":null,"NET_INTEREST_INCOME_YOY":null,"FEE_COMMISSION_INCOME":null,"FEE_COMMISSION_INCOME_YOY":null,"ACCOUNTS_RECE_TDAYS":0.979223366241,"INVENTORY_TDAYS":1.052961745449,"CURRENT_ASSETS_TDAYS":0.254102339254,"TOTAL_ASSETS_TDAYS":0.151939707831,"PREMIUM_EXPENSE":null,"LOAN_DEPOSIT":null,"LOAN_EQUITY":null,"LOAN_ASSETS":null,"DEPOSIT_EQUITY":null,"DEPOSIT_ASSETS":null,"EQUITY_MULTIPLIER":1.816451439475,"EQUITY_RATIO":0.816094666879},{"SECUCODE":"03606.HK","SECURITY_CODE":"03606","SECURITY_NAME_ABBR":"福耀玻璃","ORG_CODE":"10003970","STD_REPORT_DATE":"2023-12-31 00:00:00","REPORT_DATE":"2023-12-31 00:00:00","DATE_TYPE_CODE":"001","REPORT_TYPE":"2023年年报","PER_NETCASH_OPERATE":2.866083164221,"PER_OI":12.706611432652,"BPS":12.045719671124,"BASIC_EPS":2.16,"DILUTED_EPS":2.16,"OPERATE_INCOME":33160997000,"OPERATE_INCOME_YOY":18.0158984986,"GROSS_PROFIT":11320606000,"GROSS_PROFIT_YOY":23.081343932839,"HOLDER_PROFIT":5628684000,"HOLDER_PROFIT_YOY":18.3731847918,"GROSS_PROFIT_RATIO":34.138316167032,"EPS_TTM":2.156795842573,"OPERATE_INCOME_QOQ":5.324679877645,"NET_PROFIT_RATIO":16.9733618082,"ROE_AVG":18.622648314074,"GROSS_PROFIT_QOQ":8.071976866841,"ROA":10.479906787828,"HOLDER_PROFIT_QOQ":13.022666861573,"ROE_YEARLY":18.622648314074,"ROIC_YEARLY":15.638397936916,"TOTAL_ASSETS":56630407495,"TOTAL_LIABILITIES":25219085168,"TAX_EBT":16.185274255634,"OCF_SALES":22.555841731779,"TOTAL_PARENT_EQUITY":31426181639,"DEBT_ASSET_RATIO":44.524854961,"OPERATE_PROFIT":6378970000,"PRETAX_PROFIT":6715450000,"NETCASH_OPERATE":7479742000,"NETCASH_INVEST":-4304093000,"NETCASH_FINANCE":-2280345000,"END_CASH":13351250000,"DIVI_RATIO":0.602255527491,"DIVIDEND_RATE":2.622805123513,"CURRENT_RATIO":2.220540260156,"COMMON_ACS":null,"CURRENTDEBT_DEBT":59.886387679771,"ISSUED_COMMON_SHARES":2609743532,"HK_COMMON_SHARES":606757200,"PER_SHARES":400,"TOTAL_MARKET_CAP":142622484023.8,"HKSK_MARKET_CAP":33159280980,"PE_TTM":18.307632109823,"PB_TTM":3.851175371423,"REPORT_DATE_SQ":"2022-12-31 00:00:00","REPORT_TYPE_SQ":"2022年年报","OPERATE_INCOME_SQ":28098754000,"DPS_HKD":1.433363,"OPERATE_INCOME_QOQ_SQ":4.494400142184,"NET_PROFIT_RATIO_SQ":16.9126111428,"HOLDER_PROFIT_SQ":4755033000,"HOLDER_PROFIT_QOQ_SQ":6.837568070166,"ROE_AVG_SQ":17.18763888049,"PE_TTM_SQ":17.08551734843,"PB_TTM_SQ":2.86961108394,"ROA_SQ":9.950452010532,"START_DATE":"2023-01-01 00:00:00","FISCAL_YEAR":"12-31","CURRENCY":"HKD","IS_CNY_CODE":0,"DPS_HKD_LY":1.423223,"ORG_TYPE":"一般企业","PREMIUM_INCOME":null,"PREMIUM_INCOME_YOY":null,"NET_INTEREST_INCOME":null,"NET_INTEREST_INCOME_YOY":null,"FEE_COMMISSION_INCOME":null,"FEE_COMMISSION_INCOME_YOY":null,"ACCOUNTS_RECE_TDAYS":4.44508644582,"INVENTORY_TDAYS":4.141545988305,"CURRENT_ASSETS_TDAYS":1.049161615039,"TOTAL_ASSETS_TDAYS":0.617416357983,"PREMIUM_EXPENSE":null,"LOAN_DEPOSIT":null,"LOAN_EQUITY":null,"LOAN_ASSETS":null,"DEPOSIT_EQUITY":null,"DEPOSIT_ASSETS":null,"EQUITY_MULTIPLIER":1.802609077087,"EQUITY_RATIO":0.802486457238},{"SECUCODE":"03606.HK","SECURITY_CODE":"03606","SECURITY_NAME_ABBR":"福耀玻璃","ORG_CODE":"10003970","STD_REPORT_DATE":"2023-09-30 00:00:00","REPORT_DATE":"2023-09-30 00:00:00","DATE_TYPE_CODE":"004","REPORT_TYPE":"2023年三季报","PER_NETCASH_OPERATE":2.08810760528,"PER_OI":9.129579440989,"BPS":11.527890202661,"BASIC_EPS":1.58,"DILUTED_EPS":1.58,"OPERATE_INCOME":23825860896,"OPERATE_INCOME_YOY":16.564482739,"GROSS_PROFIT":8325174585,"GROSS_PROFIT_YOY":18.124861246371,"HOLDER_PROFIT":4125932922,"HOLDER_PROFIT_YOY":5.7706792923,"GROSS_PROFIT_RATIO":34.941757703276,"EPS_TTM":1.908286100889,"OPERATE_INCOME_QOQ":4.162703163211,"NET_PROFIT_RATIO":17.3234627576,"ROE_AVG":13.962908279445,"GROSS_PROFIT_QOQ":5.773817644989,"ROA":7.689899151089,"HOLDER_PROFIT_QOQ":-4.400116540339,"ROE_YEARLY":18.61721103926,"ROIC_YEARLY":11.627161462368,"TOTAL_ASSETS":56529729173,"TOTAL_LIABILITIES":26458072593,"TAX_EBT":15.678609896934,"OCF_SALES":22.871892607729,"TOTAL_PARENT_EQUITY":30084836894,"DEBT_ASSET_RATIO":46.8038198309,"OPERATE_PROFIT":4331667805,"PRETAX_PROFIT":4894919467,"NETCASH_OPERATE":5449425317,"NETCASH_INVEST":-3646969267,"NETCASH_FINANCE":-157905720,"END_CASH":14231524309,"DIVI_RATIO":0.680685258492,"DIVIDEND_RATE":2.622805123513,"CURRENT_RATIO":2.023748725445,"COMMON_ACS":null,"CURRENTDEBT_DEBT":63.626036128776,"ISSUED_COMMON_SHARES":2609743532,"HK_COMMON_SHARES":606757200,"PER_SHARES":400,"TOTAL_MARKET_CAP":142622484023.8,"HKSK_MARKET_CAP":33159280980,"PE_TTM":18.307632109823,"PB_TTM":3.851175371423,"REPORT_DATE_SQ":"2022-09-30 00:00:00","REPORT_TYPE_SQ":"2022年三季报","OPERATE_INCOME_SQ":20440069167,"DPS_HKD":1.433363,"OPERATE_INCOME_QOQ_SQ":7.717665885769,"NET_PROFIT_RATIO_SQ":19.0732580558,"HOLDER_PROFIT_SQ":3900828613,"HOLDER_PROFIT_QOQ_SQ":18.423650472541,"ROE_AVG_SQ":14.242058845789,"PE_TTM_SQ":17.08551734843,"PB_TTM_SQ":2.86961108394,"ROA_SQ":8.122262914837,"START_DATE":"2023-01-01 00:00:00","FISCAL_YEAR":"12-31","CURRENCY":"HKD","IS_CNY_CODE":0,"DPS_HKD_LY":1.423223,"ORG_TYPE":"一般企业","PREMIUM_INCOME":null,"PREMIUM_INCOME_YOY":null,"NET_INTEREST_INCOME":null,"NET_INTEREST_INCOME_YOY":null,"FEE_COMMISSION_INCOME":null,"FEE_COMMISSION_INCOME_YOY":null,"ACCOUNTS_RECE_TDAYS":3.272302298779,"INVENTORY_TDAYS":2.928512034358,"CURRENT_ASSETS_TDAYS":0.747523203905,"TOTAL_ASSETS_TDAYS":0.444065550608,"PREMIUM_EXPENSE":null,"LOAN_DEPOSIT":null,"LOAN_EQUITY":null,"LOAN_ASSETS":null,"DEPOSIT_EQUITY":null,"DEPOSIT_ASSETS":null,"EQUITY_MULTIPLIER":1.879834222723,"EQUITY_RATIO":0.87944876305},{"SECUCODE":"03606.HK","SECURITY_CODE":"03606","SECURITY_NAME_ABBR":"福耀玻璃","ORG_CODE":"10003970","STD_REPORT_DATE":"2023-06-30 00:00:00","REPORT_DATE":"2023-06-30 00:00:00","DATE_TYPE_CODE":"002","REPORT_TYPE":"2023年中报","PER_NETCASH_OPERATE":1.079832928196,"PER_OI":5.759669030957,"BPS":11.037806836875,"BASIC_EPS":1.09,"DILUTED_EPS":1.09,"OPERATE_INCOME":15031259000,"OPERATE_INCOME_YOY":16.4879853444,"GROSS_PROFIT":5014569000,"GROSS_PROFIT_YOY":16.375227838883,"HOLDER_PROFIT":2835951000,"HOLDER_PROFIT_YOY":19.0761029531,"GROSS_PROFIT_RATIO":33.36093802921,"EPS_TTM":1.996117601643,"OPERATE_INCOME_QOQ":5.673765669374,"NET_PROFIT_RATIO":18.8691579328,"ROE_AVG":9.80967263232,"GROSS_PROFIT_QOQ":7.669848277153,"ROA":5.341458291338,"HOLDER_PROFIT_QOQ":8.565315689186,"ROE_YEARLY":19.61934526464,"ROIC_YEARLY":16.244819851444,"TOTAL_ASSETS":55408269000,"TOTAL_LIABILITIES":26616815000,"TAX_EBT":14.558333649642,"OCF_SALES":18.748176716268,"TOTAL_PARENT_EQUITY":28805845000,"DEBT_ASSET_RATIO":48.0376223267,"OPERATE_PROFIT":3177823000,"PRETAX_PROFIT":3319542000,"NETCASH_OPERATE":2818087000,"NETCASH_INVEST":-2155621000,"NETCASH_FINANCE":1049639000,"END_CASH":14389308000,"DIVI_RATIO":0.650734313845,"DIVIDEND_RATE":2.622805123513,"CURRENT_RATIO":1.801242014992,"COMMON_ACS":null,"CURRENTDEBT_DEBT":69.468401835456,"ISSUED_COMMON_SHARES":2609743532,"HK_COMMON_SHARES":606757200,"PER_SHARES":400,"TOTAL_MARKET_CAP":142622484023.8,"HKSK_MARKET_CAP":33159280980,"PE_TTM":18.307632109823,"PB_TTM":3.851175371423,"REPORT_DATE_SQ":"2022-06-30 00:00:00","REPORT_TYPE_SQ":"2022年中报","OPERATE_INCOME_SQ":12903699000,"DPS_HKD":1.433363,"OPERATE_INCOME_QOQ_SQ":2.122075600479,"NET_PROFIT_RATIO_SQ":18.4462455301,"HOLDER_PROFIT_SQ":2381629000,"HOLDER_PROFIT_QOQ_SQ":18.874048306097,"ROE_AVG_SQ":9.007507728299,"PE_TTM_SQ":17.08551734843,"PB_TTM_SQ":2.86961108394,"ROA_SQ":5.118969234071,"START_DATE":"2023-01-01 00:00:00","FISCAL_YEAR":"12-31","CURRENCY":"HKD","IS_CNY_CODE":0,"DPS_HKD_LY":1.423223,"ORG_TYPE":"一般企业","PREMIUM_INCOME":null,"PREMIUM_INCOME_YOY":null,"NET_INTEREST_INCOME":null,"NET_INTEREST_INCOME_YOY":null,"FEE_COMMISSION_INCOME":null,"FEE_COMMISSION_INCOME_YOY":null,"ACCOUNTS_RECE_TDAYS":2.281786259773,"INVENTORY_TDAYS":1.885564154461,"CURRENT_ASSETS_TDAYS":0.477308827351,"TOTAL_ASSETS_TDAYS":0.283110826015,"PREMIUM_EXPENSE":null,"LOAN_DEPOSIT":null,"LOAN_EQUITY":null,"LOAN_ASSETS":null,"DEPOSIT_EQUITY":null,"DEPOSIT_ASSETS":null,"EQUITY_MULTIPLIER":1.924469288698,"EQUITY_RATIO":0.924007436685},{"SECUCODE":"03606.HK","SECURITY_CODE":"03606","SECURITY_NAME_ABBR":"福耀玻璃","ORG_CODE":"10003970","STD_REPORT_DATE":"2023-03-31 00:00:00","REPORT_DATE":"2023-03-31 00:00:00","DATE_TYPE_CODE":"003","REPORT_TYPE":"2023年一季报","PER_NETCASH_OPERATE":0.539373186576,"PER_OI":2.702345341803,"BPS":11.421506289607,"BASIC_EPS":0.35,"DILUTED_EPS":0.35,"OPERATE_INCOME":7052428277,"OPERATE_INCOME_YOY":7.7075039028,"GROSS_PROFIT":2341147194,"GROSS_PROFIT_YOY":0.006200208162,"HOLDER_PROFIT":914508612,"HOLDER_PROFIT_YOY":4.9733955556,"GROSS_PROFIT_RATIO":33.196327591663,"EPS_TTM":1.83863289023,"OPERATE_INCOME_QOQ":1.796054074142,"NET_PROFIT_RATIO":12.9663401893,"ROE_AVG":3.109471437112,"GROSS_PROFIT_QOQ":0.001578085822,"ROA":1.750584395936,"HOLDER_PROFIT_QOQ":0.911188061155,"ROE_YEARLY":12.437885748448,"ROIC_YEARLY":10.739923094083,"TOTAL_ASSETS":53702253709,"TOTAL_LIABILITIES":23909829845,"TAX_EBT":17.88484240514,"OCF_SALES":19.959447011899,"TOTAL_PARENT_EQUITY":29807202165,"DEBT_ASSET_RATIO":44.5229542405,"OPERATE_PROFIT":1144615677,"PRETAX_PROFIT":1113609069,"NETCASH_OPERATE":1407625685,"NETCASH_INVEST":-1234621965,"NETCASH_FINANCE":2392132174,"END_CASH":14655350771,"DIVI_RATIO":0.706471762124,"DIVIDEND_RATE":2.622805123513,"CURRENT_RATIO":1.955958734663,"COMMON_ACS":null,"CURRENTDEBT_DEBT":68.445704516054,"ISSUED_COMMON_SHARES":2609743532,"HK_COMMON_SHARES":606757200,"PER_SHARES":400,"TOTAL_MARKET_CAP":142622484023.8,"HKSK_MARKET_CAP":33159280980,"PE_TTM":18.307632109823,"PB_TTM":3.851175371423,"REPORT_DATE_SQ":"2022-03-31 00:00:00","REPORT_TYPE_SQ":"2022年一季报","OPERATE_INCOME_SQ":6547759461,"DPS_HKD":1.433363,"OPERATE_INCOME_QOQ_SQ":3.566455260489,"NET_PROFIT_RATIO_SQ":13.2930127043,"HOLDER_PROFIT_SQ":871181319,"HOLDER_PROFIT_QOQ_SQ":0.50631932585,"ROE_AVG_SQ":3.258583295602,"PE_TTM_SQ":17.08551734843,"PB_TTM_SQ":2.86961108394,"ROA_SQ":1.900342947906,"START_DATE":"2023-01-01 00:00:00","FISCAL_YEAR":"12-31","CURRENCY":"HKD","IS_CNY_CODE":0,"DPS_HKD_LY":1.423223,"ORG_TYPE":"一般企业","PREMIUM_INCOME":null,"PREMIUM_INCOME_YOY":null,"NET_INTEREST_INCOME":null,"NET_INTEREST_INCOME_YOY":null,"FEE_COMMISSION_INCOME":null,"FEE_COMMISSION_INCOME_YOY":null,"ACCOUNTS_RECE_TDAYS":1.104721669522,"INVENTORY_TDAYS":0.86991517404,"CURRENT_ASSETS_TDAYS":0.228649550548,"TOTAL_ASSETS_TDAYS":0.135000050663,"PREMIUM_EXPENSE":null,"LOAN_DEPOSIT":null,"LOAN_EQUITY":null,"LOAN_ASSETS":null,"DEPOSIT_EQUITY":null,"DEPOSIT_ASSETS":null,"EQUITY_MULTIPLIER":1.802547317201,"EQUITY_RATIO":0.802149417199},{"SECUCODE":"03606.HK","SECURITY_CODE":"03606","SECURITY_NAME_ABBR":"福耀玻璃","ORG_CODE":"10003970","STD_REPORT_DATE":"2022-12-31 00:00:00","REPORT_DATE":"2022-12-31 00:00:00","DATE_TYPE_CODE":"001","REPORT_TYPE":"2022年年报","PER_NETCASH_OPERATE":2.142102061545,"PER_OI":10.766864121114,"BPS":11.117428837065,"BASIC_EPS":1.82,"DILUTED_EPS":1.82,"OPERATE_INCOME":28098754000,"OPERATE_INCOME_YOY":19.0470660524,"GROSS_PROFIT":9197662000,"GROSS_PROFIT_YOY":11.481339400914,"HOLDER_PROFIT":4755033000,"HOLDER_PROFIT_YOY":51.1620802301,"GROSS_PROFIT_RATIO":32.733344688523,"EPS_TTM":1.822030763443,"OPERATE_INCOME_QOQ":4.494400142184,"NET_PROFIT_RATIO":16.9126111428,"ROE_AVG":17.18763888049,"GROSS_PROFIT_QOQ":1.909028195003,"ROA":9.950452010532,"HOLDER_PROFIT_QOQ":6.837568070166,"ROE_YEARLY":17.18763888049,"ROIC_YEARLY":14.79133674775,"TOTAL_ASSETS":50778126000,"TOTAL_LIABILITIES":21779200000,"TAX_EBT":14.812290592723,"OCF_SALES":19.895319913474,"TOTAL_PARENT_EQUITY":29013638000,"DEBT_ASSET_RATIO":42.8909093652,"OPERATE_PROFIT":5582968000,"PRETAX_PROFIT":5578543000,"NETCASH_OPERATE":5590337000,"NETCASH_INVEST":-7353305000,"NETCASH_FINANCE":-1235883000,"END_CASH":12237862000,"DIVI_RATIO":0.712909048476,"DIVIDEND_RATE":2.622805123513,"CURRENT_RATIO":1.709520320735,"COMMON_ACS":null,"CURRENTDEBT_DEBT":79.710783683515,"ISSUED_COMMON_SHARES":2609743532,"HK_COMMON_SHARES":606757200,"PER_SHARES":400,"TOTAL_MARKET_CAP":142622484023.8,"HKSK_MARKET_CAP":33159280980,"PE_TTM":18.307632109823,"PB_TTM":3.851175371423,"REPORT_DATE_SQ":"2021-12-31 00:00:00","REPORT_TYPE_SQ":"2021年年报","OPERATE_INCOME_SQ":23603063000,"DPS_HKD":1.433363,"OPERATE_INCOME_QOQ_SQ":1.373929069009,"NET_PROFIT_RATIO_SQ":13.3138059243,"HOLDER_PROFIT_SQ":3145652000,"HOLDER_PROFIT_QOQ_SQ":-9.428358054998,"ROE_AVG_SQ":13.127824401224,"PE_TTM_SQ":17.08551734843,"PB_TTM_SQ":2.86961108394,"ROA_SQ":7.558809193408,"START_DATE":"2022-01-01 00:00:00","FISCAL_YEAR":"12-31","CURRENCY":"HKD","IS_CNY_CODE":0,"DPS_HKD_LY":1.2078549,"ORG_TYPE":"一般企业","PREMIUM_INCOME":null,"PREMIUM_INCOME_YOY":null,"NET_INTEREST_INCOME":null,"NET_INTEREST_INCOME_YOY":null,"FEE_COMMISSION_INCOME":null,"FEE_COMMISSION_INCOME_YOY":null,"ACCOUNTS_RECE_TDAYS":5.100641665577,"INVENTORY_TDAYS":3.884953642232,"CURRENT_ASSETS_TDAYS":1.033783386912,"TOTAL_ASSETS_TDAYS":0.587998660015,"PREMIUM_EXPENSE":null,"LOAN_DEPOSIT":null,"LOAN_EQUITY":null,"LOAN_ASSETS":null,"DEPOSIT_EQUITY":null,"DEPOSIT_ASSETS":null,"EQUITY_MULTIPLIER":1.751034710734,"EQUITY_RATIO":0.75065388215},{"SECUCODE":"03606.HK","SECURITY_CODE":"03606","SECURITY_NAME_ABBR":"福耀玻璃","ORG_CODE":"10003970","STD_REPORT_DATE":"2022-09-30 00:00:00","REPORT_DATE":"2022-09-30 00:00:00","DATE_TYPE_CODE":"004","REPORT_TYPE":"2022年三季报","PER_NETCASH_OPERATE":1.64079746745,"PER_OI":7.832213746818,"BPS":10.90597230073,"BASIC_EPS":1.49,"DILUTED_EPS":1.49,"OPERATE_INCOME":20440069167,"OPERATE_INCOME_YOY":19.1637085432,"GROSS_PROFIT":7047775123,"GROSS_PROFIT_YOY":12.354265933073,"HOLDER_PROFIT":3900828613,"HOLDER_PROFIT_YOY":50.2764672226,"GROSS_PROFIT_RATIO":34.480192143275,"EPS_TTM":1.705421413417,"OPERATE_INCOME_QOQ":7.717665885769,"NET_PROFIT_RATIO":19.0732580558,"ROE_AVG":14.242058845789,"GROSS_PROFIT_QOQ":7.631783172413,"ROA":8.122262914837,"HOLDER_PROFIT_QOQ":18.423650472541,"ROE_YEARLY":18.989411794385,"ROIC_YEARLY":12.161031620552,"TOTAL_ASSETS":51256669113,"TOTAL_LIABILITIES":22809031550,"TAX_EBT":14.832366424821,"OCF_SALES":20.949344853066,"TOTAL_PARENT_EQUITY":28461790672,"DEBT_ASSET_RATIO":44.4996367199,"OPERATE_PROFIT":3582319274,"PRETAX_PROFIT":4577545454,"NETCASH_OPERATE":4282060578,"NETCASH_INVEST":-2085700945,"NETCASH_FINANCE":-14032479,"END_CASH":17578136778,"DIVI_RATIO":0.761654689944,"DIVIDEND_RATE":2.622805123513,"CURRENT_RATIO":1.585390208985,"COMMON_ACS":null,"CURRENTDEBT_DEBT":83.632423052175,"ISSUED_COMMON_SHARES":2609743532,"HK_COMMON_SHARES":606757200,"PER_SHARES":400,"TOTAL_MARKET_CAP":142622484023.8,"HKSK_MARKET_CAP":33159280980,"PE_TTM":18.307632109823,"PB_TTM":3.851175371423,"REPORT_DATE_SQ":"2021-09-30 00:00:00","REPORT_TYPE_SQ":"2021年三季报","OPERATE_INCOME_SQ":17152931389,"DPS_HKD":1.433363,"OPERATE_INCOME_QOQ_SQ":-0.194291256006,"NET_PROFIT_RATIO_SQ":15.1160887501,"HOLDER_PROFIT_SQ":2595768110,"HOLDER_PROFIT_QOQ_SQ":1.983796097547,"ROE_AVG_SQ":10.945569976986,"PE_TTM_SQ":17.08551734843,"PB_TTM_SQ":2.86961108394,"ROA_SQ":6.234154804149,"START_DATE":"2022-01-01 00:00:00","FISCAL_YEAR":"12-31","CURRENCY":"HKD","IS_CNY_CODE":0,"DPS_HKD_LY":1.2078549,"ORG_TYPE":"一般企业","PREMIUM_INCOME":null,"PREMIUM_INCOME_YOY":null,"NET_INTEREST_INCOME":null,"NET_INTEREST_INCOME_YOY":null,"FEE_COMMISSION_INCOME":null,"FEE_COMMISSION_INCOME_YOY":null,"ACCOUNTS_RECE_TDAYS":3.526612269618,"INVENTORY_TDAYS":2.764526781272,"CURRENT_ASSETS_TDAYS":0.744282018419,"TOTAL_ASSETS_TDAYS":0.425600897252,"PREMIUM_EXPENSE":null,"LOAN_DEPOSIT":null,"LOAN_EQUITY":null,"LOAN_ASSETS":null,"DEPOSIT_EQUITY":null,"DEPOSIT_ASSETS":null,"EQUITY_MULTIPLIER":1.801790008028,"EQUITY_RATIO":0.801391304323}],"count":48},"success":true,"message":"ok","code":0}