{"version":"dbc663f0d1945645fbd39c032a15d3bb","result":{"pages":2,"data":[{"SECUCODE":"03616.HK","SECURITY_CODE":"03616","SECURITY_NAME_ABBR":"恒达集团控股","ORG_CODE":"10678805","STD_REPORT_DATE":"2023-06-30 00:00:00","REPORT_DATE":"2023-06-30 00:00:00","DATE_TYPE_CODE":"002","REPORT_TYPE":"2023年中报","PER_NETCASH_OPERATE":-0.132513333333,"PER_OI":1.240125833333,"BPS":1.52683,"BASIC_EPS":0.05,"DILUTED_EPS":0.05,"OPERATE_INCOME":1488151000,"OPERATE_INCOME_YOY":214.446151278,"GROSS_PROFIT":259227000,"GROSS_PROFIT_YOY":137.892775860803,"HOLDER_PROFIT":60763000,"HOLDER_PROFIT_YOY":425.1792786043,"GROSS_PROFIT_RATIO":17.419401660181,"EPS_TTM":0.136884166667,"OPERATE_INCOME_QOQ":35.463704118883,"NET_PROFIT_RATIO":4.6484530132,"ROE_AVG":3.372322733556,"GROSS_PROFIT_QOQ":35.659126291009,"ROA":0.599951875888,"HOLDER_PROFIT_QOQ":93.67660236759,"ROE_YEARLY":6.744645467111,"ROIC_YEARLY":1.237681340084,"TOTAL_ASSETS":10226462000,"TOTAL_LIABILITIES":8259819000,"TAX_EBT":47.543867631224,"OCF_SALES":-10.685474793889,"TOTAL_PARENT_EQUITY":1832196000,"DEBT_ASSET_RATIO":80.7690773212,"OPERATE_PROFIT":131773000,"PRETAX_PROFIT":131874000,"NETCASH_OPERATE":-159016000,"NETCASH_INVEST":-151017000,"NETCASH_FINANCE":249704000,"END_CASH":160730000,"DIVI_RATIO":null,"DIVIDEND_RATE":null,"CURRENT_RATIO":1.287802374831,"COMMON_ACS":2400000000,"CURRENTDEBT_DEBT":92.648374014007,"ISSUED_COMMON_SHARES":1200000000,"HK_COMMON_SHARES":1200000000,"PER_SHARES":2000,"TOTAL_MARKET_CAP":312000000,"HKSK_MARKET_CAP":312000000,"PE_TTM":1.707712403784,"PB_TTM":0.15700163083,"REPORT_DATE_SQ":"2022-06-30 00:00:00","REPORT_TYPE_SQ":"2022年中报","OPERATE_INCOME_SQ":473261000,"DPS_HKD":null,"OPERATE_INCOME_QOQ_SQ":-9.729274865067,"NET_PROFIT_RATIO_SQ":-4.7422035621,"HOLDER_PROFIT_SQ":-18686000,"HOLDER_PROFIT_QOQ_SQ":-21.951823480921,"ROE_AVG_SQ":-1.093813246871,"PE_TTM_SQ":1.635463032855,"PB_TTM_SQ":0.150359254141,"ROA_SQ":-0.176789788464,"START_DATE":"2023-01-01 00:00:00","FISCAL_YEAR":"12-31","CURRENCY":"HKD","IS_CNY_CODE":0,"DPS_HKD_LY":null,"ORG_TYPE":"一般企业","PREMIUM_INCOME":null,"PREMIUM_INCOME_YOY":null,"NET_INTEREST_INCOME":null,"NET_INTEREST_INCOME_YOY":null,"FEE_COMMISSION_INCOME":null,"FEE_COMMISSION_INCOME_YOY":null,"ACCOUNTS_RECE_TDAYS":null,"INVENTORY_TDAYS":0.143812965582,"CURRENT_ASSETS_TDAYS":0.152487650701,"TOTAL_ASSETS_TDAYS":0.146934645105,"PREMIUM_EXPENSE":null,"LOAN_DEPOSIT":null,"LOAN_EQUITY":null,"LOAN_ASSETS":null,"DEPOSIT_EQUITY":null,"DEPOSIT_ASSETS":null,"EQUITY_MULTIPLIER":5.199958507984,"EQUITY_RATIO":4.508152512067},{"SECUCODE":"03616.HK","SECURITY_CODE":"03616","SECURITY_NAME_ABBR":"恒达集团控股","ORG_CODE":"10678805","STD_REPORT_DATE":"2022-12-31 00:00:00","REPORT_DATE":"2022-12-31 00:00:00","DATE_TYPE_CODE":"001","REPORT_TYPE":"2022年年报","PER_NETCASH_OPERATE":-0.003601666667,"PER_OI":2.384809166667,"BPS":1.476194166667,"BASIC_EPS":0.07,"DILUTED_EPS":0.07,"OPERATE_INCOME":2861771000,"OPERATE_INCOME_YOY":3.3997090702,"GROSS_PROFIT":421376000,"GROSS_PROFIT_YOY":-50.512926210265,"HOLDER_PROFIT":84812000,"HOLDER_PROFIT_YOY":-72.3661102658,"GROSS_PROFIT_RATIO":14.724308828344,"EPS_TTM":0.070676666667,"OPERATE_INCOME_QOQ":14.544010714044,"NET_PROFIT_RATIO":2.7175130365,"ROE_AVG":4.821185201397,"GROSS_PROFIT_QOQ":-39.851461475764,"ROA":0.834374432167,"HOLDER_PROFIT_QOQ":-64.593804792519,"ROE_YEARLY":4.821185201397,"ROIC_YEARLY":0.864268335284,"TOTAL_ASSETS":10029496000,"TOTAL_LIABILITIES":8156029000,"TAX_EBT":49.637347977567,"OCF_SALES":-0.151025361568,"TOTAL_PARENT_EQUITY":1771433000,"DEBT_ASSET_RATIO":81.3204272677,"OPERATE_PROFIT":154409000,"PRETAX_PROFIT":154418000,"NETCASH_OPERATE":-4322000,"NETCASH_INVEST":-1286000,"NETCASH_FINANCE":-54822000,"END_CASH":221059000,"DIVI_RATIO":null,"DIVIDEND_RATE":null,"CURRENT_RATIO":1.231120996924,"COMMON_ACS":2400000000,"CURRENTDEBT_DEBT":96.237801508553,"ISSUED_COMMON_SHARES":1200000000,"HK_COMMON_SHARES":1200000000,"PER_SHARES":2000,"TOTAL_MARKET_CAP":312000000,"HKSK_MARKET_CAP":312000000,"PE_TTM":1.707712403784,"PB_TTM":0.15700163083,"REPORT_DATE_SQ":"2021-12-31 00:00:00","REPORT_TYPE_SQ":"2021年年报","OPERATE_INCOME_SQ":2767678000,"DPS_HKD":null,"OPERATE_INCOME_QOQ_SQ":4.308502659649,"NET_PROFIT_RATIO_SQ":10.9539115461,"HOLDER_PROFIT_SQ":306913000,"HOLDER_PROFIT_QOQ_SQ":2.354828382002,"ROE_AVG_SQ":18.905388053767,"PE_TTM_SQ":1.379306172287,"PB_TTM_SQ":0.126809009516,"ROA_SQ":3.263547174522,"START_DATE":"2022-01-01 00:00:00","FISCAL_YEAR":"12-31","CURRENCY":"HKD","IS_CNY_CODE":0,"DPS_HKD_LY":0.06,"ORG_TYPE":"一般企业","PREMIUM_INCOME":null,"PREMIUM_INCOME_YOY":null,"NET_INTEREST_INCOME":null,"NET_INTEREST_INCOME_YOY":null,"FEE_COMMISSION_INCOME":null,"FEE_COMMISSION_INCOME_YOY":null,"ACCOUNTS_RECE_TDAYS":null,"INVENTORY_TDAYS":0.280498401763,"CURRENT_ASSETS_TDAYS":0.291956376472,"TOTAL_ASSETS_TDAYS":0.281538998387,"PREMIUM_EXPENSE":null,"LOAN_DEPOSIT":null,"LOAN_EQUITY":null,"LOAN_ASSETS":null,"DEPOSIT_EQUITY":null,"DEPOSIT_ASSETS":null,"EQUITY_MULTIPLIER":5.353441507101,"EQUITY_RATIO":4.604198408859},{"SECUCODE":"03616.HK","SECURITY_CODE":"03616","SECURITY_NAME_ABBR":"恒达集团控股","ORG_CODE":"10678805","STD_REPORT_DATE":"2022-06-30 00:00:00","REPORT_DATE":"2022-06-30 00:00:00","DATE_TYPE_CODE":"002","REPORT_TYPE":"2022年中报","PER_NETCASH_OPERATE":-0.067980833333,"PER_OI":0.394384166667,"BPS":1.391499166667,"BASIC_EPS":-0.02,"DILUTED_EPS":-0.02,"OPERATE_INCOME":473261000,"OPERATE_INCOME_YOY":-36.2642350001,"GROSS_PROFIT":108968000,"GROSS_PROFIT_YOY":-58.072459753132,"HOLDER_PROFIT":-18686000,"HOLDER_PROFIT_YOY":-138.3798549921,"GROSS_PROFIT_RATIO":23.024927048711,"EPS_TTM":0.199616666667,"OPERATE_INCOME_QOQ":-9.729274865067,"NET_PROFIT_RATIO":-4.7422035621,"ROE_AVG":-1.093813246871,"GROSS_PROFIT_QOQ":-17.725226574217,"ROA":-0.176789788464,"HOLDER_PROFIT_QOQ":-21.951823480921,"ROE_YEARLY":-2.187626493742,"ROIC_YEARLY":-0.366046243163,"TOTAL_ASSETS":10839244000,"TOTAL_LIABILITIES":9059205000,"TAX_EBT":-101913.636363636,"OCF_SALES":-17.237211602055,"TOTAL_PARENT_EQUITY":1669799000,"DEBT_ASSET_RATIO":83.5778307048,"OPERATE_PROFIT":-68000,"PRETAX_PROFIT":-22000,"NETCASH_OPERATE":-81577000,"NETCASH_INVEST":-14155000,"NETCASH_FINANCE":43878000,"END_CASH":229635000,"DIVI_RATIO":null,"DIVIDEND_RATE":null,"CURRENT_RATIO":1.197504030631,"COMMON_ACS":2400000000,"CURRENTDEBT_DEBT":96.427931590024,"ISSUED_COMMON_SHARES":1200000000,"HK_COMMON_SHARES":1200000000,"PER_SHARES":2000,"TOTAL_MARKET_CAP":312000000,"HKSK_MARKET_CAP":312000000,"PE_TTM":1.707712403784,"PB_TTM":0.15700163083,"REPORT_DATE_SQ":"2021-06-30 00:00:00","REPORT_TYPE_SQ":"2021年中报","OPERATE_INCOME_SQ":742536000,"DPS_HKD":null,"OPERATE_INCOME_QOQ_SQ":9.55004663403,"NET_PROFIT_RATIO_SQ":6.0531745262,"HOLDER_PROFIT_SQ":48687000,"HOLDER_PROFIT_QOQ_SQ":5.577600867572,"ROE_AVG_SQ":3.258175637128,"PE_TTM_SQ":1.379306172287,"PB_TTM_SQ":0.126809009516,"ROA_SQ":0.531623356639,"START_DATE":"2022-01-01 00:00:00","FISCAL_YEAR":"12-31","CURRENCY":"HKD","IS_CNY_CODE":0,"DPS_HKD_LY":0.06,"ORG_TYPE":"一般企业","PREMIUM_INCOME":null,"PREMIUM_INCOME_YOY":null,"NET_INTEREST_INCOME":null,"NET_INTEREST_INCOME_YOY":null,"FEE_COMMISSION_INCOME":null,"FEE_COMMISSION_INCOME_YOY":null,"ACCOUNTS_RECE_TDAYS":null,"INVENTORY_TDAYS":0.039853570595,"CURRENT_ASSETS_TDAYS":0.046394209667,"TOTAL_ASSETS_TDAYS":0.044775613871,"PREMIUM_EXPENSE":null,"LOAN_DEPOSIT":null,"LOAN_EQUITY":null,"LOAN_ASSETS":null,"DEPOSIT_EQUITY":null,"DEPOSIT_ASSETS":null,"EQUITY_MULTIPLIER":6.089329503455,"EQUITY_RATIO":5.425326641111},{"SECUCODE":"03616.HK","SECURITY_CODE":"03616","SECURITY_NAME_ABBR":"恒达集团控股","ORG_CODE":"10678805","STD_REPORT_DATE":"2021-12-31 00:00:00","REPORT_DATE":"2021-12-31 00:00:00","DATE_TYPE_CODE":"001","REPORT_TYPE":"2021年年报","PER_NETCASH_OPERATE":-0.1422075,"PER_OI":2.306398333333,"BPS":1.455726666667,"BASIC_EPS":0.26,"DILUTED_EPS":0.26,"OPERATE_INCOME":2767678000,"OPERATE_INCOME_YOY":14.2700133069,"GROSS_PROFIT":851487000,"GROSS_PROFIT_YOY":9.310607334642,"HOLDER_PROFIT":306913000,"HOLDER_PROFIT_YOY":8.0637721778,"GROSS_PROFIT_RATIO":30.76539250592,"EPS_TTM":0.255760833333,"OPERATE_INCOME_QOQ":4.308502659649,"NET_PROFIT_RATIO":10.9539115461,"ROE_AVG":18.905388053767,"GROSS_PROFIT_QOQ":-2.696985903132,"ROA":3.263547174522,"HOLDER_PROFIT_QOQ":2.354828382002,"ROE_YEARLY":18.905388053767,"ROIC_YEARLY":3.439988060866,"TOTAL_ASSETS":10299986000,"TOTAL_LIABILITIES":8454526000,"TAX_EBT":43.855409191839,"OCF_SALES":-6.165782291148,"TOTAL_PARENT_EQUITY":1746872000,"DEBT_ASSET_RATIO":82.082888268,"OPERATE_PROFIT":539650000,"PRETAX_PROFIT":539979000,"NETCASH_OPERATE":-170649000,"NETCASH_INVEST":-282206000,"NETCASH_FINANCE":179840000,"END_CASH":281489000,"DIVI_RATIO":null,"DIVIDEND_RATE":null,"CURRENT_RATIO":1.240235311203,"COMMON_ACS":2400000000,"CURRENTDEBT_DEBT":94.804345033654,"ISSUED_COMMON_SHARES":1200000000,"HK_COMMON_SHARES":1200000000,"PER_SHARES":2000,"TOTAL_MARKET_CAP":312000000,"HKSK_MARKET_CAP":312000000,"PE_TTM":1.707712403784,"PB_TTM":0.15700163083,"REPORT_DATE_SQ":"2020-12-31 00:00:00","REPORT_TYPE_SQ":"2020年年报","OPERATE_INCOME_SQ":2422051000,"DPS_HKD":null,"OPERATE_INCOME_QOQ_SQ":13.945571670585,"NET_PROFIT_RATIO_SQ":11.6674256653,"HOLDER_PROFIT_SQ":284011000,"HOLDER_PROFIT_QOQ_SQ":-5.857180266573,"ROE_AVG_SQ":20.914633674864,"PE_TTM_SQ":1.379306172287,"PB_TTM_SQ":0.126809009516,"ROA_SQ":3.778009061018,"START_DATE":"2021-01-01 00:00:00","FISCAL_YEAR":"12-31","CURRENCY":"HKD","IS_CNY_CODE":0,"DPS_HKD_LY":0.06,"ORG_TYPE":"一般企业","PREMIUM_INCOME":null,"PREMIUM_INCOME_YOY":null,"NET_INTEREST_INCOME":null,"NET_INTEREST_INCOME_YOY":null,"FEE_COMMISSION_INCOME":null,"FEE_COMMISSION_INCOME_YOY":null,"ACCOUNTS_RECE_TDAYS":null,"INVENTORY_TDAYS":0.241391353949,"CURRENT_ASSETS_TDAYS":0.305406989194,"TOTAL_ASSETS_TDAYS":0.294299938969,"PREMIUM_EXPENSE":null,"LOAN_DEPOSIT":null,"LOAN_EQUITY":null,"LOAN_ASSETS":null,"DEPOSIT_EQUITY":null,"DEPOSIT_ASSETS":null,"EQUITY_MULTIPLIER":5.581256705644,"EQUITY_RATIO":4.839808526326},{"SECUCODE":"03616.HK","SECURITY_CODE":"03616","SECURITY_NAME_ABBR":"恒达集团控股","ORG_CODE":"10678805","STD_REPORT_DATE":"2021-06-30 00:00:00","REPORT_DATE":"2021-06-30 00:00:00","DATE_TYPE_CODE":"002","REPORT_TYPE":"2021年中报","PER_NETCASH_OPERATE":-0.053276666667,"PER_OI":0.61878,"BPS":1.240538333333,"BASIC_EPS":0.04,"DILUTED_EPS":0.04,"OPERATE_INCOME":742536000,"OPERATE_INCOME_YOY":45.2452814688,"GROSS_PROFIT":259896000,"GROSS_PROFIT_YOY":58.696700840819,"HOLDER_PROFIT":48687000,"HOLDER_PROFIT_YOY":48.2280947452,"GROSS_PROFIT_RATIO":35.001131258282,"EPS_TTM":0.249876666667,"OPERATE_INCOME_QOQ":9.55004663403,"NET_PROFIT_RATIO":6.0531745262,"ROE_AVG":3.258175637128,"GROSS_PROFIT_QOQ":12.340412421161,"ROA":0.531623356639,"HOLDER_PROFIT_QOQ":5.577600867572,"ROE_YEARLY":6.516351274257,"ROIC_YEARLY":1.115011257292,"TOTAL_ASSETS":9807784000,"TOTAL_LIABILITIES":8292365000,"TAX_EBT":62.012339418526,"OCF_SALES":-8.609952918108,"TOTAL_PARENT_EQUITY":1488646000,"DEBT_ASSET_RATIO":84.5488134731,"OPERATE_PROFIT":118763000,"PRETAX_PROFIT":118320000,"NETCASH_OPERATE":-63932000,"NETCASH_INVEST":-487814000,"NETCASH_FINANCE":236173000,"END_CASH":238931000,"DIVI_RATIO":null,"DIVIDEND_RATE":null,"CURRENT_RATIO":1.206239800515,"COMMON_ACS":2400000000,"CURRENTDEBT_DEBT":94.749977841062,"ISSUED_COMMON_SHARES":1200000000,"HK_COMMON_SHARES":1200000000,"PER_SHARES":2000,"TOTAL_MARKET_CAP":312000000,"HKSK_MARKET_CAP":312000000,"PE_TTM":1.707712403784,"PB_TTM":0.15700163083,"REPORT_DATE_SQ":"2020-06-30 00:00:00","REPORT_TYPE_SQ":"2020年中报","OPERATE_INCOME_SQ":511229000,"DPS_HKD":null,"OPERATE_INCOME_QOQ_SQ":7.677628846134,"NET_PROFIT_RATIO_SQ":6.2371266106,"HOLDER_PROFIT_SQ":32846000,"HOLDER_PROFIT_QOQ_SQ":2.948744198744,"ROE_AVG_SQ":2.665268819211,"PE_TTM_SQ":1.379306172287,"PB_TTM_SQ":0.126809009516,"ROA_SQ":0.4550471568,"START_DATE":"2021-01-01 00:00:00","FISCAL_YEAR":"12-31","CURRENCY":"HKD","IS_CNY_CODE":0,"DPS_HKD_LY":0.06,"ORG_TYPE":"一般企业","PREMIUM_INCOME":null,"PREMIUM_INCOME_YOY":null,"NET_INTEREST_INCOME":null,"NET_INTEREST_INCOME_YOY":null,"FEE_COMMISSION_INCOME":null,"FEE_COMMISSION_INCOME_YOY":null,"ACCOUNTS_RECE_TDAYS":1.317807912853,"INVENTORY_TDAYS":0.064082226642,"CURRENT_ASSETS_TDAYS":0.08408688897,"TOTAL_ASSETS_TDAYS":0.081079031517,"PREMIUM_EXPENSE":null,"LOAN_DEPOSIT":null,"LOAN_EQUITY":null,"LOAN_ASSETS":null,"DEPOSIT_EQUITY":null,"DEPOSIT_ASSETS":null,"EQUITY_MULTIPLIER":6.471994874044,"EQUITY_RATIO":5.5704076053},{"SECUCODE":"03616.HK","SECURITY_CODE":"03616","SECURITY_NAME_ABBR":"恒达集团控股","ORG_CODE":"10678805","STD_REPORT_DATE":"2020-12-31 00:00:00","REPORT_DATE":"2020-12-31 00:00:00","DATE_TYPE_CODE":"001","REPORT_TYPE":"2020年年报","PER_NETCASH_OPERATE":0.747988333333,"PER_OI":2.018375833333,"BPS":1.249965833333,"BASIC_EPS":0.24,"DILUTED_EPS":0.24,"OPERATE_INCOME":2422051000,"OPERATE_INCOME_YOY":22.6938897501,"GROSS_PROFIT":778961000,"GROSS_PROFIT_YOY":1.786514636954,"HOLDER_PROFIT":284011000,"HOLDER_PROFIT_YOY":-3.0811493311,"GROSS_PROFIT_RATIO":32.161213781213,"EPS_TTM":0.236675833333,"OPERATE_INCOME_QOQ":13.945571670585,"NET_PROFIT_RATIO":11.6674256653,"ROE_AVG":20.914633674864,"GROSS_PROFIT_QOQ":-5.22966228925,"ROA":3.778009061018,"HOLDER_PROFIT_QOQ":-5.857180266573,"ROE_YEARLY":20.914633674864,"ROIC_YEARLY":4.003647407073,"TOTAL_ASSETS":8508567000,"TOTAL_LIABILITIES":6978477000,"TAX_EBT":44.736286300968,"OCF_SALES":37.058922376118,"TOTAL_PARENT_EQUITY":1499959000,"DEBT_ASSET_RATIO":82.0170658584,"OPERATE_PROFIT":520812000,"PRETAX_PROFIT":511350000,"NETCASH_OPERATE":897586000,"NETCASH_INVEST":-122235000,"NETCASH_FINANCE":-466004000,"END_CASH":554504000,"DIVI_RATIO":null,"DIVIDEND_RATE":null,"CURRENT_RATIO":1.22107395258,"COMMON_ACS":2400000000,"CURRENTDEBT_DEBT":96.039078440754,"ISSUED_COMMON_SHARES":1200000000,"HK_COMMON_SHARES":1200000000,"PER_SHARES":2000,"TOTAL_MARKET_CAP":312000000,"HKSK_MARKET_CAP":312000000,"PE_TTM":1.707712403784,"PB_TTM":0.15700163083,"REPORT_DATE_SQ":"2019-12-31 00:00:00","REPORT_TYPE_SQ":"2019年年报","OPERATE_INCOME_SQ":1974060000,"DPS_HKD":null,"OPERATE_INCOME_QOQ_SQ":5.62293970633,"NET_PROFIT_RATIO_SQ":14.7292888767,"HOLDER_PROFIT_SQ":293040000,"HOLDER_PROFIT_QOQ_SQ":32.119621819756,"ROE_AVG_SQ":26.717273641902,"PE_TTM_SQ":1.379306172287,"PB_TTM_SQ":0.126809009516,"ROA_SQ":4.996025888498,"START_DATE":"2020-01-01 00:00:00","FISCAL_YEAR":"12-31","CURRENCY":"HKD","IS_CNY_CODE":0,"DPS_HKD_LY":null,"ORG_TYPE":"一般企业","PREMIUM_INCOME":null,"PREMIUM_INCOME_YOY":null,"NET_INTEREST_INCOME":null,"NET_INTEREST_INCOME_YOY":null,"FEE_COMMISSION_INCOME":null,"FEE_COMMISSION_INCOME_YOY":null,"ACCOUNTS_RECE_TDAYS":8.42382201138,"INVENTORY_TDAYS":0.27236848725,"CURRENT_ASSETS_TDAYS":0.335218981133,"TOTAL_ASSETS_TDAYS":0.322189303381,"PREMIUM_EXPENSE":null,"LOAN_DEPOSIT":null,"LOAN_EQUITY":null,"LOAN_ASSETS":null,"DEPOSIT_EQUITY":null,"DEPOSIT_ASSETS":null,"EQUITY_MULTIPLIER":5.560827794429,"EQUITY_RATIO":4.652445166835},{"SECUCODE":"03616.HK","SECURITY_CODE":"03616","SECURITY_NAME_ABBR":"恒达集团控股","ORG_CODE":"10678805","STD_REPORT_DATE":"2020-06-30 00:00:00","REPORT_DATE":"2020-06-30 00:00:00","DATE_TYPE_CODE":"002","REPORT_TYPE":"2020年中报","PER_NETCASH_OPERATE":-0.412711666667,"PER_OI":0.426024166667,"BPS":1.040661666667,"BASIC_EPS":0.03,"DILUTED_EPS":0.03,"OPERATE_INCOME":511229000,"OPERATE_INCOME_YOY":42.1391394286,"GROSS_PROFIT":163769000,"GROSS_PROFIT_YOY":52.895100455598,"HOLDER_PROFIT":32846000,"HOLDER_PROFIT_YOY":35.6992356951,"GROSS_PROFIT_RATIO":32.034372072007,"EPS_TTM":0.251400833333,"OPERATE_INCOME_QOQ":7.677628846134,"NET_PROFIT_RATIO":6.2371266106,"ROE_AVG":2.665268819211,"GROSS_PROFIT_QOQ":7.403346970883,"ROA":0.4550471568,"HOLDER_PROFIT_QOQ":2.948744198744,"ROE_YEARLY":5.330537638422,"ROIC_YEARLY":0.93829749824,"TOTAL_ASSETS":7909917000,"TOTAL_LIABILITIES":6638532000,"TAX_EBT":55.06165879783,"OCF_SALES":-96.875177268895,"TOTAL_PARENT_EQUITY":1248794000,"DEBT_ASSET_RATIO":83.9266960703,"OPERATE_PROFIT":70839000,"PRETAX_PROFIT":70955000,"NETCASH_OPERATE":-495254000,"NETCASH_INVEST":-22477000,"NETCASH_FINANCE":421199000,"END_CASH":148625000,"DIVI_RATIO":null,"DIVIDEND_RATE":null,"CURRENT_RATIO":1.214068854746,"COMMON_ACS":2400000000,"CURRENTDEBT_DEBT":94.647400961538,"ISSUED_COMMON_SHARES":1200000000,"HK_COMMON_SHARES":1200000000,"PER_SHARES":2000,"TOTAL_MARKET_CAP":312000000,"HKSK_MARKET_CAP":312000000,"PE_TTM":1.707712403784,"PB_TTM":0.15700163083,"REPORT_DATE_SQ":"2019-06-30 00:00:00","REPORT_TYPE_SQ":"2019年中报","OPERATE_INCOME_SQ":359668000,"DPS_HKD":null,"OPERATE_INCOME_QOQ_SQ":-0.776915305401,"NET_PROFIT_RATIO_SQ":6.5246282683,"HOLDER_PROFIT_SQ":24205000,"HOLDER_PROFIT_QOQ_SQ":-1.205318367074,"ROE_AVG_SQ":2.515063887091,"PE_TTM_SQ":1.379306172287,"PB_TTM_SQ":0.126809009516,"ROA_SQ":0.433419518848,"START_DATE":"2020-01-01 00:00:00","FISCAL_YEAR":"12-31","CURRENCY":"HKD","IS_CNY_CODE":0,"DPS_HKD_LY":null,"ORG_TYPE":"一般企业","PREMIUM_INCOME":null,"PREMIUM_INCOME_YOY":null,"NET_INTEREST_INCOME":null,"NET_INTEREST_INCOME_YOY":null,"FEE_COMMISSION_INCOME":null,"FEE_COMMISSION_INCOME_YOY":null,"ACCOUNTS_RECE_TDAYS":1.964780463995,"INVENTORY_TDAYS":0.061940041021,"CURRENT_ASSETS_TDAYS":0.07358418571,"TOTAL_ASSETS_TDAYS":0.070825459089,"PREMIUM_EXPENSE":null,"LOAN_DEPOSIT":null,"LOAN_EQUITY":null,"LOAN_ASSETS":null,"DEPOSIT_EQUITY":null,"DEPOSIT_ASSETS":null,"EQUITY_MULTIPLIER":6.221496242302,"EQUITY_RATIO":5.315954432837},{"SECUCODE":"03616.HK","SECURITY_CODE":"03616","SECURITY_NAME_ABBR":"恒达集团控股","ORG_CODE":"10678805","STD_REPORT_DATE":"2019-12-31 00:00:00","REPORT_DATE":"2019-12-31 00:00:00","DATE_TYPE_CODE":"001","REPORT_TYPE":"2019年年报","PER_NETCASH_OPERATE":-0.11403,"PER_OI":1.64505,"BPS":1.01329,"BASIC_EPS":0.24,"DILUTED_EPS":0.24,"OPERATE_INCOME":1974060000,"OPERATE_INCOME_YOY":4.8023389217,"GROSS_PROFIT":765289000,"GROSS_PROFIT_YOY":21.497201063056,"HOLDER_PROFIT":293040000,"HOLDER_PROFIT_YOY":30.5271597515,"GROSS_PROFIT_RATIO":38.7672613801,"EPS_TTM":0.2442,"OPERATE_INCOME_QOQ":5.62293970633,"NET_PROFIT_RATIO":14.7292888767,"ROE_AVG":26.717273641902,"GROSS_PROFIT_QOQ":26.907495327754,"ROA":4.996025888498,"HOLDER_PROFIT_QOQ":32.119621819756,"ROE_YEARLY":26.717273641902,"ROIC_YEARLY":5.314044353338,"TOTAL_ASSETS":6526389000,"TOTAL_LIABILITIES":5292890000,"TAX_EBT":43.79658409105,"OCF_SALES":-6.93170420352,"TOTAL_PARENT_EQUITY":1215948000,"DEBT_ASSET_RATIO":81.0998241141,"OPERATE_PROFIT":590523000,"PRETAX_PROFIT":517344000,"NETCASH_OPERATE":-136836000,"NETCASH_INVEST":5299000,"NETCASH_FINANCE":-42808000,"END_CASH":245157000,"DIVI_RATIO":null,"DIVIDEND_RATE":null,"CURRENT_RATIO":1.297166116767,"COMMON_ACS":2400000000,"CURRENTDEBT_DEBT":91.276788295241,"ISSUED_COMMON_SHARES":1200000000,"HK_COMMON_SHARES":1200000000,"PER_SHARES":2000,"TOTAL_MARKET_CAP":312000000,"HKSK_MARKET_CAP":312000000,"PE_TTM":1.707712403784,"PB_TTM":0.15700163083,"REPORT_DATE_SQ":"2018-12-31 00:00:00","REPORT_TYPE_SQ":"2018年年报","OPERATE_INCOME_SQ":1883603000,"DPS_HKD":null,"OPERATE_INCOME_QOQ_SQ":28.381318353265,"NET_PROFIT_RATIO_SQ":12.2032615153,"HOLDER_PROFIT_SQ":224505000,"HOLDER_PROFIT_QOQ_SQ":64.869906220855,"ROE_AVG_SQ":31.597258629413,"PE_TTM_SQ":1.379306172287,"PB_TTM_SQ":0.126809009516,"ROA_SQ":4.51922004629,"START_DATE":"2019-01-01 00:00:00","FISCAL_YEAR":"12-31","CURRENCY":"HKD","IS_CNY_CODE":0,"DPS_HKD_LY":0.059,"ORG_TYPE":"一般企业","PREMIUM_INCOME":null,"PREMIUM_INCOME_YOY":null,"NET_INTEREST_INCOME":null,"NET_INTEREST_INCOME_YOY":null,"FEE_COMMISSION_INCOME":null,"FEE_COMMISSION_INCOME_YOY":null,"ACCOUNTS_RECE_TDAYS":6.456208515461,"INVENTORY_TDAYS":0.268763627636,"CURRENT_ASSETS_TDAYS":0.349468249942,"TOTAL_ASSETS_TDAYS":0.33655660884,"PREMIUM_EXPENSE":null,"LOAN_DEPOSIT":null,"LOAN_EQUITY":null,"LOAN_ASSETS":null,"DEPOSIT_EQUITY":null,"DEPOSIT_ASSETS":null,"EQUITY_MULTIPLIER":5.290956052668,"EQUITY_RATIO":4.352891735502},{"SECUCODE":"03616.HK","SECURITY_CODE":"03616","SECURITY_NAME_ABBR":"恒达集团控股","ORG_CODE":"10678805","STD_REPORT_DATE":"2019-06-30 00:00:00","REPORT_DATE":"2019-06-30 00:00:00","DATE_TYPE_CODE":"002","REPORT_TYPE":"2019年中报","PER_NETCASH_OPERATE":-0.0179,"PER_OI":0.299723333333,"BPS":0.789260833333,"BASIC_EPS":0.02,"DILUTED_EPS":0.02,"OPERATE_INCOME":359668000,"OPERATE_INCOME_YOY":-3.9096772125,"GROSS_PROFIT":107112000,"GROSS_PROFIT_YOY":-20.044787817714,"HOLDER_PROFIT":24205000,"HOLDER_PROFIT_YOY":-10.0553676935,"GROSS_PROFIT_RATIO":29.780797846903,"EPS_TTM":0.1848325,"OPERATE_INCOME_QOQ":-0.776915305401,"NET_PROFIT_RATIO":6.5246282683,"ROE_AVG":2.515063887091,"GROSS_PROFIT_QOQ":-4.263179452659,"ROA":0.433419518848,"HOLDER_PROFIT_QOQ":-1.205318367074,"ROE_YEARLY":5.030127774181,"ROIC_YEARLY":0.93061783624,"TOTAL_ASSETS":5964782000,"TOTAL_LIABILITIES":4998581000,"TAX_EBT":53.010552451893,"OCF_SALES":-5.972174338557,"TOTAL_PARENT_EQUITY":947113000,"DEBT_ASSET_RATIO":83.801570619,"OPERATE_PROFIT":58425000,"PRETAX_PROFIT":49941000,"NETCASH_OPERATE":-21480000,"NETCASH_INVEST":-73621000,"NETCASH_FINANCE":-17341000,"END_CASH":307060000,"DIVI_RATIO":null,"DIVIDEND_RATE":null,"CURRENT_RATIO":1.284398907478,"COMMON_ACS":2400000000,"CURRENTDEBT_DEBT":89.220740846252,"ISSUED_COMMON_SHARES":1200000000,"HK_COMMON_SHARES":1200000000,"PER_SHARES":2000,"TOTAL_MARKET_CAP":312000000,"HKSK_MARKET_CAP":312000000,"PE_TTM":1.707712403784,"PB_TTM":0.15700163083,"REPORT_DATE_SQ":"2018-06-30 00:00:00","REPORT_TYPE_SQ":"2018年中报","OPERATE_INCOME_SQ":374302000,"DPS_HKD":null,"OPERATE_INCOME_QOQ_SQ":0,"NET_PROFIT_RATIO_SQ":6.7859642748,"HOLDER_PROFIT_SQ":26911000,"HOLDER_PROFIT_QOQ_SQ":0,"ROE_AVG_SQ":null,"PE_TTM_SQ":1.379306172287,"PB_TTM_SQ":0.126809009516,"ROA_SQ":null,"START_DATE":"2019-01-01 00:00:00","FISCAL_YEAR":"12-31","CURRENCY":"HKD","IS_CNY_CODE":0,"DPS_HKD_LY":0.059,"ORG_TYPE":"一般企业","PREMIUM_INCOME":null,"PREMIUM_INCOME_YOY":null,"NET_INTEREST_INCOME":null,"NET_INTEREST_INCOME_YOY":null,"FEE_COMMISSION_INCOME":null,"FEE_COMMISSION_INCOME_YOY":null,"ACCOUNTS_RECE_TDAYS":0.833344145914,"INVENTORY_TDAYS":0.059403695619,"CURRENT_ASSETS_TDAYS":0.066860312996,"TOTAL_ASSETS_TDAYS":0.064402863667,"PREMIUM_EXPENSE":null,"LOAN_DEPOSIT":null,"LOAN_EQUITY":null,"LOAN_ASSETS":null,"DEPOSIT_EQUITY":null,"DEPOSIT_ASSETS":null,"EQUITY_MULTIPLIER":6.173438032041,"EQUITY_RATIO":5.27770287178}],"count":15},"success":true,"message":"ok","code":0}