{"version":"85655f6c89778ba321ded055be9b04ae","result":{"pages":1,"data":[{"SECUCODE":"03611.HK","SECURITY_CODE":"03611","SECURITY_NAME_ABBR":"花房集团","ORG_CODE":"10000267944","STD_REPORT_DATE":"2024-06-30 00:00:00","REPORT_DATE":"2024-06-30 00:00:00","DATE_TYPE_CODE":"002","REPORT_TYPE":"2024年中报","PER_NETCASH_OPERATE":0.070152,"PER_OI":0.965277,"BPS":1.985865842761,"BASIC_EPS":0.03,"DILUTED_EPS":0.03,"OPERATE_INCOME":965277000,"OPERATE_INCOME_YOY":-40.6399452937,"GROSS_PROFIT":239932000,"GROSS_PROFIT_YOY":-47.110535040384,"HOLDER_PROFIT":34489000,"HOLDER_PROFIT_YOY":105.0081680958,"GROSS_PROFIT_RATIO":24.856284776287,"EPS_TTM":-0.073736,"OPERATE_INCOME_QOQ":-25.713624257563,"NET_PROFIT_RATIO":3.5742071965,"ROE_AVG":1.67010964256,"GROSS_PROFIT_QOQ":-33.512723532105,"ROA":1.384537967809,"HOLDER_PROFIT_QOQ":90.746912960546,"ROE_YEARLY":3.34021928512,"ROIC_YEARLY":11.494273942585,"TOTAL_ASSETS":2515975000,"TOTAL_LIABILITIES":413508000,"TAX_EBT":-6.576671197331,"OCF_SALES":7.26755117961,"TOTAL_PARENT_EQUITY":2086555000,"DEBT_ASSET_RATIO":16.4352984429,"OPERATE_PROFIT":32850000,"PRETAX_PROFIT":32372000,"NETCASH_OPERATE":70152000,"NETCASH_INVEST":35765000,"NETCASH_FINANCE":-4366000,"END_CASH":1925288000,"DIVI_RATIO":null,"DIVIDEND_RATE":null,"CURRENT_RATIO":5.921352900512,"COMMON_ACS":2000000000,"CURRENTDEBT_DEBT":94.802760768836,"ISSUED_COMMON_SHARES":1050702900,"HK_COMMON_SHARES":1050702900,"PER_SHARES":1000,"TOTAL_MARKET_CAP":2416616670,"HKSK_MARKET_CAP":2416616670,"PE_TTM":-25.538681284401,"PB_TTM":1.057052271508,"REPORT_DATE_SQ":"2023-06-30 00:00:00","REPORT_TYPE_SQ":"2023年中报","OPERATE_INCOME_SQ":1626139000,"DPS_HKD":null,"OPERATE_INCOME_QOQ_SQ":-16.747085046262,"NET_PROFIT_RATIO_SQ":-42.3501312003,"HOLDER_PROFIT_SQ":-688655000,"HOLDER_PROFIT_QOQ_SQ":-384.800766217406,"ROE_AVG_SQ":-27.907315075615,"PE_TTM_SQ":5.785682859367,"PB_TTM_SQ":0.728969472298,"ROA_SQ":-23.145527053922,"START_DATE":"2024-01-01 00:00:00","FISCAL_YEAR":"12-31","CURRENCY":"HKD","IS_CNY_CODE":0,"DPS_HKD_LY":null,"ORG_TYPE":"一般企业","PREMIUM_INCOME":null,"PREMIUM_INCOME_YOY":null,"NET_INTEREST_INCOME":null,"NET_INTEREST_INCOME_YOY":null,"FEE_COMMISSION_INCOME":null,"FEE_COMMISSION_INCOME_YOY":null,"ACCOUNTS_RECE_TDAYS":251.406954030473,"INVENTORY_TDAYS":null,"CURRENT_ASSETS_TDAYS":0.421788174531,"TOTAL_ASSETS_TDAYS":0.387504031997,"PREMIUM_EXPENSE":null,"LOAN_DEPOSIT":null,"LOAN_EQUITY":null,"LOAN_ASSETS":null,"DEPOSIT_EQUITY":null,"DEPOSIT_ASSETS":null,"EQUITY_MULTIPLIER":1.196677522167,"EQUITY_RATIO":0.198177378502},{"SECUCODE":"03611.HK","SECURITY_CODE":"03611","SECURITY_NAME_ABBR":"花房集团","ORG_CODE":"10000267944","STD_REPORT_DATE":"2023-12-31 00:00:00","REPORT_DATE":"2023-12-31 00:00:00","DATE_TYPE_CODE":"001","REPORT_TYPE":"2023年年报","PER_NETCASH_OPERATE":-0.096933,"PER_OI":2.570085,"BPS":1.944977024428,"BASIC_EPS":-0.8,"DILUTED_EPS":-0.8,"OPERATE_INCOME":2570085000,"OPERATE_INCOME_YOY":-49.5815406273,"GROSS_PROFIT":637716000,"GROSS_PROFIT_YOY":-50.869337442219,"HOLDER_PROFIT":-796880000,"HOLDER_PROFIT_YOY":-443.7969178732,"GROSS_PROFIT_RATIO":24.813031475613,"EPS_TTM":-0.79688,"OPERATE_INCOME_QOQ":-39.439406535238,"NET_PROFIT_RATIO":-31.0150442495,"ROE_AVG":-32.780033829811,"GROSS_PROFIT_QOQ":-42.495473334151,"ROA":-27.244976228854,"HOLDER_PROFIT_QOQ":-20.71488515968,"ROE_YEARLY":-32.780033829811,"ROIC_YEARLY":-67.073460707929,"TOTAL_ASSETS":2466048000,"TOTAL_LIABILITIES":406411000,"TAX_EBT":-0.787599698565,"OCF_SALES":-3.771587321042,"TOTAL_PARENT_EQUITY":2043593000,"DEBT_ASSET_RATIO":16.4802550478,"OPERATE_PROFIT":-789219000,"PRETAX_PROFIT":-790884000,"NETCASH_OPERATE":-96933000,"NETCASH_INVEST":299679000,"NETCASH_FINANCE":-12049000,"END_CASH":1824564000,"DIVI_RATIO":null,"DIVIDEND_RATE":null,"CURRENT_RATIO":5.950531797031,"COMMON_ACS":2000000000,"CURRENTDEBT_DEBT":93.277987062358,"ISSUED_COMMON_SHARES":1050702900,"HK_COMMON_SHARES":1050702900,"PER_SHARES":1000,"TOTAL_MARKET_CAP":2416616670,"HKSK_MARKET_CAP":2416616670,"PE_TTM":-25.538681284401,"PB_TTM":1.057052271508,"REPORT_DATE_SQ":"2022-12-31 00:00:00","REPORT_TYPE_SQ":"2022年年报","OPERATE_INCOME_SQ":5097508000,"DPS_HKD":null,"OPERATE_INCOME_QOQ_SQ":10.822859801421,"NET_PROFIT_RATIO_SQ":4.5462802609,"HOLDER_PROFIT_SQ":231788000,"HOLDER_PROFIT_QOQ_SQ":-28.685662245441,"ROE_AVG_SQ":8.80244476066,"PE_TTM_SQ":5.785682859367,"PB_TTM_SQ":0.728969472298,"ROA_SQ":7.443180194336,"START_DATE":"2023-01-01 00:00:00","FISCAL_YEAR":"12-31","CURRENCY":"HKD","IS_CNY_CODE":0,"DPS_HKD_LY":null,"ORG_TYPE":"一般企业","PREMIUM_INCOME":null,"PREMIUM_INCOME_YOY":null,"NET_INTEREST_INCOME":null,"NET_INTEREST_INCOME_YOY":null,"FEE_COMMISSION_INCOME":null,"FEE_COMMISSION_INCOME_YOY":null,"ACCOUNTS_RECE_TDAYS":1332.68602540835,"INVENTORY_TDAYS":null,"CURRENT_ASSETS_TDAYS":1.116710167679,"TOTAL_ASSETS_TDAYS":0.878700742033,"PREMIUM_EXPENSE":null,"LOAN_DEPOSIT":null,"LOAN_EQUITY":null,"LOAN_ASSETS":null,"DEPOSIT_EQUITY":null,"DEPOSIT_ASSETS":null,"EQUITY_MULTIPLIER":1.197321663964,"EQUITY_RATIO":0.198870812339},{"SECUCODE":"03611.HK","SECURITY_CODE":"03611","SECURITY_NAME_ABBR":"花房集团","ORG_CODE":"10000267944","STD_REPORT_DATE":"2023-06-30 00:00:00","REPORT_DATE":"2023-06-30 00:00:00","DATE_TYPE_CODE":"002","REPORT_TYPE":"2023年中报","PER_NETCASH_OPERATE":-0.061882,"PER_OI":1.626139,"BPS":2.014756026656,"BASIC_EPS":-0.69,"DILUTED_EPS":-0.69,"OPERATE_INCOME":1626139000,"OPERATE_INCOME_YOY":-34.4251988952,"GROSS_PROFIT":453648000,"GROSS_PROFIT_YOY":-29.411325358197,"HOLDER_PROFIT":-688655000,"HOLDER_PROFIT_YOY":-438.7933112606,"GROSS_PROFIT_RATIO":27.897246176372,"EPS_TTM":-0.660134,"OPERATE_INCOME_QOQ":-16.747085046262,"NET_PROFIT_RATIO":-42.3501312003,"ROE_AVG":-27.907315075615,"GROSS_PROFIT_QOQ":-14.562095531587,"ROA":-23.145527053922,"HOLDER_PROFIT_QOQ":-384.800766217406,"ROE_YEARLY":-55.814630151231,"ROIC_YEARLY":-112.735231693652,"TOTAL_ASSETS":2566962000,"TOTAL_LIABILITIES":450110000,"TAX_EBT":-1.501732541567,"OCF_SALES":-3.805455745173,"TOTAL_PARENT_EQUITY":2116910000,"DEBT_ASSET_RATIO":17.5347356135,"OPERATE_PROFIT":-677416000,"PRETAX_PROFIT":-678483000,"NETCASH_OPERATE":-61882000,"NETCASH_INVEST":309497000,"NETCASH_FINANCE":-8086000,"END_CASH":1874279000,"DIVI_RATIO":null,"DIVIDEND_RATE":null,"CURRENT_RATIO":5.738051088827,"COMMON_ACS":2000000000,"CURRENTDEBT_DEBT":89.860700717602,"ISSUED_COMMON_SHARES":1050702900,"HK_COMMON_SHARES":1050702900,"PER_SHARES":1000,"TOTAL_MARKET_CAP":2416616670,"HKSK_MARKET_CAP":2416616670,"PE_TTM":-25.538681284401,"PB_TTM":1.057052271508,"REPORT_DATE_SQ":"2022-06-30 00:00:00","REPORT_TYPE_SQ":"2022年中报","OPERATE_INCOME_SQ":2479823000,"DPS_HKD":null,"OPERATE_INCOME_QOQ_SQ":0,"NET_PROFIT_RATIO_SQ":8.196835016,"HOLDER_PROFIT_SQ":203267000,"HOLDER_PROFIT_QOQ_SQ":0,"ROE_AVG_SQ":null,"PE_TTM_SQ":5.785682859367,"PB_TTM_SQ":0.728969472298,"ROA_SQ":null,"START_DATE":"2023-01-01 00:00:00","FISCAL_YEAR":"12-31","CURRENCY":"HKD","IS_CNY_CODE":0,"DPS_HKD_LY":null,"ORG_TYPE":"一般企业","PREMIUM_INCOME":null,"PREMIUM_INCOME_YOY":null,"NET_INTEREST_INCOME":null,"NET_INTEREST_INCOME_YOY":null,"FEE_COMMISSION_INCOME":null,"FEE_COMMISSION_INCOME_YOY":null,"ACCOUNTS_RECE_TDAYS":null,"INVENTORY_TDAYS":null,"CURRENT_ASSETS_TDAYS":0.696711681991,"TOTAL_ASSETS_TDAYS":0.546541362771,"PREMIUM_EXPENSE":null,"LOAN_DEPOSIT":null,"LOAN_EQUITY":null,"LOAN_ASSETS":null,"DEPOSIT_EQUITY":null,"DEPOSIT_ASSETS":null,"EQUITY_MULTIPLIER":1.212631775863,"EQUITY_RATIO":0.212625950088},{"SECUCODE":"03611.HK","SECURITY_CODE":"03611","SECURITY_NAME_ABBR":"花房集团","ORG_CODE":"10000267944","STD_REPORT_DATE":"2022-12-31 00:00:00","REPORT_DATE":"2022-12-31 00:00:00","DATE_TYPE_CODE":"001","REPORT_TYPE":"2022年年报","PER_NETCASH_OPERATE":0.410815,"PER_OI":5.097508,"BPS":2.682386238774,"BASIC_EPS":0.24,"DILUTED_EPS":0.24,"OPERATE_INCOME":5097508000,"OPERATE_INCOME_YOY":10.8228598014,"GROSS_PROFIT":1298000000,"GROSS_PROFIT_YOY":6.168834621183,"HOLDER_PROFIT":231788000,"HOLDER_PROFIT_YOY":-28.6856622454,"GROSS_PROFIT_RATIO":25.463422519396,"EPS_TTM":0.231788,"OPERATE_INCOME_QOQ":10.822859801421,"NET_PROFIT_RATIO":4.5462802609,"ROE_AVG":8.80244476066,"GROSS_PROFIT_QOQ":6.168834621183,"ROA":7.443180194336,"HOLDER_PROFIT_QOQ":-28.685662245441,"ROE_YEARLY":8.80244476066,"ROIC_YEARLY":15.554023335598,"TOTAL_ASSETS":3383691000,"TOTAL_LIABILITIES":565341000,"TAX_EBT":20.906000641634,"OCF_SALES":8.059133992531,"TOTAL_PARENT_EQUITY":2818391000,"DEBT_ASSET_RATIO":16.7078199516,"OPERATE_PROFIT":450200000,"PRETAX_PROFIT":293002000,"NETCASH_OPERATE":410815000,"NETCASH_INVEST":-484607000,"NETCASH_FINANCE":94520000,"END_CASH":1633031000,"DIVI_RATIO":null,"DIVIDEND_RATE":null,"CURRENT_RATIO":4.565799865389,"COMMON_ACS":2000000000,"CURRENTDEBT_DEBT":90.931667789883,"ISSUED_COMMON_SHARES":1050702900,"HK_COMMON_SHARES":1050702900,"PER_SHARES":1000,"TOTAL_MARKET_CAP":2416616670,"HKSK_MARKET_CAP":2416616670,"PE_TTM":-25.538681284401,"PB_TTM":1.057052271508,"REPORT_DATE_SQ":"2021-12-31 00:00:00","REPORT_TYPE_SQ":"2021年年报","OPERATE_INCOME_SQ":4599690000,"DPS_HKD":null,"OPERATE_INCOME_QOQ_SQ":24.873658705434,"NET_PROFIT_RATIO_SQ":7.0661935913,"HOLDER_PROFIT_SQ":325023000,"HOLDER_PROFIT_QOQ_SQ":121.317582612905,"ROE_AVG_SQ":14.491782403227,"PE_TTM_SQ":5.785682859367,"PB_TTM_SQ":0.728969472298,"ROA_SQ":12.323742664337,"START_DATE":"2022-01-01 00:00:00","FISCAL_YEAR":"12-31","CURRENCY":"HKD","IS_CNY_CODE":0,"DPS_HKD_LY":null,"ORG_TYPE":"一般企业","PREMIUM_INCOME":null,"PREMIUM_INCOME_YOY":null,"NET_INTEREST_INCOME":null,"NET_INTEREST_INCOME_YOY":null,"FEE_COMMISSION_INCOME":null,"FEE_COMMISSION_INCOME_YOY":null,"ACCOUNTS_RECE_TDAYS":7245.92466240227,"INVENTORY_TDAYS":null,"CURRENT_ASSETS_TDAYS":2.458783426258,"TOTAL_ASSETS_TDAYS":1.636912635083,"PREMIUM_EXPENSE":null,"LOAN_DEPOSIT":null,"LOAN_EQUITY":null,"LOAN_ASSETS":null,"DEPOSIT_EQUITY":null,"DEPOSIT_ASSETS":null,"EQUITY_MULTIPLIER":1.2005929001,"EQUITY_RATIO":0.200589982015},{"SECUCODE":"03611.HK","SECURITY_CODE":"03611","SECURITY_NAME_ABBR":"花房集团","ORG_CODE":"10000267944","STD_REPORT_DATE":"2022-06-30 00:00:00","REPORT_DATE":"2022-06-30 00:00:00","DATE_TYPE_CODE":"002","REPORT_TYPE":"2022年中报","PER_NETCASH_OPERATE":null,"PER_OI":null,"BPS":null,"BASIC_EPS":0.21,"DILUTED_EPS":0.21,"OPERATE_INCOME":2479823000,"OPERATE_INCOME_YOY":null,"GROSS_PROFIT":642664000,"GROSS_PROFIT_YOY":null,"HOLDER_PROFIT":203267000,"HOLDER_PROFIT_YOY":null,"GROSS_PROFIT_RATIO":25.915720597801,"EPS_TTM":6.279542851818,"OPERATE_INCOME_QOQ":0,"NET_PROFIT_RATIO":8.196835016,"ROE_AVG":null,"GROSS_PROFIT_QOQ":0,"ROA":null,"HOLDER_PROFIT_QOQ":0,"ROE_YEARLY":null,"ROIC_YEARLY":null,"TOTAL_ASSETS":null,"TOTAL_LIABILITIES":null,"TAX_EBT":16.501875213092,"OCF_SALES":10.996873567186,"TOTAL_PARENT_EQUITY":null,"DEBT_ASSET_RATIO":null,"OPERATE_PROFIT":244754000,"PRETAX_PROFIT":243439000,"NETCASH_OPERATE":272703000,"NETCASH_INVEST":-868719000,"NETCASH_FINANCE":-8623000,"END_CASH":1009625000,"DIVI_RATIO":null,"DIVIDEND_RATE":null,"CURRENT_RATIO":null,"COMMON_ACS":2000000000,"CURRENTDEBT_DEBT":null,"ISSUED_COMMON_SHARES":1050702900,"HK_COMMON_SHARES":1050702900,"PER_SHARES":1000,"TOTAL_MARKET_CAP":2416616670,"HKSK_MARKET_CAP":2416616670,"PE_TTM":-25.538681284401,"PB_TTM":1.057052271508,"REPORT_DATE_SQ":"2021-06-30 00:00:00","REPORT_TYPE_SQ":"2021年中报","OPERATE_INCOME_SQ":null,"DPS_HKD":null,"OPERATE_INCOME_QOQ_SQ":0,"NET_PROFIT_RATIO_SQ":null,"HOLDER_PROFIT_SQ":null,"HOLDER_PROFIT_QOQ_SQ":0,"ROE_AVG_SQ":null,"PE_TTM_SQ":5.785682859367,"PB_TTM_SQ":0.728969472298,"ROA_SQ":null,"START_DATE":"2022-01-01 00:00:00","FISCAL_YEAR":"12-31","CURRENCY":"HKD","IS_CNY_CODE":0,"DPS_HKD_LY":null,"ORG_TYPE":"一般企业","PREMIUM_INCOME":null,"PREMIUM_INCOME_YOY":null,"NET_INTEREST_INCOME":null,"NET_INTEREST_INCOME_YOY":null,"FEE_COMMISSION_INCOME":null,"FEE_COMMISSION_INCOME_YOY":null,"ACCOUNTS_RECE_TDAYS":null,"INVENTORY_TDAYS":null,"CURRENT_ASSETS_TDAYS":2.756573312576,"TOTAL_ASSETS_TDAYS":1.743587201578,"PREMIUM_EXPENSE":null,"LOAN_DEPOSIT":null,"LOAN_EQUITY":null,"LOAN_ASSETS":null,"DEPOSIT_EQUITY":null,"DEPOSIT_ASSETS":null,"EQUITY_MULTIPLIER":null,"EQUITY_RATIO":null},{"SECUCODE":"03611.HK","SECURITY_CODE":"03611","SECURITY_NAME_ABBR":"花房集团","ORG_CODE":"10000267944","STD_REPORT_DATE":"2021-12-31 00:00:00","REPORT_DATE":"2021-12-31 00:00:00","DATE_TYPE_CODE":"001","REPORT_TYPE":"2021年年报","PER_NETCASH_OPERATE":6.733975699394,"PER_OI":88.867404645455,"BPS":2.329921236536,"BASIC_EPS":0.34,"DILUTED_EPS":0.34,"OPERATE_INCOME":4599690000,"OPERATE_INCOME_YOY":24.8736587054,"GROSS_PROFIT":1222581000,"GROSS_PROFIT_YOY":20.883413818061,"HOLDER_PROFIT":325023000,"HOLDER_PROFIT_YOY":121.3175826129,"GROSS_PROFIT_RATIO":26.579639062633,"EPS_TTM":6.279542851818,"OPERATE_INCOME_QOQ":24.873658705434,"NET_PROFIT_RATIO":7.0661935913,"ROE_AVG":14.491782403227,"GROSS_PROFIT_QOQ":20.883413818061,"ROA":12.323742664337,"HOLDER_PROFIT_QOQ":121.317582612905,"ROE_YEARLY":14.491782403227,"ROIC_YEARLY":25.080744637055,"TOTAL_ASSETS":2844507000,"TOTAL_LIABILITIES":396452000,"TAX_EBT":17.138603285158,"OCF_SALES":7.577554139518,"TOTAL_PARENT_EQUITY":2448055000,"DEBT_ASSET_RATIO":13.9374591098,"OPERATE_PROFIT":392733000,"PRETAX_PROFIT":392249000,"NETCASH_OPERATE":348544000,"NETCASH_INVEST":213044000,"NETCASH_FINANCE":-14659000,"END_CASH":1614783000,"DIVI_RATIO":null,"DIVIDEND_RATE":null,"CURRENT_RATIO":5.437510577597,"COMMON_ACS":2000000000,"CURRENTDEBT_DEBT":83.462310695872,"ISSUED_COMMON_SHARES":1050702900,"HK_COMMON_SHARES":1050702900,"PER_SHARES":1000,"TOTAL_MARKET_CAP":2416616670,"HKSK_MARKET_CAP":2416616670,"PE_TTM":-25.538681284401,"PB_TTM":1.057052271508,"REPORT_DATE_SQ":"2020-12-31 00:00:00","REPORT_TYPE_SQ":"2020年年报","OPERATE_INCOME_SQ":3683475000,"DPS_HKD":null,"OPERATE_INCOME_QOQ_SQ":30.118034301798,"NET_PROFIT_RATIO_SQ":-41.3921907981,"HOLDER_PROFIT_SQ":-1524671000,"HOLDER_PROFIT_QOQ_SQ":-897.0135599954,"ROE_AVG_SQ":-54.940653992516,"PE_TTM_SQ":5.785682859367,"PB_TTM_SQ":0.728969472298,"ROA_SQ":-46.763612451191,"START_DATE":"2021-01-01 00:00:00","FISCAL_YEAR":"12-31","CURRENCY":"HKD","IS_CNY_CODE":0,"DPS_HKD_LY":null,"ORG_TYPE":"一般企业","PREMIUM_INCOME":null,"PREMIUM_INCOME_YOY":null,"NET_INTEREST_INCOME":null,"NET_INTEREST_INCOME_YOY":null,"FEE_COMMISSION_INCOME":null,"FEE_COMMISSION_INCOME_YOY":null,"ACCOUNTS_RECE_TDAYS":2635.17043826984,"INVENTORY_TDAYS":null,"CURRENT_ASSETS_TDAYS":2.871603514705,"TOTAL_ASSETS_TDAYS":1.744042603007,"PREMIUM_EXPENSE":null,"LOAN_DEPOSIT":null,"LOAN_EQUITY":null,"LOAN_ASSETS":null,"DEPOSIT_EQUITY":null,"DEPOSIT_ASSETS":null,"EQUITY_MULTIPLIER":1.161945707919,"EQUITY_RATIO":0.161945707919},{"SECUCODE":"03611.HK","SECURITY_CODE":"03611","SECURITY_NAME_ABBR":"花房集团","ORG_CODE":"10000267944","STD_REPORT_DATE":"2020-12-31 00:00:00","REPORT_DATE":"2020-12-31 00:00:00","DATE_TYPE_CODE":"001","REPORT_TYPE":"2020年年报","PER_NETCASH_OPERATE":null,"PER_OI":null,"BPS":1.939238009146,"BASIC_EPS":null,"DILUTED_EPS":null,"OPERATE_INCOME":3683475000,"OPERATE_INCOME_YOY":30.1180343018,"GROSS_PROFIT":1011372000,"GROSS_PROFIT_YOY":43.321831180518,"HOLDER_PROFIT":-1524671000,"HOLDER_PROFIT_YOY":-897.0135599954,"GROSS_PROFIT_RATIO":27.457007309674,"EPS_TTM":null,"OPERATE_INCOME_QOQ":30.118034301798,"NET_PROFIT_RATIO":-41.3921907981,"ROE_AVG":-54.940653992516,"GROSS_PROFIT_QOQ":43.321831180518,"ROA":-46.763612451191,"HOLDER_PROFIT_QOQ":-897.0135599954,"ROE_YEARLY":-54.940653992516,"ROIC_YEARLY":-65.395391868334,"TOTAL_ASSETS":2430238000,"TOTAL_LIABILITIES":392675000,"TAX_EBT":-3.2447516648,"OCF_SALES":5.054574824045,"TOTAL_PARENT_EQUITY":2037563000,"DEBT_ASSET_RATIO":16.157882479,"OPERATE_PROFIT":-1475978000,"PRETAX_PROFIT":-1476754000,"NETCASH_OPERATE":186184000,"NETCASH_INVEST":67223000,"NETCASH_FINANCE":25064000,"END_CASH":1068149000,"DIVI_RATIO":null,"DIVIDEND_RATE":null,"CURRENT_RATIO":3.867295628659,"COMMON_ACS":2000000000,"CURRENTDEBT_DEBT":92.478003437958,"ISSUED_COMMON_SHARES":1050702900,"HK_COMMON_SHARES":1050702900,"PER_SHARES":1000,"TOTAL_MARKET_CAP":2416616670,"HKSK_MARKET_CAP":2416616670,"PE_TTM":-25.538681284401,"PB_TTM":1.057052271508,"REPORT_DATE_SQ":"2019-12-31 00:00:00","REPORT_TYPE_SQ":"2019年年报","OPERATE_INCOME_SQ":2830872000,"DPS_HKD":null,"OPERATE_INCOME_QOQ_SQ":42.043379631232,"NET_PROFIT_RATIO_SQ":6.7575644536,"HOLDER_PROFIT_SQ":191298000,"HOLDER_PROFIT_QOQ_SQ":202.25902326377,"ROE_AVG_SQ":10.188733209785,"PE_TTM_SQ":5.785682859367,"PB_TTM_SQ":0.728969472298,"ROA_SQ":8.436175563368,"START_DATE":"2020-01-01 00:00:00","FISCAL_YEAR":"12-31","CURRENCY":"HKD","IS_CNY_CODE":0,"DPS_HKD_LY":null,"ORG_TYPE":"一般企业","PREMIUM_INCOME":null,"PREMIUM_INCOME_YOY":null,"NET_INTEREST_INCOME":null,"NET_INTEREST_INCOME_YOY":null,"FEE_COMMISSION_INCOME":null,"FEE_COMMISSION_INCOME_YOY":null,"ACCOUNTS_RECE_TDAYS":1284.78374607604,"INVENTORY_TDAYS":null,"CURRENT_ASSETS_TDAYS":2.794014465106,"TOTAL_ASSETS_TDAYS":1.129768962443,"PREMIUM_EXPENSE":null,"LOAN_DEPOSIT":null,"LOAN_EQUITY":null,"LOAN_ASSETS":null,"DEPOSIT_EQUITY":null,"DEPOSIT_ASSETS":null,"EQUITY_MULTIPLIER":1.192717967494,"EQUITY_RATIO":0.192717967494},{"SECUCODE":"03611.HK","SECURITY_CODE":"03611","SECURITY_NAME_ABBR":"花房集团","ORG_CODE":"10000267944","STD_REPORT_DATE":"2019-12-31 00:00:00","REPORT_DATE":"2019-12-31 00:00:00","DATE_TYPE_CODE":"001","REPORT_TYPE":"2019年年报","PER_NETCASH_OPERATE":null,"PER_OI":null,"BPS":3.343175316257,"BASIC_EPS":null,"DILUTED_EPS":null,"OPERATE_INCOME":2830872000,"OPERATE_INCOME_YOY":42.0433796312,"GROSS_PROFIT":705665000,"GROSS_PROFIT_YOY":133.77227853972,"HOLDER_PROFIT":191298000,"HOLDER_PROFIT_YOY":202.2590232638,"GROSS_PROFIT_RATIO":24.927478176336,"EPS_TTM":null,"OPERATE_INCOME_QOQ":42.043379631232,"NET_PROFIT_RATIO":6.7575644536,"ROE_AVG":10.188733209785,"GROSS_PROFIT_QOQ":133.77227853972,"ROA":8.436175563368,"HOLDER_PROFIT_QOQ":202.25902326377,"ROE_YEARLY":10.188733209785,"ROIC_YEARLY":10.912591396761,"TOTAL_ASSETS":4090520000,"TOTAL_LIABILITIES":577836000,"TAX_EBT":5.829477207837,"OCF_SALES":15.789339821793,"TOTAL_PARENT_EQUITY":3512684000,"DEBT_ASSET_RATIO":14.1262235608,"OPERATE_PROFIT":203764000,"PRETAX_PROFIT":203140000,"NETCASH_OPERATE":446976000,"NETCASH_INVEST":107996000,"NETCASH_FINANCE":-4794000,"END_CASH":789678000,"DIVI_RATIO":null,"DIVIDEND_RATE":null,"CURRENT_RATIO":2.26693818535,"COMMON_ACS":2000000000,"CURRENTDEBT_DEBT":94.076693040932,"ISSUED_COMMON_SHARES":1050702900,"HK_COMMON_SHARES":1050702900,"PER_SHARES":1000,"TOTAL_MARKET_CAP":2416616670,"HKSK_MARKET_CAP":2416616670,"PE_TTM":-25.538681284401,"PB_TTM":1.057052271508,"REPORT_DATE_SQ":"2018-12-31 00:00:00","REPORT_TYPE_SQ":"2018年年报","OPERATE_INCOME_SQ":1992963000,"DPS_HKD":null,"OPERATE_INCOME_QOQ_SQ":null,"NET_PROFIT_RATIO_SQ":-9.3866268466,"HOLDER_PROFIT_SQ":-187072000,"HOLDER_PROFIT_QOQ_SQ":null,"ROE_AVG_SQ":-77.173325632722,"PE_TTM_SQ":5.785682859367,"PB_TTM_SQ":0.728969472298,"ROA_SQ":-42.07051182581,"START_DATE":"2019-01-01 00:00:00","FISCAL_YEAR":"12-31","CURRENCY":"HKD","IS_CNY_CODE":0,"DPS_HKD_LY":null,"ORG_TYPE":"一般企业","PREMIUM_INCOME":null,"PREMIUM_INCOME_YOY":null,"NET_INTEREST_INCOME":null,"NET_INTEREST_INCOME_YOY":null,"FEE_COMMISSION_INCOME":null,"FEE_COMMISSION_INCOME_YOY":null,"ACCOUNTS_RECE_TDAYS":1129.18707618668,"INVENTORY_TDAYS":null,"CURRENT_ASSETS_TDAYS":3.726427568649,"TOTAL_ASSETS_TDAYS":1.24840475015,"PREMIUM_EXPENSE":null,"LOAN_DEPOSIT":null,"LOAN_EQUITY":null,"LOAN_ASSETS":null,"DEPOSIT_EQUITY":null,"DEPOSIT_ASSETS":null,"EQUITY_MULTIPLIER":1.164499852534,"EQUITY_RATIO":0.164499852534},{"SECUCODE":"03611.HK","SECURITY_CODE":"03611","SECURITY_NAME_ABBR":"花房集团","ORG_CODE":"10000267944","STD_REPORT_DATE":"2018-12-31 00:00:00","REPORT_DATE":"2018-12-31 00:00:00","DATE_TYPE_CODE":"001","REPORT_TYPE":"2018年年报","PER_NETCASH_OPERATE":null,"PER_OI":null,"BPS":0.230707462595,"BASIC_EPS":null,"DILUTED_EPS":null,"OPERATE_INCOME":1992963000,"OPERATE_INCOME_YOY":null,"GROSS_PROFIT":301860000,"GROSS_PROFIT_YOY":null,"HOLDER_PROFIT":-187072000,"HOLDER_PROFIT_YOY":null,"GROSS_PROFIT_RATIO":15.146292229209,"EPS_TTM":null,"OPERATE_INCOME_QOQ":null,"NET_PROFIT_RATIO":-9.3866268466,"ROE_AVG":-77.173325632722,"GROSS_PROFIT_QOQ":null,"ROA":-42.07051182581,"HOLDER_PROFIT_QOQ":null,"ROE_YEARLY":-77.173325632722,"ROIC_YEARLY":-91.182133230651,"TOTAL_ASSETS":444663000,"TOTAL_LIABILITIES":202258000,"TAX_EBT":-40.600667408231,"OCF_SALES":-7.339774998332,"TOTAL_PARENT_EQUITY":242405000,"DEBT_ASSET_RATIO":45.4856824157,"OPERATE_PROFIT":null,"PRETAX_PROFIT":-133052000,"NETCASH_OPERATE":-146279000,"NETCASH_INVEST":-12070000,"NETCASH_FINANCE":-50000000,"END_CASH":239500000,"DIVI_RATIO":null,"DIVIDEND_RATE":null,"CURRENT_RATIO":1.419083546757,"COMMON_ACS":2000000000,"CURRENTDEBT_DEBT":100,"ISSUED_COMMON_SHARES":1050702900,"HK_COMMON_SHARES":1050702900,"PER_SHARES":1000,"TOTAL_MARKET_CAP":2416616670,"HKSK_MARKET_CAP":2416616670,"PE_TTM":-25.538681284401,"PB_TTM":1.057052271508,"REPORT_DATE_SQ":"2017-12-31 00:00:00","REPORT_TYPE_SQ":"2017年年报","OPERATE_INCOME_SQ":null,"DPS_HKD":null,"OPERATE_INCOME_QOQ_SQ":null,"NET_PROFIT_RATIO_SQ":null,"HOLDER_PROFIT_SQ":null,"HOLDER_PROFIT_QOQ_SQ":null,"ROE_AVG_SQ":null,"PE_TTM_SQ":5.785682859367,"PB_TTM_SQ":0.728969472298,"ROA_SQ":null,"START_DATE":"2018-01-01 00:00:00","FISCAL_YEAR":"12-31","CURRENCY":"HKD","IS_CNY_CODE":0,"DPS_HKD_LY":null,"ORG_TYPE":"一般企业","PREMIUM_INCOME":null,"PREMIUM_INCOME_YOY":null,"NET_INTEREST_INCOME":null,"NET_INTEREST_INCOME_YOY":null,"FEE_COMMISSION_INCOME":null,"FEE_COMMISSION_INCOME_YOY":null,"ACCOUNTS_RECE_TDAYS":926.959534883721,"INVENTORY_TDAYS":null,"CURRENT_ASSETS_TDAYS":13.887227763822,"TOTAL_ASSETS_TDAYS":8.96392548964,"PREMIUM_EXPENSE":null,"LOAN_DEPOSIT":null,"LOAN_EQUITY":null,"LOAN_ASSETS":null,"DEPOSIT_EQUITY":null,"DEPOSIT_ASSETS":null,"EQUITY_MULTIPLIER":1.834380478951,"EQUITY_RATIO":0.834380478951}],"count":9},"success":true,"message":"ok","code":0}