{"version":"c0ebb07f1a3d655a79530f1f776e3c7f","result":{"pages":5,"data":[{"SECUCODE":"03613.HK","SECURITY_CODE":"03613","SECURITY_NAME_ABBR":"同仁堂国药","ORG_CODE":"10052530","STD_REPORT_DATE":"2024-06-30 00:00:00","REPORT_DATE":"2024-06-30 00:00:00","DATE_TYPE_CODE":"002","REPORT_TYPE":"2024年中报","PER_NETCASH_OPERATE":-0.331291610035,"PER_OI":0.724515933867,"BPS":4.149536526245,"BASIC_EPS":0.2372968,"DILUTED_EPS":0.2372968,"OPERATE_INCOME":606492288.24,"OPERATE_INCOME_YOY":-18.2440603981,"GROSS_PROFIT":412321443.6,"GROSS_PROFIT_YOY":-11.800831474395,"HOLDER_PROFIT":200590635.76,"HOLDER_PROFIT_YOY":-17.3876108856,"GROSS_PROFIT_RATIO":67.984614412251,"EPS_TTM":0.531623487062,"OPERATE_INCOME_QOQ":-10.340532773946,"NET_PROFIT_RATIO":36.1681700119,"ROE_AVG":5.729142635794,"GROSS_PROFIT_QOQ":-5.81303489908,"ROA":5.04535220269,"HOLDER_PROFIT_QOQ":-9.126313980326,"ROE_YEARLY":11.458285271587,"ROIC_YEARLY":20.704871130354,"TOTAL_ASSETS":3904272543.48,"TOTAL_LIABILITIES":281341824.12,"TAX_EBT":15.265017169531,"OCF_SALES":-45.725924655164,"TOTAL_PARENT_EQUITY":3473577026.12,"DEBT_ASSET_RATIO":7.205998582,"OPERATE_PROFIT":236272773.04,"PRETAX_PROFIT":258874380.56,"NETCASH_OPERATE":-277324206.76,"NETCASH_INVEST":1232505889,"NETCASH_FINANCE":-292263865.68,"END_CASH":1571170405.88,"DIVI_RATIO":0.562527065259,"DIVIDEND_RATE":4.054054054054,"CURRENT_RATIO":16.793592921635,"COMMON_ACS":null,"CURRENTDEBT_DEBT":71.715018864007,"ISSUED_COMMON_SHARES":837100000,"HK_COMMON_SHARES":837100000,"PER_SHARES":1000,"TOTAL_MARKET_CAP":6813994000,"HKSK_MARKET_CAP":6813994000,"PE_TTM":13.789741669787,"PB_TTM":1.790372286883,"REPORT_DATE_SQ":"2023-06-30 00:00:00","REPORT_TYPE_SQ":"2023年中报","OPERATE_INCOME_SQ":749391797.86,"DPS_HKD":0.33,"OPERATE_INCOME_QOQ_SQ":13.822145134089,"NET_PROFIT_RATIO_SQ":36.6471991506,"HOLDER_PROFIT_SQ":245283559.2,"HOLDER_PROFIT_QOQ_SQ":10.699068626433,"ROE_AVG_SQ":7.397579436598,"PE_TTM_SQ":11.465034699266,"PB_TTM_SQ":2.227982097674,"ROA_SQ":6.386289881005,"START_DATE":"2024-01-01 00:00:00","FISCAL_YEAR":"12-31","CURRENCY":"HKD","IS_CNY_CODE":0,"DPS_HKD_LY":0.33,"ORG_TYPE":"一般企业","PREMIUM_INCOME":null,"PREMIUM_INCOME_YOY":null,"NET_INTEREST_INCOME":null,"NET_INTEREST_INCOME_YOY":null,"FEE_COMMISSION_INCOME":null,"FEE_COMMISSION_INCOME_YOY":null,"ACCOUNTS_RECE_TDAYS":1.672029428934,"INVENTORY_TDAYS":0.162804222925,"CURRENT_ASSETS_TDAYS":0.175871739117,"TOTAL_ASSETS_TDAYS":0.152547859016,"PREMIUM_EXPENSE":null,"LOAN_DEPOSIT":null,"LOAN_EQUITY":null,"LOAN_ASSETS":null,"DEPOSIT_EQUITY":null,"DEPOSIT_ASSETS":null,"EQUITY_MULTIPLIER":1.077655866456,"EQUITY_RATIO":0.080994842494},{"SECUCODE":"03613.HK","SECURITY_CODE":"03613","SECURITY_NAME_ABBR":"同仁堂国药","ORG_CODE":"10052530","STD_REPORT_DATE":"2023-12-31 00:00:00","REPORT_DATE":"2023-12-31 00:00:00","DATE_TYPE_CODE":"001","REPORT_TYPE":"2023年年报","PER_NETCASH_OPERATE":0.498882175152,"PER_OI":1.65086089822,"BPS":4.185773994577,"BASIC_EPS":0.589043,"DILUTED_EPS":0.589043,"OPERATE_INCOME":1381935657.9,"OPERATE_INCOME_YOY":-11.9086474168,"GROSS_PROFIT":949032551.46,"GROSS_PROFIT_YOY":-7.626446152093,"HOLDER_PROFIT":489714944.46,"HOLDER_PROFIT_YOY":-16.3316431198,"GROSS_PROFIT_RATIO":68.674148903731,"EPS_TTM":0.585013671557,"OPERATE_INCOME_QOQ":-21.484137440038,"NET_PROFIT_RATIO":38.7284131559,"ROE_AVG":14.466418748015,"GROSS_PROFIT_QOQ":-15.641214500758,"ROA":12.480605617454,"HOLDER_PROFIT_QOQ":-23.322460697632,"ROE_YEARLY":14.466418748015,"ROIC_YEARLY":28.831846905392,"TOTAL_ASSETS":4018582747.9,"TOTAL_LIABILITIES":374953056.1,"TAX_EBT":14.132656770235,"OCF_SALES":30.219516113696,"TOTAL_PARENT_EQUITY":3503911410.86,"DEBT_ASSET_RATIO":9.3304799135,"OPERATE_PROFIT":565616306.78,"PRETAX_PROFIT":623289053.8,"NETCASH_OPERATE":417614268.82,"NETCASH_INVEST":-977377300.62,"NETCASH_FINANCE":-337277865.82,"END_CASH":906051443.08,"DIVI_RATIO":0.511189079059,"DIVIDEND_RATE":3.961584633854,"CURRENT_RATIO":11.652356039986,"COMMON_ACS":null,"CURRENTDEBT_DEBT":79.737525830504,"ISSUED_COMMON_SHARES":837100000,"HK_COMMON_SHARES":837100000,"PER_SHARES":1000,"TOTAL_MARKET_CAP":6973043000,"HKSK_MARKET_CAP":6973043000,"PE_TTM":14.111615246845,"PB_TTM":1.832162303408,"REPORT_DATE_SQ":"2022-12-31 00:00:00","REPORT_TYPE_SQ":"2022年年报","OPERATE_INCOME_SQ":1546335230.65,"DPS_HKD":0.33,"OPERATE_INCOME_QOQ_SQ":26.524802711458,"NET_PROFIT_RATIO_SQ":39.933856894,"HOLDER_PROFIT_SQ":576940761.25,"HOLDER_PROFIT_QOQ_SQ":25.920696596823,"ROE_AVG_SQ":18.394029953612,"PE_TTM_SQ":11.501050515075,"PB_TTM_SQ":2.234980994315,"ROA_SQ":16.026155976835,"START_DATE":"2023-01-01 00:00:00","FISCAL_YEAR":"12-31","CURRENCY":"HKD","IS_CNY_CODE":0,"DPS_HKD_LY":0.33,"ORG_TYPE":"一般企业","PREMIUM_INCOME":null,"PREMIUM_INCOME_YOY":null,"NET_INTEREST_INCOME":null,"NET_INTEREST_INCOME_YOY":null,"FEE_COMMISSION_INCOME":null,"FEE_COMMISSION_INCOME_YOY":null,"ACCOUNTS_RECE_TDAYS":2.142824020729,"INVENTORY_TDAYS":0.644918804968,"CURRENT_ASSETS_TDAYS":0.405172149242,"TOTAL_ASSETS_TDAYS":0.352192517914,"PREMIUM_EXPENSE":null,"LOAN_DEPOSIT":null,"LOAN_EQUITY":null,"LOAN_ASSETS":null,"DEPOSIT_EQUITY":null,"DEPOSIT_ASSETS":null,"EQUITY_MULTIPLIER":1.102906466303,"EQUITY_RATIO":0.107009856168},{"SECUCODE":"03613.HK","SECURITY_CODE":"03613","SECURITY_NAME_ABBR":"同仁堂国药","ORG_CODE":"10052530","STD_REPORT_DATE":"2023-06-30 00:00:00","REPORT_DATE":"2023-06-30 00:00:00","DATE_TYPE_CODE":"002","REPORT_TYPE":"2023年中报","PER_NETCASH_OPERATE":0.566715366336,"PER_OI":0.8952237461,"BPS":3.951965776204,"BASIC_EPS":0.2950336,"DILUTED_EPS":0.2950336,"OPERATE_INCOME":749391797.86,"OPERATE_INCOME_YOY":29.7671619106,"GROSS_PROFIT":467489037.02,"GROSS_PROFIT_YOY":26.389693187962,"HOLDER_PROFIT":245283559.2,"HOLDER_PROFIT_YOY":23.9482291113,"GROSS_PROFIT_RATIO":62.382459796729,"EPS_TTM":0.762953111014,"OPERATE_INCOME_QOQ":13.822145134089,"NET_PROFIT_RATIO":36.6471991506,"ROE_AVG":7.397579436598,"GROSS_PROFIT_QOQ":9.500810497961,"ROA":6.386289881005,"HOLDER_PROFIT_QOQ":10.699068626433,"ROE_YEARLY":14.795158873196,"ROIC_YEARLY":31.728492643168,"TOTAL_ASSETS":3785943991.62,"TOTAL_LIABILITIES":338323326.94,"TAX_EBT":15.848042760928,"OCF_SALES":63.304326857421,"TOTAL_PARENT_EQUITY":3308190551.26,"DEBT_ASSET_RATIO":8.9363003702,"OPERATE_PROFIT":304285669.3,"PRETAX_PROFIT":326351416.64,"NETCASH_OPERATE":474397433.16,"NETCASH_INVEST":-323654625.14,"NETCASH_FINANCE":-297796774.06,"END_CASH":1684280439.84,"DIVI_RATIO":0.391967207005,"DIVIDEND_RATE":3.961584633854,"CURRENT_RATIO":12.525961171364,"COMMON_ACS":null,"CURRENTDEBT_DEBT":77.089981550771,"ISSUED_COMMON_SHARES":837100000,"HK_COMMON_SHARES":837100000,"PER_SHARES":1000,"TOTAL_MARKET_CAP":6973043000,"HKSK_MARKET_CAP":6973043000,"PE_TTM":14.111615246845,"PB_TTM":1.832162303408,"REPORT_DATE_SQ":"2022-06-30 00:00:00","REPORT_TYPE_SQ":"2022年中报","OPERATE_INCOME_SQ":535655098.02,"DPS_HKD":0.33,"OPERATE_INCOME_QOQ_SQ":-3.942028908008,"NET_PROFIT_RATIO_SQ":38.0170764962,"HOLDER_PROFIT_SQ":183556271.22,"HOLDER_PROFIT_QOQ_SQ":-7.805423084521,"ROE_AVG_SQ":6.307407893913,"PE_TTM_SQ":11.501050515075,"PB_TTM_SQ":2.234980994315,"ROA_SQ":5.597817185647,"START_DATE":"2023-01-01 00:00:00","FISCAL_YEAR":"12-31","CURRENCY":"HKD","IS_CNY_CODE":0,"DPS_HKD_LY":0.33,"ORG_TYPE":"一般企业","PREMIUM_INCOME":null,"PREMIUM_INCOME_YOY":null,"NET_INTEREST_INCOME":null,"NET_INTEREST_INCOME_YOY":null,"FEE_COMMISSION_INCOME":null,"FEE_COMMISSION_INCOME_YOY":null,"ACCOUNTS_RECE_TDAYS":1.082600883601,"INVENTORY_TDAYS":0.592107887658,"CURRENT_ASSETS_TDAYS":0.224952864229,"TOTAL_ASSETS_TDAYS":0.195114310604,"PREMIUM_EXPENSE":null,"LOAN_DEPOSIT":null,"LOAN_EQUITY":null,"LOAN_ASSETS":null,"DEPOSIT_EQUITY":null,"DEPOSIT_ASSETS":null,"EQUITY_MULTIPLIER":1.098132410681,"EQUITY_RATIO":0.102268391647},{"SECUCODE":"03613.HK","SECURITY_CODE":"03613","SECURITY_NAME_ABBR":"同仁堂国药","ORG_CODE":"10052530","STD_REPORT_DATE":"2022-12-31 00:00:00","REPORT_DATE":"2022-12-31 00:00:00","DATE_TYPE_CODE":"001","REPORT_TYPE":"2022年年报","PER_NETCASH_OPERATE":0.584177878246,"PER_OI":1.8472526946,"BPS":3.846349551093,"BASIC_EPS":0.6878179,"DILUTED_EPS":0.6878179,"OPERATE_INCOME":1546335230.65,"OPERATE_INCOME_YOY":11.2415962904,"GROSS_PROFIT":1027385557.8,"GROSS_PROFIT_YOY":12.233049208014,"HOLDER_PROFIT":576940761.25,"HOLDER_PROFIT_YOY":6.2577528881,"GROSS_PROFIT_RATIO":66.440027843648,"EPS_TTM":0.689213667722,"OPERATE_INCOME_QOQ":26.524802711458,"NET_PROFIT_RATIO":39.933856894,"ROE_AVG":18.394029953612,"GROSS_PROFIT_QOQ":18.211035260946,"ROA":16.026155976835,"HOLDER_PROFIT_QOQ":25.920696596823,"ROE_YEARLY":18.394029953612,"ROIC_YEARLY":39.321577599653,"TOTAL_ASSETS":3774314972.33,"TOTAL_LIABILITIES":434563349.22,"TAX_EBT":16.304503112734,"OCF_SALES":31.624145410853,"TOTAL_PARENT_EQUITY":3219779209.22,"DEBT_ASSET_RATIO":11.5137012254,"OPERATE_PROFIT":724955600.25,"PRETAX_PROFIT":737807075.74,"NETCASH_OPERATE":489015301.88,"NETCASH_INVEST":299613477.24,"NETCASH_FINANCE":-478271050.32,"END_CASH":1778470198.82,"DIVI_RATIO":0.433904047476,"DIVIDEND_RATE":3.961584633854,"CURRENT_RATIO":8.799091677935,"COMMON_ACS":null,"CURRENTDEBT_DEBT":86.040297151408,"ISSUED_COMMON_SHARES":837100000,"HK_COMMON_SHARES":837100000,"PER_SHARES":1000,"TOTAL_MARKET_CAP":6973043000,"HKSK_MARKET_CAP":6973043000,"PE_TTM":14.111615246845,"PB_TTM":1.832162303408,"REPORT_DATE_SQ":"2021-12-31 00:00:00","REPORT_TYPE_SQ":"2021年年报","OPERATE_INCOME_SQ":1272314780.8,"DPS_HKD":0.33,"OPERATE_INCOME_QOQ_SQ":8.323497172303,"NET_PROFIT_RATIO_SQ":41.8686919966,"HOLDER_PROFIT_SQ":496968348.8,"HOLDER_PROFIT_QOQ_SQ":5.305033955823,"ROE_AVG_SQ":18.889680657561,"PE_TTM_SQ":11.501050515075,"PB_TTM_SQ":2.234980994315,"ROA_SQ":16.763433729765,"START_DATE":"2022-01-01 00:00:00","FISCAL_YEAR":"12-31","CURRENCY":"HKD","IS_CNY_CODE":0,"DPS_HKD_LY":0.53,"ORG_TYPE":"一般企业","PREMIUM_INCOME":null,"PREMIUM_INCOME_YOY":null,"NET_INTEREST_INCOME":null,"NET_INTEREST_INCOME_YOY":null,"FEE_COMMISSION_INCOME":null,"FEE_COMMISSION_INCOME_YOY":null,"ACCOUNTS_RECE_TDAYS":2.250071813776,"INVENTORY_TDAYS":1.288650017912,"CURRENT_ASSETS_TDAYS":0.497449525725,"TOTAL_ASSETS_TDAYS":0.429538199818,"PREMIUM_EXPENSE":null,"LOAN_DEPOSIT":null,"LOAN_EQUITY":null,"LOAN_ASSETS":null,"DEPOSIT_EQUITY":null,"DEPOSIT_ASSETS":null,"EQUITY_MULTIPLIER":1.130118463365,"EQUITY_RATIO":0.134966816351},{"SECUCODE":"03613.HK","SECURITY_CODE":"03613","SECURITY_NAME_ABBR":"同仁堂国药","ORG_CODE":"10052530","STD_REPORT_DATE":"2022-06-30 00:00:00","REPORT_DATE":"2022-06-30 00:00:00","DATE_TYPE_CODE":"002","REPORT_TYPE":"2022年中报","PER_NETCASH_OPERATE":0.363400072237,"PER_OI":0.639893797659,"BPS":3.460938912328,"BASIC_EPS":0.2223494,"DILUTED_EPS":0.2223494,"OPERATE_INCOME":535655098.02,"OPERATE_INCOME_YOY":-11.0326107799,"GROSS_PROFIT":369879082.09,"GROSS_PROFIT_YOY":-11.123392649015,"HOLDER_PROFIT":183556271.22,"HOLDER_PROFIT_YOY":-19.6768181784,"GROSS_PROFIT_RATIO":69.051724413195,"EPS_TTM":0.547339465512,"OPERATE_INCOME_QOQ":-3.942028908008,"NET_PROFIT_RATIO":38.0170764962,"ROE_AVG":6.307407893913,"GROSS_PROFIT_QOQ":-5.057045680833,"ROA":5.597817185647,"HOLDER_PROFIT_QOQ":-7.805423084521,"ROE_YEARLY":12.614815787827,"ROIC_YEARLY":30.671214138556,"TOTAL_ASSETS":3278499143.5,"TOTAL_LIABILITIES":268326124.78,"TAX_EBT":17.41990747484,"OCF_SALES":56.790685199199,"TOTAL_PARENT_EQUITY":2897151963.51,"DEBT_ASSET_RATIO":8.184419548,"OPERATE_PROFIT":249655616.7,"PRETAX_PROFIT":246597457.26,"NETCASH_OPERATE":304202200.47,"NETCASH_INVEST":-883914976.91,"NETCASH_FINANCE":-236365964.1,"END_CASH":595566288.66,"DIVI_RATIO":0.546374999143,"DIVIDEND_RATE":3.961584633854,"CURRENT_RATIO":13.521205553397,"COMMON_ACS":null,"CURRENTDEBT_DEBT":77.936461394305,"ISSUED_COMMON_SHARES":837100000,"HK_COMMON_SHARES":837100000,"PER_SHARES":1000,"TOTAL_MARKET_CAP":6973043000,"HKSK_MARKET_CAP":6973043000,"PE_TTM":14.111615246845,"PB_TTM":1.832162303408,"REPORT_DATE_SQ":"2021-06-30 00:00:00","REPORT_TYPE_SQ":"2021年中报","OPERATE_INCOME_SQ":585810114.48,"DPS_HKD":0.33,"OPERATE_INCOME_QOQ_SQ":6.097591170529,"NET_PROFIT_RATIO_SQ":41.2932101001,"HOLDER_PROFIT_SQ":222346753.44,"HOLDER_PROFIT_QOQ_SQ":3.368618633369,"ROE_AVG_SQ":8.757616515647,"PE_TTM_SQ":11.501050515075,"PB_TTM_SQ":2.234980994315,"ROA_SQ":7.711955915519,"START_DATE":"2022-01-01 00:00:00","FISCAL_YEAR":"12-31","CURRENCY":"HKD","IS_CNY_CODE":0,"DPS_HKD_LY":0.53,"ORG_TYPE":"一般企业","PREMIUM_INCOME":null,"PREMIUM_INCOME_YOY":null,"NET_INTEREST_INCOME":null,"NET_INTEREST_INCOME_YOY":null,"FEE_COMMISSION_INCOME":null,"FEE_COMMISSION_INCOME_YOY":null,"ACCOUNTS_RECE_TDAYS":1.149771232682,"INVENTORY_TDAYS":0.441689176796,"CURRENT_ASSETS_TDAYS":0.190289279454,"TOTAL_ASSETS_TDAYS":0.16335586321,"PREMIUM_EXPENSE":null,"LOAN_DEPOSIT":null,"LOAN_EQUITY":null,"LOAN_ASSETS":null,"DEPOSIT_EQUITY":null,"DEPOSIT_ASSETS":null,"EQUITY_MULTIPLIER":1.089139768084,"EQUITY_RATIO":0.092617207575},{"SECUCODE":"03613.HK","SECURITY_CODE":"03613","SECURITY_NAME_ABBR":"同仁堂国药","ORG_CODE":"10052530","STD_REPORT_DATE":"2021-12-31 00:00:00","REPORT_DATE":"2021-12-31 00:00:00","DATE_TYPE_CODE":"001","REPORT_TYPE":"2021年年报","PER_NETCASH_OPERATE":0.759066051846,"PER_OI":1.519907753912,"BPS":3.338547658344,"BASIC_EPS":0.596848,"DILUTED_EPS":0.596848,"OPERATE_INCOME":1272314780.8,"OPERATE_INCOME_YOY":18.3078824887,"GROSS_PROFIT":915403764.8,"GROSS_PROFIT_YOY":14.139937999839,"HOLDER_PROFIT":496968348.8,"HOLDER_PROFIT_YOY":12.052959134,"GROSS_PROFIT_RATIO":71.947899891913,"EPS_TTM":0.593678591327,"OPERATE_INCOME_QOQ":8.323497172303,"NET_PROFIT_RATIO":41.8686919966,"ROE_AVG":18.889680657561,"GROSS_PROFIT_QOQ":6.13396723491,"ROA":16.763433729765,"HOLDER_PROFIT_QOQ":5.305033955823,"ROE_YEARLY":18.889680657561,"ROIC_YEARLY":41.979298966053,"TOTAL_ASSETS":3135481283.2,"TOTAL_LIABILITIES":241582812.8,"TAX_EBT":16.296180197356,"OCF_SALES":49.94158690827,"TOTAL_PARENT_EQUITY":2794698244.8,"DEBT_ASSET_RATIO":7.7048080017,"OPERATE_PROFIT":636468896,"PRETAX_PROFIT":636412481.6,"NETCASH_OPERATE":635414192,"NETCASH_INVEST":-217264118.4,"NETCASH_FINANCE":-227823422.4,"END_CASH":1357464550.4,"DIVI_RATIO":0.503728118832,"DIVIDEND_RATE":3.961584633854,"CURRENT_RATIO":15.379973434339,"COMMON_ACS":null,"CURRENTDEBT_DEBT":72.105875902775,"ISSUED_COMMON_SHARES":837100000,"HK_COMMON_SHARES":837100000,"PER_SHARES":1000,"TOTAL_MARKET_CAP":6973043000,"HKSK_MARKET_CAP":6973043000,"PE_TTM":14.111615246845,"PB_TTM":1.832162303408,"REPORT_DATE_SQ":"2020-12-31 00:00:00","REPORT_TYPE_SQ":"2020年年报","OPERATE_INCOME_SQ":1107047807.44,"DPS_HKD":0.33,"OPERATE_INCOME_QOQ_SQ":2.68290443167,"NET_PROFIT_RATIO_SQ":43.1735071989,"HOLDER_PROFIT_SQ":456552667.84,"HOLDER_PROFIT_QOQ_SQ":17.154144375192,"ROE_AVG_SQ":19.11069070053,"PE_TTM_SQ":11.501050515075,"PB_TTM_SQ":2.234980994315,"ROA_SQ":16.55017550711,"START_DATE":"2021-01-01 00:00:00","FISCAL_YEAR":"12-31","CURRENCY":"HKD","IS_CNY_CODE":0,"DPS_HKD_LY":0.24,"ORG_TYPE":"一般企业","PREMIUM_INCOME":null,"PREMIUM_INCOME_YOY":null,"NET_INTEREST_INCOME":null,"NET_INTEREST_INCOME_YOY":null,"FEE_COMMISSION_INCOME":null,"FEE_COMMISSION_INCOME_YOY":null,"ACCOUNTS_RECE_TDAYS":2.683470568455,"INVENTORY_TDAYS":0.941576264259,"CURRENT_ASSETS_TDAYS":0.501197631212,"TOTAL_ASSETS_TDAYS":0.429169474532,"PREMIUM_EXPENSE":null,"LOAN_DEPOSIT":null,"LOAN_EQUITY":null,"LOAN_ASSETS":null,"DEPOSIT_EQUITY":null,"DEPOSIT_ASSETS":null,"EQUITY_MULTIPLIER":1.083480058223,"EQUITY_RATIO":0.08644325492},{"SECUCODE":"03613.HK","SECURITY_CODE":"03613","SECURITY_NAME_ABBR":"同仁堂国药","ORG_CODE":"10052530","STD_REPORT_DATE":"2021-06-30 00:00:00","REPORT_DATE":"2021-06-30 00:00:00","DATE_TYPE_CODE":"002","REPORT_TYPE":"2021年中报","PER_NETCASH_OPERATE":0.349139614956,"PER_OI":0.699809000693,"BPS":3.066538348011,"BASIC_EPS":0.2662656,"DILUTED_EPS":0.2662656,"OPERATE_INCOME":585810114.48,"OPERATE_INCOME_YOY":24.0751608588,"GROSS_PROFIT":416171468.64,"GROSS_PROFIT_YOY":17.009130470178,"HOLDER_PROFIT":222346753.44,"HOLDER_PROFIT_YOY":17.9353870598,"GROSS_PROFIT_RATIO":71.042042182802,"EPS_TTM":0.563770381173,"OPERATE_INCOME_QOQ":6.097591170529,"NET_PROFIT_RATIO":41.2932101001,"ROE_AVG":8.757616515647,"GROSS_PROFIT_QOQ":7.543269109321,"ROA":7.711955915519,"HOLDER_PROFIT_QOQ":3.368618633369,"ROE_YEARLY":17.515233031295,"ROIC_YEARLY":36.937822985473,"TOTAL_ASSETS":2923095375.84,"TOTAL_LIABILITIES":249141393.6,"TAX_EBT":16.49182776549,"OCF_SALES":49.890700835617,"TOTAL_PARENT_EQUITY":2566999251.12,"DEBT_ASSET_RATIO":8.5232043969,"OPERATE_PROFIT":289073744.88,"PRETAX_PROFIT":289672010.4,"NETCASH_OPERATE":292264771.68,"NETCASH_INVEST":314533728.72,"NETCASH_FINANCE":-194602710,"END_CASH":1599516536.88,"DIVI_RATIO":0.530451066581,"DIVIDEND_RATE":3.961584633854,"CURRENT_RATIO":13.755047137273,"COMMON_ACS":null,"CURRENTDEBT_DEBT":72.623739229176,"ISSUED_COMMON_SHARES":837100000,"HK_COMMON_SHARES":837100000,"PER_SHARES":1000,"TOTAL_MARKET_CAP":6973043000,"HKSK_MARKET_CAP":6973043000,"PE_TTM":14.111615246845,"PB_TTM":1.832162303408,"REPORT_DATE_SQ":"2020-06-30 00:00:00","REPORT_TYPE_SQ":"2020年中报","OPERATE_INCOME_SQ":518306865.12,"DPS_HKD":0.33,"OPERATE_INCOME_QOQ_SQ":-15.989760575936,"NET_PROFIT_RATIO_SQ":41.6058214066,"HOLDER_PROFIT_SQ":206967235.2,"HOLDER_PROFIT_QOQ_SQ":-21.771515946535,"ROE_AVG_SQ":8.478143653983,"PE_TTM_SQ":11.501050515075,"PB_TTM_SQ":2.234980994315,"ROA_SQ":7.187291138582,"START_DATE":"2021-01-01 00:00:00","FISCAL_YEAR":"12-31","CURRENCY":"HKD","IS_CNY_CODE":0,"DPS_HKD_LY":0.24,"ORG_TYPE":"一般企业","PREMIUM_INCOME":null,"PREMIUM_INCOME_YOY":null,"NET_INTEREST_INCOME":null,"NET_INTEREST_INCOME_YOY":null,"FEE_COMMISSION_INCOME":null,"FEE_COMMISSION_INCOME_YOY":null,"ACCOUNTS_RECE_TDAYS":1.217528525921,"INVENTORY_TDAYS":0.419582851833,"CURRENT_ASSETS_TDAYS":0.237688433219,"TOTAL_ASSETS_TDAYS":0.203184517329,"PREMIUM_EXPENSE":null,"LOAN_DEPOSIT":null,"LOAN_EQUITY":null,"LOAN_ASSETS":null,"DEPOSIT_EQUITY":null,"DEPOSIT_ASSETS":null,"EQUITY_MULTIPLIER":1.093173403602,"EQUITY_RATIO":0.097055499136},{"SECUCODE":"03613.HK","SECURITY_CODE":"03613","SECURITY_NAME_ABBR":"同仁堂国药","ORG_CODE":"10052530","STD_REPORT_DATE":"2020-12-31 00:00:00","REPORT_DATE":"2020-12-31 00:00:00","DATE_TYPE_CODE":"001","REPORT_TYPE":"2020年年报","PER_NETCASH_OPERATE":0.116683417226,"PER_OI":1.322479760411,"BPS":3.033854308876,"BASIC_EPS":0.547066,"DILUTED_EPS":0.547066,"OPERATE_INCOME":1107047807.44,"OPERATE_INCOME_YOY":-8.1867499819,"GROSS_PROFIT":802001280.92,"GROSS_PROFIT_YOY":-11.600110384823,"HOLDER_PROFIT":456552667.84,"HOLDER_PROFIT_YOY":-2.4566728644,"GROSS_PROFIT_RATIO":72.445044877926,"EPS_TTM":0.545398002437,"OPERATE_INCOME_QOQ":2.68290443167,"NET_PROFIT_RATIO":43.1735071989,"ROE_AVG":19.11069070053,"GROSS_PROFIT_QOQ":9.176543588107,"ROA":16.55017550711,"HOLDER_PROFIT_QOQ":17.154144375192,"ROE_YEARLY":19.11069070053,"ROIC_YEARLY":43.024217262557,"TOTAL_ASSETS":2875857789.16,"TOTAL_LIABILITIES":241936992.76,"TAX_EBT":17.205840544107,"OCF_SALES":8.823077730118,"TOTAL_PARENT_EQUITY":2539639441.96,"DEBT_ASSET_RATIO":8.4126897259,"OPERATE_PROFIT":563396340.92,"PRETAX_PROFIT":577276667.8,"NETCASH_OPERATE":97675688.56,"NETCASH_INVEST":426482553.92,"NETCASH_FINANCE":-222443768.72,"END_CASH":1200212305.6,"DIVI_RATIO":0.548319940051,"DIVIDEND_RATE":3.961584633854,"CURRENT_RATIO":13.539844702146,"COMMON_ACS":null,"CURRENTDEBT_DEBT":75.355441993467,"ISSUED_COMMON_SHARES":837100000,"HK_COMMON_SHARES":837100000,"PER_SHARES":1000,"TOTAL_MARKET_CAP":6973043000,"HKSK_MARKET_CAP":6973043000,"PE_TTM":14.111615246845,"PB_TTM":1.832162303408,"REPORT_DATE_SQ":"2019-12-31 00:00:00","REPORT_TYPE_SQ":"2019年年报","OPERATE_INCOME_SQ":1283323092.96,"DPS_HKD":0.33,"OPERATE_INCOME_QOQ_SQ":-8.958376569434,"NET_PROFIT_RATIO_SQ":40.2651902233,"HOLDER_PROFIT_SQ":498159382.04,"HOLDER_PROFIT_QOQ_SQ":-11.829180861543,"ROE_AVG_SQ":19.9858116471,"PE_TTM_SQ":11.501050515075,"PB_TTM_SQ":2.234980994315,"ROA_SQ":17.628220469566,"START_DATE":"2020-01-01 00:00:00","FISCAL_YEAR":"12-31","CURRENCY":"HKD","IS_CNY_CODE":0,"DPS_HKD_LY":0.23,"ORG_TYPE":"一般企业","PREMIUM_INCOME":null,"PREMIUM_INCOME_YOY":null,"NET_INTEREST_INCOME":null,"NET_INTEREST_INCOME_YOY":null,"FEE_COMMISSION_INCOME":null,"FEE_COMMISSION_INCOME_YOY":null,"ACCOUNTS_RECE_TDAYS":2.775887575525,"INVENTORY_TDAYS":0.890999489899,"CURRENT_ASSETS_TDAYS":0.471723914343,"TOTAL_ASSETS_TDAYS":0.401308256385,"PREMIUM_EXPENSE":null,"LOAN_DEPOSIT":null,"LOAN_EQUITY":null,"LOAN_ASSETS":null,"DEPOSIT_EQUITY":null,"DEPOSIT_ASSETS":null,"EQUITY_MULTIPLIER":1.091854315851,"EQUITY_RATIO":0.095264307509},{"SECUCODE":"03613.HK","SECURITY_CODE":"03613","SECURITY_NAME_ABBR":"同仁堂国药","ORG_CODE":"10052530","STD_REPORT_DATE":"2020-06-30 00:00:00","REPORT_DATE":"2020-06-30 00:00:00","DATE_TYPE_CODE":"002","REPORT_TYPE":"2020年中报","PER_NETCASH_OPERATE":0.058036339553,"PER_OI":0.61916959159,"BPS":2.930446681735,"BASIC_EPS":0.2466288,"DILUTED_EPS":0.2466288,"OPERATE_INCOME":518306865.12,"OPERATE_INCOME_YOY":-31.0111430604,"GROSS_PROFIT":355674353.76,"GROSS_PROFIT_YOY":-32.678941955671,"HOLDER_PROFIT":206967235.2,"HOLDER_PROFIT_YOY":-36.8109879384,"GROSS_PROFIT_RATIO":68.622350521569,"EPS_TTM":0.465538803894,"OPERATE_INCOME_QOQ":-15.989760575936,"NET_PROFIT_RATIO":41.6058214066,"ROE_AVG":8.478143653983,"GROSS_PROFIT_QOQ":-19.03032766023,"ROA":7.187291138582,"HOLDER_PROFIT_QOQ":-21.771515946535,"ROE_YEARLY":16.956287307967,"ROIC_YEARLY":39.103238382543,"TOTAL_ASSETS":2892587707.68,"TOTAL_LIABILITIES":342362792.64,"TAX_EBT":15.226977298679,"OCF_SALES":9.373254168407,"TOTAL_PARENT_EQUITY":2453076917.28,"DEBT_ASSET_RATIO":11.8358655722,"OPERATE_PROFIT":244165252.32,"PRETAX_PROFIT":254380251.84,"NETCASH_OPERATE":48582219.84,"NETCASH_INVEST":732042690.72,"NETCASH_FINANCE":-207322563.36,"END_CASH":1535264280,"DIVI_RATIO":0.642379534205,"DIVIDEND_RATE":3.961584633854,"CURRENT_RATIO":8.71971236873,"COMMON_ACS":null,"CURRENTDEBT_DEBT":82.036306782709,"ISSUED_COMMON_SHARES":837100000,"HK_COMMON_SHARES":837100000,"PER_SHARES":1000,"TOTAL_MARKET_CAP":6973043000,"HKSK_MARKET_CAP":6973043000,"PE_TTM":14.111615246845,"PB_TTM":1.832162303408,"REPORT_DATE_SQ":"2019-06-30 00:00:00","REPORT_TYPE_SQ":"2019年中报","OPERATE_INCOME_SQ":723507155.1,"DPS_HKD":0.33,"OPERATE_INCOME_QOQ_SQ":6.268199829047,"NET_PROFIT_RATIO_SQ":45.0732840113,"HOLDER_PROFIT_SQ":315424084.5,"HOLDER_PROFIT_QOQ_SQ":11.038453936662,"ROE_AVG_SQ":12.002432118016,"PE_TTM_SQ":11.501050515075,"PB_TTM_SQ":2.234980994315,"ROA_SQ":10.737548209668,"START_DATE":"2020-01-01 00:00:00","FISCAL_YEAR":"12-31","CURRENCY":"HKD","IS_CNY_CODE":0,"DPS_HKD_LY":0.23,"ORG_TYPE":"一般企业","PREMIUM_INCOME":null,"PREMIUM_INCOME_YOY":null,"NET_INTEREST_INCOME":null,"NET_INTEREST_INCOME_YOY":null,"FEE_COMMISSION_INCOME":null,"FEE_COMMISSION_INCOME_YOY":null,"ACCOUNTS_RECE_TDAYS":1.458348539911,"INVENTORY_TDAYS":0.46126165337,"CURRENT_ASSETS_TDAYS":0.21311958138,"TOTAL_ASSETS_TDAYS":0.179990921517,"PREMIUM_EXPENSE":null,"LOAN_DEPOSIT":null,"LOAN_EQUITY":null,"LOAN_ASSETS":null,"DEPOSIT_EQUITY":null,"DEPOSIT_ASSETS":null,"EQUITY_MULTIPLIER":1.134248077736,"EQUITY_RATIO":0.139564638283}],"count":39},"success":true,"message":"ok","code":0}