{"version":"674498cdd9c6cb480752ee7fd85a0f15","result":{"pages":7,"data":[{"SECUCODE":"03618.HK","SECURITY_CODE":"03618","SECURITY_NAME_ABBR":"重庆农村商业银行","ORG_CODE":"10141741","STD_REPORT_DATE":"2024-09-30 00:00:00","REPORT_DATE":"2024-09-30 00:00:00","DATE_TYPE_CODE":"004","REPORT_TYPE":"2024年三季报","PER_NETCASH_OPERATE":1.742955005723,"PER_OI":1.891590208682,"BPS":10.971606322092,"BASIC_EPS":0.89,"DILUTED_EPS":0.89,"OPERATE_INCOME":21482790000,"OPERATE_INCOME_YOY":-1.9095654245,"GROSS_PROFIT":null,"GROSS_PROFIT_YOY":null,"HOLDER_PROFIT":10307963000,"HOLDER_PROFIT_YOY":3.5462612262,"GROSS_PROFIT_RATIO":null,"EPS_TTM":0.991052478648,"OPERATE_INCOME_QOQ":-0.68975651834,"NET_PROFIT_RATIO":49.2214186332,"ROE_AVG":8.155809917834,"GROSS_PROFIT_QOQ":null,"ROA":0.696618212814,"HOLDER_PROFIT_QOQ":-0.170046622683,"ROE_YEARLY":10.874413223779,"ROIC_YEARLY":0.723960773747,"TOTAL_ASSETS":1517907587000,"TOTAL_LIABILITIES":1385390233000,"TAX_EBT":9.058513835074,"OCF_SALES":92.142314848304,"TOTAL_PARENT_EQUITY":130602181000,"DEBT_ASSET_RATIO":91.2697350527,"OPERATE_PROFIT":11627404000,"PRETAX_PROFIT":11627404000,"NETCASH_OPERATE":19794740000,"NETCASH_INVEST":-52450902000,"NETCASH_FINANCE":46262938000,"END_CASH":56808706000,"DIVI_RATIO":0.483386635684,"DIVIDEND_RATE":10.627782258065,"CURRENT_RATIO":null,"COMMON_ACS":null,"CURRENTDEBT_DEBT":null,"ISSUED_COMMON_SHARES":11357000000,"HK_COMMON_SHARES":2513336041,"PER_SHARES":1000,"TOTAL_MARKET_CAP":56330720000,"HKSK_MARKET_CAP":12466146763.36,"PE_TTM":4.466221262705,"PB_TTM":0.407677624287,"REPORT_DATE_SQ":"2023-09-30 00:00:00","REPORT_TYPE_SQ":"2023年三季报","OPERATE_INCOME_SQ":21901004000,"DPS_HKD":0.527138,"OPERATE_INCOME_QOQ_SQ":-0.679270948046,"NET_PROFIT_RATIO_SQ":46.3183423007,"HOLDER_PROFIT_SQ":9954935000,"HOLDER_PROFIT_QOQ_SQ":0.973974927547,"ROE_AVG_SQ":8.483240326842,"PE_TTM_SQ":2.939053449326,"PB_TTM_SQ":0.284613915141,"ROA_SQ":0.711016527765,"START_DATE":"2024-01-01 00:00:00","FISCAL_YEAR":"12-31","CURRENCY":"HKD","IS_CNY_CODE":0,"DPS_HKD_LY":0.527138,"ORG_TYPE":"银行","PREMIUM_INCOME":null,"PREMIUM_INCOME_YOY":null,"NET_INTEREST_INCOME":16700395000,"NET_INTEREST_INCOME_YOY":-6.942011868346,"FEE_COMMISSION_INCOME":1269080000,"FEE_COMMISSION_INCOME_YOY":null,"ACCOUNTS_RECE_TDAYS":null,"INVENTORY_TDAYS":null,"CURRENT_ASSETS_TDAYS":null,"TOTAL_ASSETS_TDAYS":0.014518196055,"PREMIUM_EXPENSE":null,"LOAN_DEPOSIT":82.588706949245,"LOAN_EQUITY":5.857655798047,"LOAN_ASSETS":51.138887086938,"DEPOSIT_EQUITY":7.092562669188,"DEPOSIT_ASSETS":61.919951257217,"EQUITY_MULTIPLIER":11.454406092329,"EQUITY_RATIO":10.607711313795},{"SECUCODE":"03618.HK","SECURITY_CODE":"03618","SECURITY_NAME_ABBR":"重庆农村商业银行","ORG_CODE":"10141741","STD_REPORT_DATE":"2024-06-30 00:00:00","REPORT_DATE":"2024-06-30 00:00:00","DATE_TYPE_CODE":"002","REPORT_TYPE":"2024年中报","PER_NETCASH_OPERATE":3.961729329929,"PER_OI":1.289263537906,"BPS":10.725907281853,"BASIC_EPS":0.64,"DILUTED_EPS":0.64,"OPERATE_INCOME":14642166000,"OPERATE_INCOME_YOY":-1.5262716818,"GROSS_PROFIT":null,"GROSS_PROFIT_YOY":null,"HOLDER_PROFIT":7358215000,"HOLDER_PROFIT_YOY":5.3277870145,"GROSS_PROFIT_RATIO":null,"EPS_TTM":0.992740600511,"OPERATE_INCOME_QOQ":-0.039198165725,"NET_PROFIT_RATIO":51.6364450451,"ROE_AVG":5.886912357725,"GROSS_PROFIT_QOQ":null,"ROA":0.498552222562,"HOLDER_PROFIT_QOQ":7.629551477786,"ROE_YEARLY":11.77382471545,"ROIC_YEARLY":1.036717265971,"TOTAL_ASSETS":1510311123000,"TOTAL_LIABILITIES":1380610865000,"TAX_EBT":8.355379760568,"OCF_SALES":307.286230739359,"TOTAL_PARENT_EQUITY":127811777000,"DEBT_ASSET_RATIO":91.4123483549,"OPERATE_PROFIT":8250014000,"PRETAX_PROFIT":8250014000,"NETCASH_OPERATE":44993360000,"NETCASH_INVEST":-48293990000,"NETCASH_FINANCE":24684319000,"END_CASH":64598144000,"DIVI_RATIO":0.482564653036,"DIVIDEND_RATE":11.263632478632,"CURRENT_RATIO":null,"COMMON_ACS":null,"CURRENTDEBT_DEBT":null,"ISSUED_COMMON_SHARES":11357000000,"HK_COMMON_SHARES":2513336041,"PER_SHARES":1000,"TOTAL_MARKET_CAP":53150760000,"HKSK_MARKET_CAP":11762412671.88,"PE_TTM":4.214095868843,"PB_TTM":0.384663564851,"REPORT_DATE_SQ":"2023-06-30 00:00:00","REPORT_TYPE_SQ":"2023年中报","OPERATE_INCOME_SQ":14869109000,"DPS_HKD":0.527138,"OPERATE_INCOME_QOQ_SQ":-0.631851157444,"NET_PROFIT_RATIO_SQ":47.8879265731,"HOLDER_PROFIT_SQ":6986015000,"HOLDER_PROFIT_QOQ_SQ":2.59119909749,"ROE_AVG_SQ":6.021660026657,"PE_TTM_SQ":2.808012849674,"PB_TTM_SQ":0.271924122746,"ROA_SQ":0.500593612929,"START_DATE":"2024-01-01 00:00:00","FISCAL_YEAR":"12-31","CURRENCY":"HKD","IS_CNY_CODE":0,"DPS_HKD_LY":0.527138,"ORG_TYPE":"银行","PREMIUM_INCOME":null,"PREMIUM_INCOME_YOY":null,"NET_INTEREST_INCOME":11081037000,"NET_INTEREST_INCOME_YOY":-7.992098024747,"FEE_COMMISSION_INCOME":898600000,"FEE_COMMISSION_INCOME_YOY":null,"ACCOUNTS_RECE_TDAYS":null,"INVENTORY_TDAYS":null,"CURRENT_ASSETS_TDAYS":null,"TOTAL_ASSETS_TDAYS":0.009920727245,"PREMIUM_EXPENSE":null,"LOAN_DEPOSIT":81.341866677605,"LOAN_EQUITY":5.905567967336,"LOAN_ASSETS":50.714960469771,"DEPOSIT_EQUITY":7.260182497093,"DEPOSIT_ASSETS":62.347918164673,"EQUITY_MULTIPLIER":11.644626975182,"EQUITY_RATIO":10.801906501934},{"SECUCODE":"03618.HK","SECURITY_CODE":"03618","SECURITY_NAME_ABBR":"重庆农村商业银行","ORG_CODE":"10141741","STD_REPORT_DATE":"2024-03-31 00:00:00","REPORT_DATE":"2024-03-31 00:00:00","DATE_TYPE_CODE":"003","REPORT_TYPE":"2024年一季报","PER_NETCASH_OPERATE":6.155202430219,"PER_OI":0.627408822752,"BPS":10.625812450471,"BASIC_EPS":0.31,"DILUTED_EPS":0.31,"OPERATE_INCOME":7125482000,"OPERATE_INCOME_YOY":-2.9430974463,"GROSS_PROFIT":null,"GROSS_PROFIT_YOY":null,"HOLDER_PROFIT":3524329000,"HOLDER_PROFIT_YOY":-10.8069647083,"GROSS_PROFIT_RATIO":null,"EPS_TTM":0.922368054944,"OPERATE_INCOME_QOQ":-0.772857388999,"NET_PROFIT_RATIO":51.3879201435,"ROE_AVG":2.832506677982,"GROSS_PROFIT_QOQ":null,"ROA":0.24031878961,"HOLDER_PROFIT_QOQ":-3.916777613644,"ROE_YEARLY":11.330026711926,"ROIC_YEARLY":1.001195860705,"TOTAL_ASSETS":1491522827000,"TOTAL_LIABILITIES":1363024517000,"TAX_EBT":3.376816317268,"OCF_SALES":981.051302915368,"TOTAL_PARENT_EQUITY":126675000000,"DEBT_ASSET_RATIO":91.3847573987,"OPERATE_PROFIT":3789605000,"PRETAX_PROFIT":3789605000,"NETCASH_OPERATE":69904634000,"NETCASH_INVEST":-21228032000,"NETCASH_FINANCE":-24159771000,"END_CASH":67727691000,"DIVI_RATIO":0.519382171653,"DIVIDEND_RATE":11.263632478632,"CURRENT_RATIO":null,"COMMON_ACS":null,"CURRENTDEBT_DEBT":null,"ISSUED_COMMON_SHARES":11357000000,"HK_COMMON_SHARES":2513336041,"PER_SHARES":1000,"TOTAL_MARKET_CAP":53150760000,"HKSK_MARKET_CAP":11762412671.88,"PE_TTM":4.214095868843,"PB_TTM":0.384663564851,"REPORT_DATE_SQ":"2023-03-31 00:00:00","REPORT_TYPE_SQ":"2023年一季报","OPERATE_INCOME_SQ":7341551000,"DPS_HKD":0.527138,"OPERATE_INCOME_QOQ_SQ":-0.855309956308,"NET_PROFIT_RATIO_SQ":54.6713494192,"HOLDER_PROFIT_SQ":3951350000,"HOLDER_PROFIT_QOQ_SQ":3.232705053752,"ROE_AVG_SQ":3.415926804219,"PE_TTM_SQ":2.808012849674,"PB_TTM_SQ":0.271924122746,"ROA_SQ":0.283790524961,"START_DATE":"2024-01-01 00:00:00","FISCAL_YEAR":"12-31","CURRENCY":"HKD","IS_CNY_CODE":0,"DPS_HKD_LY":0.527138,"ORG_TYPE":"银行","PREMIUM_INCOME":null,"PREMIUM_INCOME_YOY":null,"NET_INTEREST_INCOME":5518734000,"NET_INTEREST_INCOME_YOY":-9.184402397489,"FEE_COMMISSION_INCOME":523374000,"FEE_COMMISSION_INCOME_YOY":null,"ACCOUNTS_RECE_TDAYS":null,"INVENTORY_TDAYS":null,"CURRENT_ASSETS_TDAYS":null,"TOTAL_ASSETS_TDAYS":0.004858760943,"PREMIUM_EXPENSE":null,"LOAN_DEPOSIT":79.284862444312,"LOAN_EQUITY":5.871231909587,"LOAN_ASSETS":50.582087269657,"DEPOSIT_EQUITY":7.405236924906,"DEPOSIT_ASSETS":63.797912628259,"EQUITY_MULTIPLIER":11.607334189859,"EQUITY_RATIO":10.760011975528},{"SECUCODE":"03618.HK","SECURITY_CODE":"03618","SECURITY_NAME_ABBR":"重庆农村商业银行","ORG_CODE":"10141741","STD_REPORT_DATE":"2023-12-31 00:00:00","REPORT_DATE":"2023-12-31 00:00:00","DATE_TYPE_CODE":"001","REPORT_TYPE":"2023年年报","PER_NETCASH_OPERATE":3.474454609492,"PER_OI":2.461667958088,"BPS":10.229472660034,"BASIC_EPS":0.94,"DILUTED_EPS":0.94,"OPERATE_INCOME":27957163000,"OPERATE_INCOME_YOY":-3.400528953,"GROSS_PROFIT":null,"GROSS_PROFIT_YOY":null,"HOLDER_PROFIT":10902355000,"HOLDER_PROFIT_YOY":6.0997176411,"GROSS_PROFIT_RATIO":null,"EPS_TTM":0.959967861231,"OPERATE_INCOME_QOQ":-1.277034863478,"NET_PROFIT_RATIO":39.7935656061,"ROE_AVG":9.243306655862,"GROSS_PROFIT_QOQ":null,"ROA":0.78046130789,"HOLDER_PROFIT_QOQ":-0.784994287269,"ROE_YEARLY":9.243306655862,"ROIC_YEARLY":0.813109233202,"TOTAL_ASSETS":1441522072000,"TOTAL_LIABILITIES":1317580322000,"TAX_EBT":8.779371513626,"OCF_SALES":141.142293300647,"TOTAL_PARENT_EQUITY":122173769000,"DEBT_ASSET_RATIO":91.4020220427,"OPERATE_PROFIT":12195873000,"PRETAX_PROFIT":12195873000,"NETCASH_OPERATE":39459381000,"NETCASH_INVEST":30839538000,"NETCASH_FINANCE":-58624596000,"END_CASH":43210418000,"DIVI_RATIO":0.499039127024,"DIVIDEND_RATE":11.263632478632,"CURRENT_RATIO":null,"COMMON_ACS":null,"CURRENTDEBT_DEBT":null,"ISSUED_COMMON_SHARES":11357000000,"HK_COMMON_SHARES":2513336041,"PER_SHARES":1000,"TOTAL_MARKET_CAP":53150760000,"HKSK_MARKET_CAP":11762412671.88,"PE_TTM":4.214095868843,"PB_TTM":0.384663564851,"REPORT_DATE_SQ":"2022-12-31 00:00:00","REPORT_TYPE_SQ":"2022年年报","OPERATE_INCOME_SQ":28941321000,"DPS_HKD":0.527138,"OPERATE_INCOME_QOQ_SQ":-4.461197633492,"NET_PROFIT_RATIO_SQ":36.2037517223,"HOLDER_PROFIT_SQ":10275574000,"HOLDER_PROFIT_QOQ_SQ":2.242442043962,"ROE_AVG_SQ":9.397976783959,"PE_TTM_SQ":2.808012849674,"PB_TTM_SQ":0.271924122746,"ROA_SQ":0.784816592864,"START_DATE":"2023-01-01 00:00:00","FISCAL_YEAR":"12-31","CURRENCY":"HKD","IS_CNY_CODE":0,"DPS_HKD_LY":0.301784,"ORG_TYPE":"银行","PREMIUM_INCOME":null,"PREMIUM_INCOME_YOY":null,"NET_INTEREST_INCOME":23493109000,"NET_INTEREST_INCOME_YOY":-7.52287472665,"FEE_COMMISSION_INCOME":1791288000,"FEE_COMMISSION_INCOME_YOY":null,"ACCOUNTS_RECE_TDAYS":null,"INVENTORY_TDAYS":null,"CURRENT_ASSETS_TDAYS":null,"TOTAL_ASSETS_TDAYS":0.020013551201,"PREMIUM_EXPENSE":null,"LOAN_DEPOSIT":82.625108286106,"LOAN_EQUITY":5.97448448969,"LOAN_ASSETS":51.368485948511,"DEPOSIT_EQUITY":7.230834081333,"DEPOSIT_ASSETS":62.170552044104,"EQUITY_MULTIPLIER":11.630641587665,"EQUITY_RATIO":10.784477983977},{"SECUCODE":"03618.HK","SECURITY_CODE":"03618","SECURITY_NAME_ABBR":"重庆农村商业银行","ORG_CODE":"10141741","STD_REPORT_DATE":"2023-09-30 00:00:00","REPORT_DATE":"2023-09-30 00:00:00","DATE_TYPE_CODE":"004","REPORT_TYPE":"2023年三季报","PER_NETCASH_OPERATE":0.877307387514,"PER_OI":1.928414546095,"BPS":10.123743242053,"BASIC_EPS":0.86,"DILUTED_EPS":0.86,"OPERATE_INCOME":21901004000,"OPERATE_INCOME_YOY":-2.7638529518,"GROSS_PROFIT":null,"GROSS_PROFIT_YOY":null,"HOLDER_PROFIT":9954935000,"HOLDER_PROFIT_YOY":7.7153124673,"GROSS_PROFIT_RATIO":null,"EPS_TTM":0.967563176895,"OPERATE_INCOME_QOQ":-0.679270948046,"NET_PROFIT_RATIO":46.3183423007,"ROE_AVG":8.483240326842,"GROSS_PROFIT_QOQ":null,"ROA":0.711016527765,"HOLDER_PROFIT_QOQ":0.973974927547,"ROE_YEARLY":11.310987102456,"ROIC_YEARLY":0.740162536702,"TOTAL_ASSETS":1447896672000,"TOTAL_LIABILITIES":1325001666000,"TAX_EBT":12.081481254858,"OCF_SALES":45.493713438891,"TOTAL_PARENT_EQUITY":120973000000,"DEBT_ASSET_RATIO":91.5121701447,"OPERATE_PROFIT":11538163000,"PRETAX_PROFIT":11538163000,"NETCASH_OPERATE":9963580000,"NETCASH_INVEST":21284445000,"NETCASH_FINANCE":-30874317000,"END_CASH":31908158000,"DIVI_RATIO":0.495121698386,"DIVIDEND_RATE":11.263632478632,"CURRENT_RATIO":null,"COMMON_ACS":null,"CURRENTDEBT_DEBT":null,"ISSUED_COMMON_SHARES":11357000000,"HK_COMMON_SHARES":2513336041,"PER_SHARES":1000,"TOTAL_MARKET_CAP":53150760000,"HKSK_MARKET_CAP":11762412671.88,"PE_TTM":4.214095868843,"PB_TTM":0.384663564851,"REPORT_DATE_SQ":"2022-09-30 00:00:00","REPORT_TYPE_SQ":"2022年三季报","OPERATE_INCOME_SQ":22523521000,"DPS_HKD":0.527138,"OPERATE_INCOME_QOQ_SQ":-2.206327856608,"NET_PROFIT_RATIO_SQ":41.8152605891,"HOLDER_PROFIT_SQ":9241894000,"HOLDER_PROFIT_QOQ_SQ":-1.52098486423,"ROE_AVG_SQ":8.484855935258,"PE_TTM_SQ":2.808012849674,"PB_TTM_SQ":0.271924122746,"ROA_SQ":0.711697553336,"START_DATE":"2023-01-01 00:00:00","FISCAL_YEAR":"12-31","CURRENCY":"HKD","IS_CNY_CODE":0,"DPS_HKD_LY":0.301784,"ORG_TYPE":"银行","PREMIUM_INCOME":null,"PREMIUM_INCOME_YOY":null,"NET_INTEREST_INCOME":17946224000,"NET_INTEREST_INCOME_YOY":-4.768428214726,"FEE_COMMISSION_INCOME":1405484000,"FEE_COMMISSION_INCOME_YOY":null,"ACCOUNTS_RECE_TDAYS":null,"INVENTORY_TDAYS":null,"CURRENT_ASSETS_TDAYS":null,"TOTAL_ASSETS_TDAYS":0.015642468603,"PREMIUM_EXPENSE":null,"LOAN_DEPOSIT":81.646143366096,"LOAN_EQUITY":6.031248495159,"LOAN_ASSETS":51.192211041977,"DEPOSIT_EQUITY":7.387058649072,"DEPOSIT_ASSETS":62.700096944487,"EQUITY_MULTIPLIER":11.781574525502,"EQUITY_RATIO":10.952871020806},{"SECUCODE":"03618.HK","SECURITY_CODE":"03618","SECURITY_NAME_ABBR":"重庆农村商业银行","ORG_CODE":"10141741","STD_REPORT_DATE":"2023-06-30 00:00:00","REPORT_DATE":"2023-06-30 00:00:00","DATE_TYPE_CODE":"002","REPORT_TYPE":"2023年中报","PER_NETCASH_OPERATE":1.764643215638,"PER_OI":1.309246191776,"BPS":9.888911596372,"BASIC_EPS":0.61,"DILUTED_EPS":0.61,"OPERATE_INCOME":14869109000,"OPERATE_INCOME_YOY":-2.8032515993,"GROSS_PROFIT":null,"GROSS_PROFIT_YOY":null,"HOLDER_PROFIT":6986015000,"HOLDER_PROFIT_YOY":9.5163825873,"GROSS_PROFIT_RATIO":null,"EPS_TTM":0.958230254469,"OPERATE_INCOME_QOQ":-0.631851157444,"NET_PROFIT_RATIO":47.8879265731,"ROE_AVG":6.021660026657,"GROSS_PROFIT_QOQ":null,"ROA":0.500593612929,"HOLDER_PROFIT_QOQ":2.59119909749,"ROE_YEARLY":12.043320053314,"ROIC_YEARLY":1.043611368934,"TOTAL_ASSETS":1438791098000,"TOTAL_LIABILITIES":1318617829000,"TAX_EBT":13.348512487511,"OCF_SALES":134.783146723855,"TOTAL_PARENT_EQUITY":118306017000,"DEBT_ASSET_RATIO":91.6476221484,"OPERATE_PROFIT":8217410000,"PRETAX_PROFIT":8217410000,"NETCASH_OPERATE":20041053000,"NETCASH_INVEST":6697266000,"NETCASH_FINANCE":-30858357000,"END_CASH":27416817000,"DIVI_RATIO":0.499944059589,"DIVIDEND_RATE":11.263632478632,"CURRENT_RATIO":null,"COMMON_ACS":null,"CURRENTDEBT_DEBT":null,"ISSUED_COMMON_SHARES":11357000000,"HK_COMMON_SHARES":2513336041,"PER_SHARES":1000,"TOTAL_MARKET_CAP":53150760000,"HKSK_MARKET_CAP":11762412671.88,"PE_TTM":4.214095868843,"PB_TTM":0.384663564851,"REPORT_DATE_SQ":"2022-06-30 00:00:00","REPORT_TYPE_SQ":"2022年中报","OPERATE_INCOME_SQ":15297949000,"DPS_HKD":0.527138,"OPERATE_INCOME_QOQ_SQ":0.07941432164,"NET_PROFIT_RATIO_SQ":42.4650912354,"HOLDER_PROFIT_SQ":6378968000,"HOLDER_PROFIT_QOQ_SQ":2.768190341483,"ROE_AVG_SQ":5.935207464896,"PE_TTM_SQ":2.808012849674,"PB_TTM_SQ":0.271924122746,"ROA_SQ":0.49400601486,"START_DATE":"2023-01-01 00:00:00","FISCAL_YEAR":"12-31","CURRENCY":"HKD","IS_CNY_CODE":0,"DPS_HKD_LY":0.301784,"ORG_TYPE":"银行","PREMIUM_INCOME":null,"PREMIUM_INCOME_YOY":null,"NET_INTEREST_INCOME":12043571000,"NET_INTEREST_INCOME_YOY":-5.842241985145,"FEE_COMMISSION_INCOME":992318000,"FEE_COMMISSION_INCOME_YOY":null,"ACCOUNTS_RECE_TDAYS":null,"INVENTORY_TDAYS":null,"CURRENT_ASSETS_TDAYS":null,"TOTAL_ASSETS_TDAYS":0.010654687966,"PREMIUM_EXPENSE":null,"LOAN_DEPOSIT":81.580057216982,"LOAN_EQUITY":6.126532057641,"LOAN_ASSETS":51.171110665295,"DEPOSIT_EQUITY":7.509840353931,"DEPOSIT_ASSETS":62.725024241149,"EQUITY_MULTIPLIER":11.972638424259,"EQUITY_RATIO":11.145822185866},{"SECUCODE":"03618.HK","SECURITY_CODE":"03618","SECURITY_NAME_ABBR":"重庆农村商业银行","ORG_CODE":"10141741","STD_REPORT_DATE":"2023-03-31 00:00:00","REPORT_DATE":"2023-03-31 00:00:00","DATE_TYPE_CODE":"003","REPORT_TYPE":"2023年一季报","PER_NETCASH_OPERATE":3.361000352206,"PER_OI":0.646434005459,"BPS":9.828960288809,"BASIC_EPS":0.35,"DILUTED_EPS":0.35,"OPERATE_INCOME":7341551000,"OPERATE_INCOME_YOY":-3.2617617213,"GROSS_PROFIT":null,"GROSS_PROFIT_YOY":null,"HOLDER_PROFIT":3951350000,"HOLDER_PROFIT_YOY":9.178317355,"GROSS_PROFIT_RATIO":null,"EPS_TTM":0.934027736198,"OPERATE_INCOME_QOQ":-0.855309956308,"NET_PROFIT_RATIO":54.6713494192,"ROE_AVG":3.415926804219,"GROSS_PROFIT_QOQ":null,"ROA":0.283790524961,"HOLDER_PROFIT_QOQ":3.232705053752,"ROE_YEARLY":13.663707216875,"ROIC_YEARLY":1.183362675923,"TOTAL_ASSETS":1432393558000,"TOTAL_LIABILITIES":1312973312000,"TAX_EBT":15.116208247277,"OCF_SALES":519.92938549361,"TOTAL_PARENT_EQUITY":117625112000,"DEBT_ASSET_RATIO":91.6628886431,"OPERATE_PROFIT":4728494000,"PRETAX_PROFIT":4728494000,"NETCASH_OPERATE":38170881000,"NETCASH_INVEST":-26076030000,"NETCASH_FINANCE":-16608660000,"END_CASH":26997573000,"DIVI_RATIO":0.512898605549,"DIVIDEND_RATE":11.263632478632,"CURRENT_RATIO":null,"COMMON_ACS":null,"CURRENTDEBT_DEBT":null,"ISSUED_COMMON_SHARES":11357000000,"HK_COMMON_SHARES":2513336041,"PER_SHARES":1000,"TOTAL_MARKET_CAP":53150760000,"HKSK_MARKET_CAP":11762412671.88,"PE_TTM":4.214095868843,"PB_TTM":0.384663564851,"REPORT_DATE_SQ":"2022-03-31 00:00:00","REPORT_TYPE_SQ":"2022年一季报","OPERATE_INCOME_SQ":7589089000,"DPS_HKD":0.527138,"OPERATE_INCOME_QOQ_SQ":0.330372988994,"NET_PROFIT_RATIO_SQ":48.366793432,"HOLDER_PROFIT_SQ":3619171000,"HOLDER_PROFIT_QOQ_SQ":3.879009287835,"ROE_AVG_SQ":3.395360546752,"PE_TTM_SQ":2.808012849674,"PB_TTM_SQ":0.271924122746,"ROA_SQ":0.280996078037,"START_DATE":"2023-01-01 00:00:00","FISCAL_YEAR":"12-31","CURRENCY":"HKD","IS_CNY_CODE":0,"DPS_HKD_LY":0.301784,"ORG_TYPE":"银行","PREMIUM_INCOME":null,"PREMIUM_INCOME_YOY":null,"NET_INTEREST_INCOME":6076857000,"NET_INTEREST_INCOME_YOY":-6.113518024867,"FEE_COMMISSION_INCOME":522433000,"FEE_COMMISSION_INCOME_YOY":null,"ACCOUNTS_RECE_TDAYS":null,"INVENTORY_TDAYS":null,"CURRENT_ASSETS_TDAYS":null,"TOTAL_ASSETS_TDAYS":0.0052727868,"PREMIUM_EXPENSE":null,"LOAN_DEPOSIT":80.206999260334,"LOAN_EQUITY":6.036410986794,"LOAN_ASSETS":50.326230593115,"DEPOSIT_EQUITY":7.526040174126,"DEPOSIT_ASSETS":62.745435008442,"EQUITY_MULTIPLIER":11.994562111401,"EQUITY_RATIO":11.162355467088},{"SECUCODE":"03618.HK","SECURITY_CODE":"03618","SECURITY_NAME_ABBR":"重庆农村商业银行","ORG_CODE":"10141741","STD_REPORT_DATE":"2022-12-31 00:00:00","REPORT_DATE":"2022-12-31 00:00:00","DATE_TYPE_CODE":"001","REPORT_TYPE":"2022年年报","PER_NETCASH_OPERATE":6.242948930175,"PER_OI":2.54832446949,"BPS":9.485416395175,"BASIC_EPS":0.89,"DILUTED_EPS":0.89,"OPERATE_INCOME":28941321000,"OPERATE_INCOME_YOY":-6.1859837301,"GROSS_PROFIT":null,"GROSS_PROFIT_YOY":null,"HOLDER_PROFIT":10275574000,"HOLDER_PROFIT_YOY":7.4883555556,"GROSS_PROFIT_RATIO":null,"EPS_TTM":0.904778902879,"OPERATE_INCOME_QOQ":-4.461197633492,"NET_PROFIT_RATIO":36.2037517223,"ROE_AVG":9.397976783959,"GROSS_PROFIT_QOQ":null,"ROA":0.784816592864,"HOLDER_PROFIT_QOQ":2.242442043962,"ROE_YEARLY":9.397976783959,"ROIC_YEARLY":0.82168942117,"TOTAL_ASSETS":1352301245000,"TOTAL_LIABILITIES":1236844964000,"TAX_EBT":9.36119539121,"OCF_SALES":244.982497516268,"TOTAL_PARENT_EQUITY":113723522000,"DEBT_ASSET_RATIO":91.4622365818,"OPERATE_PROFIT":11559998000,"PRETAX_PROFIT":11559998000,"NETCASH_OPERATE":70901171000,"NETCASH_INVEST":-15314933000,"NETCASH_FINANCE":-59932401000,"END_CASH":31518342000,"DIVI_RATIO":0.529479104691,"DIVIDEND_RATE":11.263632478632,"CURRENT_RATIO":null,"COMMON_ACS":null,"CURRENTDEBT_DEBT":null,"ISSUED_COMMON_SHARES":11357000000,"HK_COMMON_SHARES":2513336041,"PER_SHARES":1000,"TOTAL_MARKET_CAP":53150760000,"HKSK_MARKET_CAP":11762412671.88,"PE_TTM":4.214095868843,"PB_TTM":0.384663564851,"REPORT_DATE_SQ":"2021-12-31 00:00:00","REPORT_TYPE_SQ":"2021年年报","OPERATE_INCOME_SQ":30849677000,"DPS_HKD":0.527138,"OPERATE_INCOME_QOQ_SQ":1.90044166459,"NET_PROFIT_RATIO_SQ":31.5022876901,"HOLDER_PROFIT_SQ":9559709000,"HOLDER_PROFIT_QOQ_SQ":1.875504131252,"ROE_AVG_SQ":9.626055965045,"PE_TTM_SQ":2.808012849674,"PB_TTM_SQ":0.271924122746,"ROA_SQ":0.795761187081,"START_DATE":"2022-01-01 00:00:00","FISCAL_YEAR":"12-31","CURRENCY":"HKD","IS_CNY_CODE":0,"DPS_HKD_LY":0.296561,"ORG_TYPE":"银行","PREMIUM_INCOME":null,"PREMIUM_INCOME_YOY":null,"NET_INTEREST_INCOME":25404238000,"NET_INTEREST_INCOME_YOY":-3.16587890893,"FEE_COMMISSION_INCOME":1913204000,"FEE_COMMISSION_INCOME_YOY":null,"ACCOUNTS_RECE_TDAYS":null,"INVENTORY_TDAYS":null,"CURRENT_ASSETS_TDAYS":null,"TOTAL_ASSETS_TDAYS":0.022104486757,"PREMIUM_EXPENSE":null,"LOAN_DEPOSIT":83.365823511077,"LOAN_EQUITY":5.956572037861,"LOAN_ASSETS":50.855802842953,"DEPOSIT_EQUITY":7.145100698333,"DEPOSIT_ASSETS":61.003179361859,"EQUITY_MULTIPLIER":11.712669361021,"EQUITY_RATIO":10.875893942152},{"SECUCODE":"03618.HK","SECURITY_CODE":"03618","SECURITY_NAME_ABBR":"重庆农村商业银行","ORG_CODE":"10141741","STD_REPORT_DATE":"2022-09-30 00:00:00","REPORT_DATE":"2022-09-30 00:00:00","DATE_TYPE_CODE":"004","REPORT_TYPE":"2022年三季报","PER_NETCASH_OPERATE":7.087683014881,"PER_OI":1.983228053183,"BPS":9.412170995862,"BASIC_EPS":0.8,"DILUTED_EPS":0.8,"OPERATE_INCOME":22523521000,"OPERATE_INCOME_YOY":-2.4130240396,"GROSS_PROFIT":null,"GROSS_PROFIT_YOY":null,"HOLDER_PROFIT":9241894000,"HOLDER_PROFIT_YOY":5.6047610216,"GROSS_PROFIT_RATIO":null,"EPS_TTM":0.884934753896,"OPERATE_INCOME_QOQ":-2.206327856608,"NET_PROFIT_RATIO":41.8152605891,"ROE_AVG":8.484855935258,"GROSS_PROFIT_QOQ":null,"ROA":0.711697553336,"HOLDER_PROFIT_QOQ":-1.52098486423,"ROE_YEARLY":11.31314124701,"ROIC_YEARLY":0.747031871205,"TOTAL_ASSETS":1330849667000,"TOTAL_LIABILITIES":1216251114000,"TAX_EBT":11.573819011856,"OCF_SALES":357.381139476372,"TOTAL_PARENT_EQUITY":112891674000,"DEBT_ASSET_RATIO":91.3890685145,"OPERATE_PROFIT":10650996000,"PRETAX_PROFIT":10650996000,"NETCASH_OPERATE":80494816000,"NETCASH_INVEST":685301000,"NETCASH_FINANCE":-83774047000,"END_CASH":33287851000,"DIVI_RATIO":0.541352366749,"DIVIDEND_RATE":11.263632478632,"CURRENT_RATIO":null,"COMMON_ACS":null,"CURRENTDEBT_DEBT":null,"ISSUED_COMMON_SHARES":11357000000,"HK_COMMON_SHARES":2513336041,"PER_SHARES":1000,"TOTAL_MARKET_CAP":53150760000,"HKSK_MARKET_CAP":11762412671.88,"PE_TTM":4.214095868843,"PB_TTM":0.384663564851,"REPORT_DATE_SQ":"2021-09-30 00:00:00","REPORT_TYPE_SQ":"2021年三季报","OPERATE_INCOME_SQ":23080458000,"DPS_HKD":0.527138,"OPERATE_INCOME_QOQ_SQ":2.867646389247,"NET_PROFIT_RATIO_SQ":38.4898601232,"HOLDER_PROFIT_SQ":8751399000,"HOLDER_PROFIT_QOQ_SQ":4.825608783811,"ROE_AVG_SQ":8.848221459662,"PE_TTM_SQ":2.808012849674,"PB_TTM_SQ":0.271924122746,"ROA_SQ":0.732914735018,"START_DATE":"2022-01-01 00:00:00","FISCAL_YEAR":"12-31","CURRENCY":"HKD","IS_CNY_CODE":0,"DPS_HKD_LY":0.296561,"ORG_TYPE":"银行","PREMIUM_INCOME":null,"PREMIUM_INCOME_YOY":null,"NET_INTEREST_INCOME":18844826000,"NET_INTEREST_INCOME_YOY":-5.002777856334,"FEE_COMMISSION_INCOME":1471858000,"FEE_COMMISSION_INCOME_YOY":null,"ACCOUNTS_RECE_TDAYS":null,"INVENTORY_TDAYS":null,"CURRENT_ASSETS_TDAYS":null,"TOTAL_ASSETS_TDAYS":0.017344858952,"PREMIUM_EXPENSE":null,"LOAN_DEPOSIT":82.960448569516,"LOAN_EQUITY":5.962464028669,"LOAN_ASSETS":51.342369235458,"DEPOSIT_EQUITY":7.187116428948,"DEPOSIT_ASSETS":61.887767147783,"EQUITY_MULTIPLIER":11.613145473099,"EQUITY_RATIO":10.773612179761}],"count":62},"success":true,"message":"ok","code":0}