{"version":"215ea5c166dc9265b436c2bb0a1fd6a4","result":{"pages":3,"data":[{"SECUCODE":"03626.HK","SECURITY_CODE":"03626","SECURITY_NAME_ABBR":"HSSP INTL","ORG_CODE":"10504420","STD_REPORT_DATE":"2023-12-31 00:00:00","REPORT_DATE":"2024-06-30 00:00:00","DATE_TYPE_CODE":"001","REPORT_TYPE":"2023年年报","PER_NETCASH_OPERATE":0.012648554348,"PER_OI":0.347354103478,"BPS":0.199886840435,"BASIC_EPS":-0.01186484,"DILUTED_EPS":-0.01186484,"OPERATE_INCOME":63913155.04,"OPERATE_INCOME_YOY":28.6948211857,"GROSS_PROFIT":18864182.92,"GROSS_PROFIT_YOY":117.711343603377,"HOLDER_PROFIT":-2185868.6,"HOLDER_PROFIT_YOY":90.7760446755,"GROSS_PROFIT_RATIO":29.515336722454,"EPS_TTM":-0.093335190978,"OPERATE_INCOME_QOQ":4.09770581984,"NET_PROFIT_RATIO":-3.2929685269,"ROE_AVG":-5.76990255008,"GROSS_PROFIT_QOQ":30.82047837486,"ROA":-3.718972973393,"HOLDER_PROFIT_QOQ":28.261314229546,"ROE_YEARLY":-5.76990255008,"ROIC_YEARLY":-9.218452300764,"TOTAL_ASSETS":62064065.36,"TOTAL_LIABILITIES":25174452.44,"TAX_EBT":4.076539101498,"OCF_SALES":3.641400582624,"TOTAL_PARENT_EQUITY":36779178.64,"DEBT_ASSET_RATIO":40.5620422929,"OPERATE_PROFIT":-1594451.96,"PRETAX_PROFIT":-2194082.72,"NETCASH_OPERATE":2327334,"NETCASH_INVEST":-3809526.32,"NETCASH_FINANCE":-7267670.84,"END_CASH":30634104.2,"DIVI_RATIO":null,"DIVIDEND_RATE":null,"CURRENT_RATIO":2.360833421025,"COMMON_ACS":760000000,"CURRENTDEBT_DEBT":68.904760178371,"ISSUED_COMMON_SHARES":184000000,"HK_COMMON_SHARES":184000000,"PER_SHARES":2000,"TOTAL_MARKET_CAP":71760000,"HKSK_MARKET_CAP":71760000,"PE_TTM":-29.9624217119,"PB_TTM":1.780733535163,"REPORT_DATE_SQ":"2022-12-31 00:00:00","REPORT_TYPE_SQ":"2022年年报","OPERATE_INCOME_SQ":50168619.72,"DPS_HKD":null,"OPERATE_INCOME_QOQ_SQ":-13.833076278003,"NET_PROFIT_RATIO_SQ":-47.717499173,"HOLDER_PROFIT_SQ":-23939210.7,"HOLDER_PROFIT_QOQ_SQ":-335.101589157136,"ROE_AVG_SQ":-47.437220816472,"PE_TTM_SQ":-2.055074138263,"PB_TTM_SQ":1.277992000575,"ROA_SQ":-34.669461765452,"START_DATE":"2023-07-01 00:00:00","FISCAL_YEAR":"6-30","CURRENCY":"HKD","IS_CNY_CODE":0,"DPS_HKD_LY":null,"ORG_TYPE":"一般企业","PREMIUM_INCOME":null,"PREMIUM_INCOME_YOY":null,"NET_INTEREST_INCOME":null,"NET_INTEREST_INCOME_YOY":null,"FEE_COMMISSION_INCOME":null,"FEE_COMMISSION_INCOME_YOY":null,"ACCOUNTS_RECE_TDAYS":8.745847383539,"INVENTORY_TDAYS":17.361589869856,"CURRENT_ASSETS_TDAYS":1.423087474725,"TOTAL_ASSETS_TDAYS":1.087399746892,"PREMIUM_EXPENSE":null,"LOAN_DEPOSIT":null,"LOAN_EQUITY":null,"LOAN_ASSETS":null,"DEPOSIT_EQUITY":null,"DEPOSIT_ASSETS":null,"EQUITY_MULTIPLIER":1.682426581559,"EQUITY_RATIO":0.68447565636},{"SECUCODE":"03626.HK","SECURITY_CODE":"03626","SECURITY_NAME_ABBR":"HSSP INTL","ORG_CODE":"10504420","STD_REPORT_DATE":"2023-06-30 00:00:00","REPORT_DATE":"2023-12-31 00:00:00","DATE_TYPE_CODE":"002","REPORT_TYPE":"2023年中报","PER_NETCASH_OPERATE":-0.014277890109,"PER_OI":0.139759809457,"BPS":0.188956720217,"BASIC_EPS":-0.016674448,"DILUTED_EPS":-0.016674448,"OPERATE_INCOME":25715804.94,"OPERATE_INCOME_YOY":7.1355759429,"GROSS_PROFIT":7601373.36,"GROSS_PROFIT_YOY":54.159480482312,"HOLDER_PROFIT":-3069367.14,"HOLDER_PROFIT_YOY":69.2370572207,"GROSS_PROFIT_RATIO":29.559150015858,"EPS_TTM":-0.130104405978,"OPERATE_INCOME_QOQ":-9.837804172538,"NET_PROFIT_RATIO":-11.9357225922,"ROE_AVG":-8.35419621385,"GROSS_PROFIT_QOQ":-31.931618981847,"ROA":-5.877861270673,"HOLDER_PROFIT_QOQ":-67.761065383482,"ROE_YEARLY":-16.708392427699,"ROIC_YEARLY":-39.286646367986,"TOTAL_ASSETS":49342772.78,"TOTAL_LIABILITIES":14574736.26,"TAX_EBT":0.147405660377,"OCF_SALES":-10.21602001621,"TOTAL_PARENT_EQUITY":34768036.52,"DEBT_ASSET_RATIO":29.5377325571,"OPERATE_PROFIT":-2828312.62,"PRETAX_PROFIT":-3073898.24,"NETCASH_OPERATE":-2627131.78,"NETCASH_INVEST":507483.2,"NETCASH_FINANCE":-2903528.88,"END_CASH":34082027.98,"DIVI_RATIO":null,"DIVIDEND_RATE":null,"CURRENT_RATIO":3.506532880964,"COMMON_ACS":760000000,"CURRENTDEBT_DEBT":86.134427656532,"ISSUED_COMMON_SHARES":184000000,"HK_COMMON_SHARES":184000000,"PER_SHARES":2000,"TOTAL_MARKET_CAP":64400000,"HKSK_MARKET_CAP":64400000,"PE_TTM":-26.889352818372,"PB_TTM":1.598094198223,"REPORT_DATE_SQ":"2022-06-30 00:00:00","REPORT_TYPE_SQ":"2022年中报","OPERATE_INCOME_SQ":23660042.49,"DPS_HKD":null,"OPERATE_INCOME_QOQ_SQ":8.674198490833,"NET_PROFIT_RATIO_SQ":-41.5675614452,"HOLDER_PROFIT_SQ":-9834902.7,"HOLDER_PROFIT_QOQ_SQ":-45.630555781869,"ROE_AVG_SQ":-17.697265844759,"PE_TTM_SQ":-2.232235701906,"PB_TTM_SQ":1.388163724762,"ROA_SQ":-13.384797738808,"START_DATE":"2023-07-01 00:00:00","FISCAL_YEAR":"6-30","CURRENCY":"HKD","IS_CNY_CODE":0,"DPS_HKD_LY":null,"ORG_TYPE":"一般企业","PREMIUM_INCOME":null,"PREMIUM_INCOME_YOY":null,"NET_INTEREST_INCOME":null,"NET_INTEREST_INCOME_YOY":null,"FEE_COMMISSION_INCOME":null,"FEE_COMMISSION_INCOME_YOY":null,"ACCOUNTS_RECE_TDAYS":3.991700661134,"INVENTORY_TDAYS":5.596024636058,"CURRENT_ASSETS_TDAYS":0.555741605711,"TOTAL_ASSETS_TDAYS":0.492459608143,"PREMIUM_EXPENSE":null,"LOAN_DEPOSIT":null,"LOAN_EQUITY":null,"LOAN_ASSETS":null,"DEPOSIT_EQUITY":null,"DEPOSIT_ASSETS":null,"EQUITY_MULTIPLIER":1.41919929104,"EQUITY_RATIO":0.419199291039},{"SECUCODE":"03626.HK","SECURITY_CODE":"03626","SECURITY_NAME_ABBR":"HSSP INTL","ORG_CODE":"10504420","STD_REPORT_DATE":"2022-12-31 00:00:00","REPORT_DATE":"2023-06-30 00:00:00","DATE_TYPE_CODE":"001","REPORT_TYPE":"2022年年报","PER_NETCASH_OPERATE":-0.036728877174,"PER_OI":0.272655541957,"BPS":0.209214298587,"BASIC_EPS":-0.130091378,"DILUTED_EPS":-0.130091378,"OPERATE_INCOME":50168619.72,"OPERATE_INCOME_YOY":-27.9380214541,"GROSS_PROFIT":8664768.04,"GROSS_PROFIT_YOY":-55.186076011308,"HOLDER_PROFIT":-23939210.7,"HOLDER_PROFIT_YOY":-577.0534550196,"GROSS_PROFIT_RATIO":17.271290476716,"EPS_TTM":-0.077553397554,"OPERATE_INCOME_QOQ":-13.833076278003,"NET_PROFIT_RATIO":-47.717499173,"ROE_AVG":-47.437220816472,"GROSS_PROFIT_QOQ":-34.163376125046,"ROA":-34.669461765452,"HOLDER_PROFIT_QOQ":-335.101589157136,"ROE_YEARLY":-47.437220816472,"ROIC_YEARLY":-106.658724942491,"TOTAL_ASSETS":56053618.06,"TOTAL_LIABILITIES":16667554.44,"TAX_EBT":1.360027352505,"OCF_SALES":-13.470797956408,"TOTAL_PARENT_EQUITY":39386063.62,"DEBT_ASSET_RATIO":31.3239140089,"OPERATE_PROFIT":-23630347.4,"PRETAX_PROFIT":-24269279.54,"NETCASH_OPERATE":-6758113.4,"NETCASH_INVEST":760633.5,"NETCASH_FINANCE":-7642292.22,"END_CASH":39785280.96,"DIVI_RATIO":null,"DIVIDEND_RATE":null,"CURRENT_RATIO":3.352974326863,"COMMON_ACS":760000000,"CURRENTDEBT_DEBT":81.47472065494,"ISSUED_COMMON_SHARES":184000000,"HK_COMMON_SHARES":184000000,"PER_SHARES":2000,"TOTAL_MARKET_CAP":64400000,"HKSK_MARKET_CAP":64400000,"PE_TTM":-26.889352818372,"PB_TTM":1.598094198223,"REPORT_DATE_SQ":"2021-12-31 00:00:00","REPORT_TYPE_SQ":"2021年年报","OPERATE_INCOME_SQ":64575396.9,"DPS_HKD":null,"OPERATE_INCOME_QOQ_SQ":13.959493672595,"NET_PROFIT_RATIO_SQ":-5.0787975103,"HOLDER_PROFIT_SQ":-3279653.65,"HOLDER_PROFIT_QOQ_SQ":8.470926272437,"ROE_AVG_SQ":-5.507248458042,"PE_TTM_SQ":-2.232235701906,"PB_TTM_SQ":1.388163724762,"ROA_SQ":-4.339658937887,"START_DATE":"2022-07-01 00:00:00","FISCAL_YEAR":"6-30","CURRENCY":"HKD","IS_CNY_CODE":0,"DPS_HKD_LY":null,"ORG_TYPE":"一般企业","PREMIUM_INCOME":null,"PREMIUM_INCOME_YOY":null,"NET_INTEREST_INCOME":null,"NET_INTEREST_INCOME_YOY":null,"FEE_COMMISSION_INCOME":null,"FEE_COMMISSION_INCOME_YOY":null,"ACCOUNTS_RECE_TDAYS":8.297346752059,"INVENTORY_TDAYS":12.616591928251,"CURRENT_ASSETS_TDAYS":0.896810877627,"TOTAL_ASSETS_TDAYS":0.726556554017,"PREMIUM_EXPENSE":null,"LOAN_DEPOSIT":null,"LOAN_EQUITY":null,"LOAN_ASSETS":null,"DEPOSIT_EQUITY":null,"DEPOSIT_ASSETS":null,"EQUITY_MULTIPLIER":1.456110938136,"EQUITY_RATIO":0.423184063297},{"SECUCODE":"03626.HK","SECURITY_CODE":"03626","SECURITY_NAME_ABBR":"HSSP INTL","ORG_CODE":"10504420","STD_REPORT_DATE":"2022-06-30 00:00:00","REPORT_DATE":"2022-12-31 00:00:00","DATE_TYPE_CODE":"002","REPORT_TYPE":"2022年中报","PER_NETCASH_OPERATE":-0.004912985,"PER_OI":0.128587187446,"BPS":0.275301930217,"BASIC_EPS":-0.053417546,"DILUTED_EPS":-0.053417546,"OPERATE_INCOME":23660042.49,"OPERATE_INCOME_YOY":-33.5565924142,"GROSS_PROFIT":4930850.4,"GROSS_PROFIT_YOY":-57.258089570207,"HOLDER_PROFIT":-9834902.7,"HOLDER_PROFIT_YOY":-879.1932059448,"GROSS_PROFIT_RATIO":20.840412277721,"EPS_TTM":-0.01782420462,"OPERATE_INCOME_QOQ":8.674198490833,"NET_PROFIT_RATIO":-41.5675614452,"ROE_AVG":-17.697265844759,"GROSS_PROFIT_QOQ":5.369640265358,"ROA":-13.384797738808,"HOLDER_PROFIT_QOQ":-45.630555781869,"ROE_YEARLY":-35.394531689518,"ROIC_YEARLY":-81.867866304792,"TOTAL_ASSETS":67465110.02,"TOTAL_LIABILITIES":16809554.86,"TAX_EBT":3.378674857394,"OCF_SALES":-3.820742250916,"TOTAL_PARENT_EQUITY":50655555.16,"DEBT_ASSET_RATIO":24.9159229934,"OPERATE_PROFIT":-9879566.2,"PRETAX_PROFIT":-10178811.65,"NETCASH_OPERATE":-903989.24,"NETCASH_INVEST":-2679.81,"NETCASH_FINANCE":-3712430.12,"END_CASH":47142324.25,"DIVI_RATIO":null,"DIVIDEND_RATE":null,"CURRENT_RATIO":4.010549589387,"COMMON_ACS":760000000,"CURRENTDEBT_DEBT":84.121585715804,"ISSUED_COMMON_SHARES":184000000,"HK_COMMON_SHARES":184000000,"PER_SHARES":2000,"TOTAL_MARKET_CAP":64400000,"HKSK_MARKET_CAP":64400000,"PE_TTM":-26.889352818372,"PB_TTM":1.598094198223,"REPORT_DATE_SQ":"2021-06-30 00:00:00","REPORT_TYPE_SQ":"2021年中报","OPERATE_INCOME_SQ":32592806.4,"DPS_HKD":null,"OPERATE_INCOME_QOQ_SQ":6.751371559059,"NET_PROFIT_RATIO_SQ":3.544551475,"HOLDER_PROFIT_SQ":1155268.8,"HOLDER_PROFIT_QOQ_SQ":74.159523642732,"ROE_AVG_SQ":1.955452224275,"PE_TTM_SQ":-2.232235701906,"PB_TTM_SQ":1.388163724762,"ROA_SQ":1.602967702413,"START_DATE":"2022-07-01 00:00:00","FISCAL_YEAR":"6-30","CURRENCY":"HKD","IS_CNY_CODE":0,"DPS_HKD_LY":null,"ORG_TYPE":"一般企业","PREMIUM_INCOME":null,"PREMIUM_INCOME_YOY":null,"NET_INTEREST_INCOME":null,"NET_INTEREST_INCOME_YOY":null,"FEE_COMMISSION_INCOME":null,"FEE_COMMISSION_INCOME_YOY":null,"ACCOUNTS_RECE_TDAYS":4.419656265643,"INVENTORY_TDAYS":4.885704299196,"CURRENT_ASSETS_TDAYS":0.40348846066,"TOTAL_ASSETS_TDAYS":0.32200103334,"PREMIUM_EXPENSE":null,"LOAN_DEPOSIT":null,"LOAN_EQUITY":null,"LOAN_ASSETS":null,"DEPOSIT_EQUITY":null,"DEPOSIT_ASSETS":null,"EQUITY_MULTIPLIER":1.331840304719,"EQUITY_RATIO":0.331840304719},{"SECUCODE":"03626.HK","SECURITY_CODE":"03626","SECURITY_NAME_ABBR":"HSSP INTL","ORG_CODE":"10504420","STD_REPORT_DATE":"2021-12-31 00:00:00","REPORT_DATE":"2022-06-30 00:00:00","DATE_TYPE_CODE":"001","REPORT_TYPE":"2021年年报","PER_NETCASH_OPERATE":-0.000757586793,"PER_OI":0.350953244022,"BPS":0.31473780663,"BASIC_EPS":-0.017787952,"DILUTED_EPS":-0.017787952,"OPERATE_INCOME":64575396.9,"OPERATE_INCOME_YOY":20.4978855821,"GROSS_PROFIT":19334990.71,"GROSS_PROFIT_YOY":25.280015125928,"HOLDER_PROFIT":-3279653.65,"HOLDER_PROFIT_YOY":-29.6922556645,"GROSS_PROFIT_RATIO":29.941729572242,"EPS_TTM":-0.012239330217,"OPERATE_INCOME_QOQ":13.959493672595,"NET_PROFIT_RATIO":-5.0787975103,"ROE_AVG":-5.507248458042,"GROSS_PROFIT_QOQ":18.895741515705,"ROA":-4.339658937887,"HOLDER_PROFIT_QOQ":8.470926272437,"ROE_YEARLY":-5.507248458042,"ROIC_YEARLY":-13.515656663554,"TOTAL_ASSETS":76102502.91,"TOTAL_LIABILITIES":18190746.49,"TAX_EBT":6.004901960784,"OCF_SALES":-0.215865448285,"TOTAL_PARENT_EQUITY":57911756.42,"DEBT_ASSET_RATIO":23.9029542977,"OPERATE_PROFIT":-3196700.22,"PRETAX_PROFIT":-3489175.2,"NETCASH_OPERATE":-139395.97,"NETCASH_INVEST":-158210.15,"NETCASH_FINANCE":-3209528.07,"END_CASH":49554839.74,"DIVI_RATIO":null,"DIVIDEND_RATE":null,"CURRENT_RATIO":4.531983156206,"COMMON_ACS":760000000,"CURRENTDEBT_DEBT":70.335198157115,"ISSUED_COMMON_SHARES":184000000,"HK_COMMON_SHARES":184000000,"PER_SHARES":2000,"TOTAL_MARKET_CAP":64400000,"HKSK_MARKET_CAP":64400000,"PE_TTM":-26.889352818372,"PB_TTM":1.598094198223,"REPORT_DATE_SQ":"2020-12-31 00:00:00","REPORT_TYPE_SQ":"2020年年报","OPERATE_INCOME_SQ":52142293.2,"DPS_HKD":null,"OPERATE_INCOME_QOQ_SQ":-17.850986904795,"NET_PROFIT_RATIO_SQ":-4.7187425197,"HOLDER_PROFIT_SQ":-2460460.56,"HOLDER_PROFIT_QOQ_SQ":-7.287311052709,"ROE_AVG_SQ":-4.048937787119,"PE_TTM_SQ":-2.232235701906,"PB_TTM_SQ":1.388163724762,"ROA_SQ":-3.45395505303,"START_DATE":"2021-07-01 00:00:00","FISCAL_YEAR":"6-30","CURRENCY":"HKD","IS_CNY_CODE":0,"DPS_HKD_LY":null,"ORG_TYPE":"一般企业","PREMIUM_INCOME":null,"PREMIUM_INCOME_YOY":null,"NET_INTEREST_INCOME":null,"NET_INTEREST_INCOME_YOY":null,"FEE_COMMISSION_INCOME":null,"FEE_COMMISSION_INCOME_YOY":null,"ACCOUNTS_RECE_TDAYS":13.485132601125,"INVENTORY_TDAYS":13.157816192016,"CURRENT_ASSETS_TDAYS":1.082293585214,"TOTAL_ASSETS_TDAYS":0.854465831551,"PREMIUM_EXPENSE":null,"LOAN_DEPOSIT":null,"LOAN_EQUITY":null,"LOAN_ASSETS":null,"DEPOSIT_EQUITY":null,"DEPOSIT_ASSETS":null,"EQUITY_MULTIPLIER":1.31411146224,"EQUITY_RATIO":0.31411146224},{"SECUCODE":"03626.HK","SECURITY_CODE":"03626","SECURITY_NAME_ABBR":"HSSP INTL","ORG_CODE":"10504420","STD_REPORT_DATE":"2021-06-30 00:00:00","REPORT_DATE":"2021-12-31 00:00:00","DATE_TYPE_CODE":"002","REPORT_TYPE":"2021年中报","PER_NETCASH_OPERATE":0.005972034783,"PER_OI":0.177134817391,"BPS":0.324222834783,"BASIC_EPS":0.00629552,"DILUTED_EPS":0.00629552,"OPERATE_INCOME":32592806.4,"OPERATE_INCOME_YOY":32.5398144762,"GROSS_PROFIT":11536336,"GROSS_PROFIT_YOY":33.831010565187,"HOLDER_PROFIT":1155268.8,"HOLDER_PROFIT_YOY":25.6,"GROSS_PROFIT_RATIO":35.395344170179,"EPS_TTM":-0.013372068261,"OPERATE_INCOME_QOQ":6.751371559059,"NET_PROFIT_RATIO":3.544551475,"ROE_AVG":1.955452224275,"GROSS_PROFIT_QOQ":21.729710727296,"ROA":1.602967702413,"HOLDER_PROFIT_QOQ":74.159523642732,"ROE_YEARLY":3.91090444855,"ROIC_YEARLY":10.794911952328,"TOTAL_ASSETS":72394392,"TOTAL_LIABILITIES":12737390.4,"TAX_EBT":-1.21776504298,"OCF_SALES":3.371462974112,"TOTAL_PARENT_EQUITY":59657001.6,"DEBT_ASSET_RATIO":17.5944435033,"OPERATE_PROFIT":1250928,"PRETAX_PROFIT":1141369.6,"NETCASH_OPERATE":1098854.4,"NETCASH_INVEST":-62955.2,"NETCASH_FINANCE":-1161809.6,"END_CASH":50603716.8,"DIVI_RATIO":null,"DIVIDEND_RATE":null,"CURRENT_RATIO":5.65741093905,"COMMON_ACS":760000000,"CURRENTDEBT_DEBT":84.145323833365,"ISSUED_COMMON_SHARES":184000000,"HK_COMMON_SHARES":184000000,"PER_SHARES":2000,"TOTAL_MARKET_CAP":64400000,"HKSK_MARKET_CAP":64400000,"PE_TTM":-26.889352818372,"PB_TTM":1.598094198223,"REPORT_DATE_SQ":"2020-06-30 00:00:00","REPORT_TYPE_SQ":"2020年中报","OPERATE_INCOME_SQ":25314006.28,"DPS_HKD":null,"OPERATE_INCOME_QOQ_SQ":-16.287613829356,"NET_PROFIT_RATIO_SQ":3.7403996409,"HOLDER_PROFIT_SQ":946845,"HOLDER_PROFIT_QOQ_SQ":-2249.01703409803,"ROE_AVG_SQ":1.498551400313,"PE_TTM_SQ":-2.232235701906,"PB_TTM_SQ":1.388163724762,"ROA_SQ":1.31703719313,"START_DATE":"2021-07-01 00:00:00","FISCAL_YEAR":"6-30","CURRENCY":"HKD","IS_CNY_CODE":0,"DPS_HKD_LY":null,"ORG_TYPE":"一般企业","PREMIUM_INCOME":null,"PREMIUM_INCOME_YOY":null,"NET_INTEREST_INCOME":null,"NET_INTEREST_INCOME_YOY":null,"FEE_COMMISSION_INCOME":null,"FEE_COMMISSION_INCOME_YOY":null,"ACCOUNTS_RECE_TDAYS":6.32159847764,"INVENTORY_TDAYS":5.697157394094,"CURRENT_ASSETS_TDAYS":0.546467713524,"TOTAL_ASSETS_TDAYS":0.452234285131,"PREMIUM_EXPENSE":null,"LOAN_DEPOSIT":null,"LOAN_EQUITY":null,"LOAN_ASSETS":null,"DEPOSIT_EQUITY":null,"DEPOSIT_ASSETS":null,"EQUITY_MULTIPLIER":1.213510402105,"EQUITY_RATIO":0.213510402105},{"SECUCODE":"03626.HK","SECURITY_CODE":"03626","SECURITY_NAME_ABBR":"HSSP INTL","ORG_CODE":"10504420","STD_REPORT_DATE":"2020-12-31 00:00:00","REPORT_DATE":"2021-06-30 00:00:00","DATE_TYPE_CODE":"001","REPORT_TYPE":"2020年年报","PER_NETCASH_OPERATE":0.035598553043,"PER_OI":0.283382028261,"BPS":0.32357511,"BASIC_EPS":-0.013396488,"DILUTED_EPS":-0.013396488,"OPERATE_INCOME":52142293.2,"OPERATE_INCOME_YOY":-3.7300477778,"GROSS_PROFIT":15433419.84,"GROSS_PROFIT_YOY":-14.705781781966,"HOLDER_PROFIT":-2460460.56,"HOLDER_PROFIT_YOY":69.5656648827,"GROSS_PROFIT_RATIO":29.598659538818,"EPS_TTM":-0.051748536196,"OPERATE_INCOME_QOQ":-17.850986904795,"NET_PROFIT_RATIO":-4.7187425197,"ROE_AVG":-4.048937787119,"GROSS_PROFIT_QOQ":-29.931470543692,"ROA":-3.45395505303,"HOLDER_PROFIT_QOQ":-7.287311052709,"ROE_YEARLY":-4.048937787119,"ROIC_YEARLY":-11.230962057047,"TOTAL_ASSETS":73017516.24,"TOTAL_LIABILITIES":13479696,"TAX_EBT":16.914863725766,"OCF_SALES":12.562036224368,"TOTAL_PARENT_EQUITY":59537820.24,"DEBT_ASSET_RATIO":18.4609073194,"OPERATE_PROFIT":-2770826.4,"PRETAX_PROFIT":-2961372.72,"NETCASH_OPERATE":6550133.76,"NETCASH_INVEST":-569142.72,"NETCASH_FINANCE":-1381252.8,"END_CASH":51628067.76,"DIVI_RATIO":null,"DIVIDEND_RATE":null,"CURRENT_RATIO":5.804660948374,"COMMON_ACS":760000000,"CURRENTDEBT_DEBT":76.283950617284,"ISSUED_COMMON_SHARES":184000000,"HK_COMMON_SHARES":184000000,"PER_SHARES":2000,"TOTAL_MARKET_CAP":64400000,"HKSK_MARKET_CAP":64400000,"PE_TTM":-26.889352818372,"PB_TTM":1.598094198223,"REPORT_DATE_SQ":"2019-12-31 00:00:00","REPORT_TYPE_SQ":"2019年年报","OPERATE_INCOME_SQ":59458549.92,"DPS_HKD":null,"OPERATE_INCOME_QOQ_SQ":-1.735542490056,"NET_PROFIT_RATIO_SQ":-14.9263361652,"HOLDER_PROFIT_SQ":-8874983.04,"HOLDER_PROFIT_QOQ_SQ":-71.803279986896,"ROE_AVG_SQ":-11.571074695122,"PE_TTM_SQ":-2.232235701906,"PB_TTM_SQ":1.388163724762,"ROA_SQ":-10.421482240254,"START_DATE":"2020-07-01 00:00:00","FISCAL_YEAR":"6-30","CURRENCY":"HKD","IS_CNY_CODE":0,"DPS_HKD_LY":null,"ORG_TYPE":"一般企业","PREMIUM_INCOME":null,"PREMIUM_INCOME_YOY":null,"NET_INTEREST_INCOME":null,"NET_INTEREST_INCOME_YOY":null,"FEE_COMMISSION_INCOME":null,"FEE_COMMISSION_INCOME_YOY":null,"ACCOUNTS_RECE_TDAYS":11.156311198148,"INVENTORY_TDAYS":11.661908538197,"CURRENT_ASSETS_TDAYS":0.898990043899,"TOTAL_ASSETS_TDAYS":0.731965145073,"PREMIUM_EXPENSE":null,"LOAN_DEPOSIT":null,"LOAN_EQUITY":null,"LOAN_ASSETS":null,"DEPOSIT_EQUITY":null,"DEPOSIT_ASSETS":null,"EQUITY_MULTIPLIER":1.226405601442,"EQUITY_RATIO":0.226405601442},{"SECUCODE":"03626.HK","SECURITY_CODE":"03626","SECURITY_NAME_ABBR":"HSSP INTL","ORG_CODE":"10504420","STD_REPORT_DATE":"2020-06-30 00:00:00","REPORT_DATE":"2020-12-31 00:00:00","DATE_TYPE_CODE":"002","REPORT_TYPE":"2020年中报","PER_NETCASH_OPERATE":0.025221755217,"PER_OI":0.137576121087,"BPS":0.345964355435,"BASIC_EPS":0.005134004,"DILUTED_EPS":0.005134004,"OPERATE_INCOME":25314006.28,"OPERATE_INCOME_YOY":-25.0099730727,"GROSS_PROFIT":8620076.88,"GROSS_PROFIT_YOY":-38.585842720136,"HOLDER_PROFIT":946845,"HOLDER_PROFIT_YOY":-36.7622259696,"GROSS_PROFIT_RATIO":34.052598330951,"EPS_TTM":-0.048233603478,"OPERATE_INCOME_QOQ":-16.287613829356,"NET_PROFIT_RATIO":3.7403996409,"ROE_AVG":1.498551400313,"GROSS_PROFIT_QOQ":-27.279456924843,"ROA":1.31703719313,"HOLDER_PROFIT_QOQ":-2249.01703409803,"ROE_YEARLY":2.997102800626,"ROIC_YEARLY":8.562621303802,"TOTAL_ASSETS":73531561.88,"TOTAL_LIABILITIES":9874120.48,"TAX_EBT":-28.424657534247,"OCF_SALES":18.332945440037,"TOTAL_PARENT_EQUITY":63657441.4,"DEBT_ASSET_RATIO":13.428411185,"OPERATE_PROFIT":807132.76,"PRETAX_PROFIT":737276.64,"NETCASH_OPERATE":4640802.96,"NETCASH_INVEST":88372.2,"NETCASH_FINANCE":-313931.72,"END_CASH":51983894.6,"DIVI_RATIO":null,"DIVIDEND_RATE":null,"CURRENT_RATIO":8.156187954997,"COMMON_ACS":760000000,"CURRENTDEBT_DEBT":77.2758267985,"ISSUED_COMMON_SHARES":184000000,"HK_COMMON_SHARES":184000000,"PER_SHARES":2000,"TOTAL_MARKET_CAP":64400000,"HKSK_MARKET_CAP":64400000,"PE_TTM":-26.889352818372,"PB_TTM":1.598094198223,"REPORT_DATE_SQ":"2019-06-30 00:00:00","REPORT_TYPE_SQ":"2019年中报","OPERATE_INCOME_SQ":35927944.24,"DPS_HKD":null,"OPERATE_INCOME_QOQ_SQ":-13.140722374801,"NET_PROFIT_RATIO_SQ":4.435524085,"HOLDER_PROFIT_SQ":1593592.62,"HOLDER_PROFIT_QOQ_SQ":-83.398073378654,"ROE_AVG_SQ":1.982934944352,"PE_TTM_SQ":-2.232235701906,"PB_TTM_SQ":1.388163724762,"ROA_SQ":1.76204036152,"START_DATE":"2020-07-01 00:00:00","FISCAL_YEAR":"6-30","CURRENCY":"HKD","IS_CNY_CODE":0,"DPS_HKD_LY":null,"ORG_TYPE":"一般企业","PREMIUM_INCOME":null,"PREMIUM_INCOME_YOY":null,"NET_INTEREST_INCOME":null,"NET_INTEREST_INCOME_YOY":null,"FEE_COMMISSION_INCOME":null,"FEE_COMMISSION_INCOME_YOY":null,"ACCOUNTS_RECE_TDAYS":4.722034696601,"INVENTORY_TDAYS":4.956891165813,"CURRENT_ASSETS_TDAYS":0.424750391888,"TOTAL_ASSETS_TDAYS":0.352111356958,"PREMIUM_EXPENSE":null,"LOAN_DEPOSIT":null,"LOAN_EQUITY":null,"LOAN_ASSETS":null,"DEPOSIT_EQUITY":null,"DEPOSIT_ASSETS":null,"EQUITY_MULTIPLIER":1.155113373438,"EQUITY_RATIO":0.155113373438},{"SECUCODE":"03626.HK","SECURITY_CODE":"03626","SECURITY_NAME_ABBR":"HSSP INTL","ORG_CODE":"10504420","STD_REPORT_DATE":"2019-12-31 00:00:00","REPORT_DATE":"2020-06-30 00:00:00","DATE_TYPE_CODE":"001","REPORT_TYPE":"2019年年报","PER_NETCASH_OPERATE":-0.015702232174,"PER_OI":0.323144293043,"BPS":0.369893556522,"BASIC_EPS":-0.048229632,"DILUTED_EPS":-0.048229632,"OPERATE_INCOME":59458549.92,"OPERATE_INCOME_YOY":-20.7825240355,"GROSS_PROFIT":18094332.96,"GROSS_PROFIT_YOY":-28.428359846946,"HOLDER_PROFIT":-8874983.04,"HOLDER_PROFIT_YOY":-683.5435435435,"GROSS_PROFIT_RATIO":30.431843669826,"EPS_TTM":0.002244449565,"OPERATE_INCOME_QOQ":-1.735542490056,"NET_PROFIT_RATIO":-14.9263361652,"ROE_AVG":-11.571074695122,"GROSS_PROFIT_QOQ":-1.579887709193,"ROA":-10.421482240254,"HOLDER_PROFIT_QOQ":-71.803279986896,"ROE_YEARLY":-11.571074695122,"ROIC_YEARLY":-31.9185282523,"TOTAL_ASSETS":76245750.24,"TOTAL_LIABILITIES":8185335.84,"TAX_EBT":4.067930489731,"OCF_SALES":-4.859201450233,"TOTAL_PARENT_EQUITY":68060414.4,"DEBT_ASSET_RATIO":10.7354650118,"OPERATE_PROFIT":-9088728,"PRETAX_PROFIT":-9251320.32,"NETCASH_OPERATE":-2889210.72,"NETCASH_INVEST":527968.32,"NETCASH_FINANCE":-9096035.52,"END_CASH":51626715.36,"DIVI_RATIO":null,"DIVIDEND_RATE":null,"CURRENT_RATIO":11.338247612665,"COMMON_ACS":760000000,"CURRENTDEBT_DEBT":66.61086932262,"ISSUED_COMMON_SHARES":184000000,"HK_COMMON_SHARES":184000000,"PER_SHARES":2000,"TOTAL_MARKET_CAP":64400000,"HKSK_MARKET_CAP":64400000,"PE_TTM":-26.889352818372,"PB_TTM":1.598094198223,"REPORT_DATE_SQ":"2018-12-31 00:00:00","REPORT_TYPE_SQ":"2018年年报","OPERATE_INCOME_SQ":72281662.2,"DPS_HKD":null,"OPERATE_INCOME_QOQ_SQ":-7.636282881414,"NET_PROFIT_RATIO_SQ":2.026286966,"HOLDER_PROFIT_SQ":1464633.9,"HOLDER_PROFIT_QOQ_SQ":-17.685258537094,"ROE_AVG_SQ":1.713077520616,"PE_TTM_SQ":-2.232235701906,"PB_TTM_SQ":1.388163724762,"ROA_SQ":1.552476503058,"START_DATE":"2019-07-01 00:00:00","FISCAL_YEAR":"6-30","CURRENCY":"HKD","IS_CNY_CODE":0,"DPS_HKD_LY":0.05,"ORG_TYPE":"一般企业","PREMIUM_INCOME":null,"PREMIUM_INCOME_YOY":null,"NET_INTEREST_INCOME":null,"NET_INTEREST_INCOME_YOY":null,"FEE_COMMISSION_INCOME":null,"FEE_COMMISSION_INCOME_YOY":null,"ACCOUNTS_RECE_TDAYS":8.475651041667,"INVENTORY_TDAYS":13.059552992069,"CURRENT_ASSETS_TDAYS":0.862581662537,"TOTAL_ASSETS_TDAYS":0.698194260462,"PREMIUM_EXPENSE":null,"LOAN_DEPOSIT":null,"LOAN_EQUITY":null,"LOAN_ASSETS":null,"DEPOSIT_EQUITY":null,"DEPOSIT_ASSETS":null,"EQUITY_MULTIPLIER":1.120265736143,"EQUITY_RATIO":0.120265736143}],"count":21},"success":true,"message":"ok","code":0}