{"version":"952404c8417cd1dbf2f87b3296ea82fb","result":{"pages":3,"data":[{"SECUCODE":"03623.HK","SECURITY_CODE":"03623","SECURITY_NAME_ABBR":"中国金融发展","ORG_CODE":"10346709","STD_REPORT_DATE":"2024-06-30 00:00:00","REPORT_DATE":"2024-06-30 00:00:00","DATE_TYPE_CODE":"002","REPORT_TYPE":"2024年中报","PER_NETCASH_OPERATE":0.028389959618,"PER_OI":0.101061376022,"BPS":0.574132085815,"BASIC_EPS":-0.02,"DILUTED_EPS":-0.02,"OPERATE_INCOME":55817000,"OPERATE_INCOME_YOY":890.5412599823,"GROSS_PROFIT":null,"GROSS_PROFIT_YOY":null,"HOLDER_PROFIT":-9630000,"HOLDER_PROFIT_YOY":66.6735880399,"GROSS_PROFIT_RATIO":null,"EPS_TTM":-0.025628818775,"OPERATE_INCOME_QOQ":178.494700149392,"NET_PROFIT_RATIO":-39.5273841303,"ROE_AVG":-3.00126221308,"GROSS_PROFIT_QOQ":null,"ROA":-1.53658116276,"HOLDER_PROFIT_QOQ":57.646389994315,"ROE_YEARLY":-6.002524426161,"ROIC_YEARLY":-3.782916381049,"TOTAL_ASSETS":608496000,"TOTAL_LIABILITIES":336208000,"TAX_EBT":-15.247597158379,"OCF_SALES":28.091799989251,"TOTAL_PARENT_EQUITY":317172000,"DEBT_ASSET_RATIO":55.2522941811,"OPERATE_PROFIT":-18032000,"PRETAX_PROFIT":-19144000,"NETCASH_OPERATE":15680000,"NETCASH_INVEST":1033000,"NETCASH_FINANCE":-23538000,"END_CASH":7474000,"DIVI_RATIO":null,"DIVIDEND_RATE":null,"CURRENT_RATIO":2.375381759892,"COMMON_ACS":800000000,"CURRENTDEBT_DEBT":52.882441821729,"ISSUED_COMMON_SHARES":552437336,"HK_COMMON_SHARES":552437336,"PER_SHARES":2000,"TOTAL_MARKET_CAP":447474242.16,"HKSK_MARKET_CAP":447474242.16,"PE_TTM":-27.811283753574,"PB_TTM":1.287631920014,"REPORT_DATE_SQ":"2023-06-30 00:00:00","REPORT_TYPE_SQ":"2023年中报","OPERATE_INCOME_SQ":5635000,"DPS_HKD":null,"OPERATE_INCOME_QOQ_SQ":-47.953812686944,"NET_PROFIT_RATIO_SQ":-619.3078970719,"HOLDER_PROFIT_SQ":-28896000,"HOLDER_PROFIT_QOQ_SQ":45.405033769665,"ROE_AVG_SQ":-8.448147070733,"PE_TTM_SQ":-8.309390630242,"PB_TTM_SQ":0.965369556986,"ROA_SQ":-4.113476489794,"START_DATE":"2024-01-01 00:00:00","FISCAL_YEAR":"12-31","CURRENCY":"HKD","IS_CNY_CODE":0,"DPS_HKD_LY":null,"ORG_TYPE":"证券","PREMIUM_INCOME":null,"PREMIUM_INCOME_YOY":null,"NET_INTEREST_INCOME":null,"NET_INTEREST_INCOME_YOY":null,"FEE_COMMISSION_INCOME":18862000,"FEE_COMMISSION_INCOME_YOY":-6.766842963768,"ACCOUNTS_RECE_TDAYS":0.450494949617,"INVENTORY_TDAYS":null,"CURRENT_ASSETS_TDAYS":0.130002433892,"TOTAL_ASSETS_TDAYS":0.089062669535,"PREMIUM_EXPENSE":null,"LOAN_DEPOSIT":null,"LOAN_EQUITY":null,"LOAN_ASSETS":null,"DEPOSIT_EQUITY":null,"DEPOSIT_ASSETS":null,"EQUITY_MULTIPLIER":2.234751439654,"EQUITY_RATIO":1.060017908264},{"SECUCODE":"03623.HK","SECURITY_CODE":"03623","SECURITY_NAME_ABBR":"中国金融发展","ORG_CODE":"10346709","STD_REPORT_DATE":"2023-12-31 00:00:00","REPORT_DATE":"2023-12-31 00:00:00","DATE_TYPE_CODE":"001","REPORT_TYPE":"2023年年报","PER_NETCASH_OPERATE":0.016930772474,"PER_OI":0.050902763056,"BPS":0.587501928001,"BASIC_EPS":-0.06,"DILUTED_EPS":-0.06,"OPERATE_INCOME":28114000,"OPERATE_INCOME_YOY":-72.6974323117,"GROSS_PROFIT":null,"GROSS_PROFIT_YOY":null,"HOLDER_PROFIT":-33421000,"HOLDER_PROFIT_YOY":54.9454697421,"GROSS_PROFIT_RATIO":null,"EPS_TTM":-0.060511533189,"OPERATE_INCOME_QOQ":-47.541656559625,"NET_PROFIT_RATIO":-162.5168954969,"ROE_AVG":-9.80667461858,"GROSS_PROFIT_QOQ":null,"ROA":-4.827939382427,"HOLDER_PROFIT_QOQ":17.474937033928,"ROE_YEARLY":-9.80667461858,"ROIC_YEARLY":-5.839320408705,"TOTAL_ASSETS":644936000,"TOTAL_LIABILITIES":352829000,"TAX_EBT":-1.768531717748,"OCF_SALES":33.261008750089,"TOTAL_PARENT_EQUITY":324558000,"DEBT_ASSET_RATIO":54.7075988935,"OPERATE_PROFIT":-44956000,"PRETAX_PROFIT":-44896000,"NETCASH_OPERATE":9351000,"NETCASH_INVEST":814000,"NETCASH_FINANCE":-27350000,"END_CASH":13036000,"DIVI_RATIO":null,"DIVIDEND_RATE":null,"CURRENT_RATIO":2.44276757725,"COMMON_ACS":800000000,"CURRENTDEBT_DEBT":50.630758809508,"ISSUED_COMMON_SHARES":552437336,"HK_COMMON_SHARES":552437336,"PER_SHARES":2000,"TOTAL_MARKET_CAP":475096108.96,"HKSK_MARKET_CAP":475096108.96,"PE_TTM":-29.528029664289,"PB_TTM":1.367115371866,"REPORT_DATE_SQ":"2022-12-31 00:00:00","REPORT_TYPE_SQ":"2022年年报","OPERATE_INCOME_SQ":102972000,"DPS_HKD":null,"OPERATE_INCOME_QOQ_SQ":-53.382076646219,"NET_PROFIT_RATIO_SQ":-80.086819718,"HOLDER_PROFIT_SQ":-74179000,"HOLDER_PROFIT_QOQ_SQ":47.742867206763,"ROE_AVG_SQ":-19.059132152891,"PE_TTM_SQ":-9.113525207362,"PB_TTM_SQ":1.058792417339,"ROA_SQ":-8.927929885078,"START_DATE":"2023-01-01 00:00:00","FISCAL_YEAR":"12-31","CURRENCY":"HKD","IS_CNY_CODE":0,"DPS_HKD_LY":null,"ORG_TYPE":"证券","PREMIUM_INCOME":null,"PREMIUM_INCOME_YOY":null,"NET_INTEREST_INCOME":null,"NET_INTEREST_INCOME_YOY":null,"FEE_COMMISSION_INCOME":27217000,"FEE_COMMISSION_INCOME_YOY":-82.085357345023,"ACCOUNTS_RECE_TDAYS":0.165630762524,"INVENTORY_TDAYS":null,"CURRENT_ASSETS_TDAYS":0.060956849515,"TOTAL_ASSETS_TDAYS":0.040612994165,"PREMIUM_EXPENSE":null,"LOAN_DEPOSIT":null,"LOAN_EQUITY":null,"LOAN_ASSETS":null,"DEPOSIT_EQUITY":null,"DEPOSIT_ASSETS":null,"EQUITY_MULTIPLIER":2.207875881097,"EQUITY_RATIO":1.087106156681},{"SECUCODE":"03623.HK","SECURITY_CODE":"03623","SECURITY_NAME_ABBR":"中国金融发展","ORG_CODE":"10346709","STD_REPORT_DATE":"2023-06-30 00:00:00","REPORT_DATE":"2023-06-30 00:00:00","DATE_TYPE_CODE":"002","REPORT_TYPE":"2023年中报","PER_NETCASH_OPERATE":-0.021658207714,"PER_OI":0.010202641738,"BPS":0.591994745265,"BASIC_EPS":-0.05,"DILUTED_EPS":-0.05,"OPERATE_INCOME":5635000,"OPERATE_INCOME_YOY":-89.7571527248,"GROSS_PROFIT":null,"GROSS_PROFIT_YOY":null,"HOLDER_PROFIT":-28896000,"HOLDER_PROFIT_YOY":53.8232897071,"GROSS_PROFIT_RATIO":null,"EPS_TTM":-0.073325037285,"OPERATE_INCOME_QOQ":-47.953812686944,"NET_PROFIT_RATIO":-619.3078970719,"ROE_AVG":-8.448147070733,"GROSS_PROFIT_QOQ":null,"ROA":-4.113476489794,"HOLDER_PROFIT_QOQ":45.405033769665,"ROE_YEARLY":-16.896294141466,"ROIC_YEARLY":-9.942324813233,"TOTAL_ASSETS":665396000,"TOTAL_LIABILITIES":364540000,"TAX_EBT":-12.425501755742,"OCF_SALES":-212.280390417036,"TOTAL_PARENT_EQUITY":327040000,"DEBT_ASSET_RATIO":54.7854210124,"OPERATE_PROFIT":-29723000,"PRETAX_PROFIT":-31041000,"NETCASH_OPERATE":-11962000,"NETCASH_INVEST":7807000,"NETCASH_FINANCE":-2348000,"END_CASH":23092000,"DIVI_RATIO":null,"DIVIDEND_RATE":null,"CURRENT_RATIO":2.278719478179,"COMMON_ACS":800000000,"CURRENTDEBT_DEBT":51.139518297032,"ISSUED_COMMON_SHARES":552437336,"HK_COMMON_SHARES":552437336,"PER_SHARES":2000,"TOTAL_MARKET_CAP":475096108.96,"HKSK_MARKET_CAP":475096108.96,"PE_TTM":-29.528029664289,"PB_TTM":1.367115371866,"REPORT_DATE_SQ":"2022-06-30 00:00:00","REPORT_TYPE_SQ":"2022年中报","OPERATE_INCOME_SQ":55014000,"DPS_HKD":null,"OPERATE_INCOME_QOQ_SQ":-8.775719229848,"NET_PROFIT_RATIO_SQ":-118.6625222671,"HOLDER_PROFIT_SQ":-62577000,"HOLDER_PROFIT_QOQ_SQ":-99.429599033409,"ROE_AVG_SQ":-15.902708774355,"PE_TTM_SQ":-9.113525207362,"PB_TTM_SQ":1.058792417339,"ROA_SQ":-7.129324026108,"START_DATE":"2023-01-01 00:00:00","FISCAL_YEAR":"12-31","CURRENCY":"HKD","IS_CNY_CODE":0,"DPS_HKD_LY":null,"ORG_TYPE":"证券","PREMIUM_INCOME":null,"PREMIUM_INCOME_YOY":null,"NET_INTEREST_INCOME":null,"NET_INTEREST_INCOME_YOY":null,"FEE_COMMISSION_INCOME":20231000,"FEE_COMMISSION_INCOME_YOY":-56.462511836102,"ACCOUNTS_RECE_TDAYS":0.029785895704,"INVENTORY_TDAYS":null,"CURRENT_ASSETS_TDAYS":0.012372990212,"TOTAL_ASSETS_TDAYS":0.008021677748,"PREMIUM_EXPENSE":null,"LOAN_DEPOSIT":null,"LOAN_EQUITY":null,"LOAN_ASSETS":null,"DEPOSIT_EQUITY":null,"DEPOSIT_ASSETS":null,"EQUITY_MULTIPLIER":2.21167601776,"EQUITY_RATIO":1.114664872798},{"SECUCODE":"03623.HK","SECURITY_CODE":"03623","SECURITY_NAME_ABBR":"中国金融发展","ORG_CODE":"10346709","STD_REPORT_DATE":"2022-12-31 00:00:00","REPORT_DATE":"2022-12-31 00:00:00","DATE_TYPE_CODE":"001","REPORT_TYPE":"2022年年报","PER_NETCASH_OPERATE":-0.023097622121,"PER_OI":0.186439472056,"BPS":0.646297736835,"BASIC_EPS":-0.13,"DILUTED_EPS":-0.13,"OPERATE_INCOME":102972000,"OPERATE_INCOME_YOY":-1.4867114402,"GROSS_PROFIT":null,"GROSS_PROFIT_YOY":null,"HOLDER_PROFIT":-74179000,"HOLDER_PROFIT_YOY":-4.2161903959,"GROSS_PROFIT_RATIO":null,"EPS_TTM":-0.134307322356,"OPERATE_INCOME_QOQ":-53.382076646219,"NET_PROFIT_RATIO":-80.086819718,"ROE_AVG":-19.059132152891,"GROSS_PROFIT_QOQ":null,"ROA":-8.927929885078,"HOLDER_PROFIT_QOQ":47.742867206763,"ROE_YEARLY":-19.059132152891,"ROIC_YEARLY":-10.98936751767,"TOTAL_ASSETS":739547000,"TOTAL_LIABILITIES":402690000,"TAX_EBT":2.024450226325,"OCF_SALES":-12.388804723614,"TOTAL_PARENT_EQUITY":357039000,"DEBT_ASSET_RATIO":54.4509003485,"OPERATE_PROFIT":-83750000,"PRETAX_PROFIT":-84171000,"NETCASH_OPERATE":-7679000,"NETCASH_INVEST":289000,"NETCASH_FINANCE":7958000,"END_CASH":29981000,"DIVI_RATIO":null,"DIVIDEND_RATE":null,"CURRENT_RATIO":2.611555283321,"COMMON_ACS":800000000,"CURRENTDEBT_DEBT":52.52104596588,"ISSUED_COMMON_SHARES":552437336,"HK_COMMON_SHARES":552437336,"PER_SHARES":2000,"TOTAL_MARKET_CAP":475096108.96,"HKSK_MARKET_CAP":475096108.96,"PE_TTM":-29.528029664289,"PB_TTM":1.367115371866,"REPORT_DATE_SQ":"2021-12-31 00:00:00","REPORT_TYPE_SQ":"2021年年报","OPERATE_INCOME_SQ":104526000,"DPS_HKD":null,"OPERATE_INCOME_QOQ_SQ":-43.33050922827,"NET_PROFIT_RATIO_SQ":-34.1207760992,"HOLDER_PROFIT_SQ":-71178000,"HOLDER_PROFIT_QOQ_SQ":-24.371832954744,"ROE_AVG_SQ":-15.787039758153,"PE_TTM_SQ":-9.113525207362,"PB_TTM_SQ":1.058792417339,"ROA_SQ":-6.711562542432,"START_DATE":"2022-01-01 00:00:00","FISCAL_YEAR":"12-31","CURRENCY":"HKD","IS_CNY_CODE":0,"DPS_HKD_LY":null,"ORG_TYPE":"证券","PREMIUM_INCOME":null,"PREMIUM_INCOME_YOY":null,"NET_INTEREST_INCOME":null,"NET_INTEREST_INCOME_YOY":null,"FEE_COMMISSION_INCOME":151926000,"FEE_COMMISSION_INCOME_YOY":48.052935214781,"ACCOUNTS_RECE_TDAYS":0.451658321874,"INVENTORY_TDAYS":null,"CURRENT_ASSETS_TDAYS":0.180123164278,"TOTAL_ASSETS_TDAYS":0.123933565581,"PREMIUM_EXPENSE":null,"LOAN_DEPOSIT":null,"LOAN_EQUITY":null,"LOAN_ASSETS":null,"DEPOSIT_EQUITY":null,"DEPOSIT_ASSETS":null,"EQUITY_MULTIPLIER":2.195433076946,"EQUITY_RATIO":1.127859981683},{"SECUCODE":"03623.HK","SECURITY_CODE":"03623","SECURITY_NAME_ABBR":"中国金融发展","ORG_CODE":"10346709","STD_REPORT_DATE":"2022-06-30 00:00:00","REPORT_DATE":"2022-06-30 00:00:00","DATE_TYPE_CODE":"002","REPORT_TYPE":"2022年中报","PER_NETCASH_OPERATE":-0.037595895612,"PER_OI":0.099629123372,"BPS":0.661845201571,"BASIC_EPS":-0.11,"DILUTED_EPS":-0.11,"OPERATE_INCOME":55014000,"OPERATE_INCOME_YOY":-27.8627906062,"GROSS_PROFIT":null,"GROSS_PROFIT_YOY":null,"HOLDER_PROFIT":-62577000,"HOLDER_PROFIT_YOY":-863.5997559487,"GROSS_PROFIT_RATIO":null,"EPS_TTM":-0.257068274668,"OPERATE_INCOME_QOQ":-8.775719229848,"NET_PROFIT_RATIO":-118.6625222671,"ROE_AVG":-15.902708774355,"GROSS_PROFIT_QOQ":null,"ROA":-7.129324026108,"HOLDER_PROFIT_QOQ":-99.429599033409,"ROE_YEARLY":-31.80541754871,"ROIC_YEARLY":-17.461683885955,"TOTAL_ASSETS":833300000,"TOTAL_LIABILITIES":482270000,"TAX_EBT":3.773529281703,"OCF_SALES":-37.735849056604,"TOTAL_PARENT_EQUITY":365628000,"DEBT_ASSET_RATIO":57.8747149886,"OPERATE_PROFIT":-66532000,"PRETAX_PROFIT":-67841000,"NETCASH_OPERATE":-20712000,"NETCASH_INVEST":-5336000,"NETCASH_FINANCE":31620000,"END_CASH":34335000,"DIVI_RATIO":null,"DIVIDEND_RATE":null,"CURRENT_RATIO":2.216476723273,"COMMON_ACS":800000000,"CURRENTDEBT_DEBT":45.885914529206,"ISSUED_COMMON_SHARES":552437336,"HK_COMMON_SHARES":552437336,"PER_SHARES":2000,"TOTAL_MARKET_CAP":475096108.96,"HKSK_MARKET_CAP":475096108.96,"PE_TTM":-29.528029664289,"PB_TTM":1.367115371866,"REPORT_DATE_SQ":"2021-06-30 00:00:00","REPORT_TYPE_SQ":"2021年中报","OPERATE_INCOME_SQ":76263000,"DPS_HKD":null,"OPERATE_INCOME_QOQ_SQ":-53.494695046824,"NET_PROFIT_RATIO_SQ":3.2441041508,"HOLDER_PROFIT_SQ":8195000,"HOLDER_PROFIT_QOQ_SQ":31.394526426833,"ROE_AVG_SQ":1.673435965294,"PE_TTM_SQ":-9.113525207362,"PB_TTM_SQ":1.058792417339,"ROA_SQ":0.718407178637,"START_DATE":"2022-01-01 00:00:00","FISCAL_YEAR":"12-31","CURRENCY":"HKD","IS_CNY_CODE":0,"DPS_HKD_LY":null,"ORG_TYPE":"证券","PREMIUM_INCOME":null,"PREMIUM_INCOME_YOY":null,"NET_INTEREST_INCOME":null,"NET_INTEREST_INCOME_YOY":null,"FEE_COMMISSION_INCOME":46468000,"FEE_COMMISSION_INCOME_YOY":-35.678197195576,"ACCOUNTS_RECE_TDAYS":0.243999689534,"INVENTORY_TDAYS":null,"CURRENT_ASSETS_TDAYS":0.095860156456,"TOTAL_ASSETS_TDAYS":0.062676803294,"PREMIUM_EXPENSE":null,"LOAN_DEPOSIT":null,"LOAN_EQUITY":null,"LOAN_ASSETS":null,"DEPOSIT_EQUITY":null,"DEPOSIT_ASSETS":null,"EQUITY_MULTIPLIER":2.373871179102,"EQUITY_RATIO":1.319018237115},{"SECUCODE":"03623.HK","SECURITY_CODE":"03623","SECURITY_NAME_ABBR":"中国金融发展","ORG_CODE":"10346709","STD_REPORT_DATE":"2021-12-31 00:00:00","REPORT_DATE":"2021-12-31 00:00:00","DATE_TYPE_CODE":"001","REPORT_TYPE":"2021年年报","PER_NETCASH_OPERATE":-0.163030900308,"PER_OI":0.192492407888,"BPS":0.762747143506,"BASIC_EPS":-0.13,"DILUTED_EPS":-0.15,"OPERATE_INCOME":104526000,"OPERATE_INCOME_YOY":-73.6456805012,"GROSS_PROFIT":null,"GROSS_PROFIT_YOY":null,"HOLDER_PROFIT":-71178000,"HOLDER_PROFIT_YOY":14.6741150098,"GROSS_PROFIT_RATIO":null,"EPS_TTM":-0.13107958411,"OPERATE_INCOME_QOQ":-43.33050922827,"NET_PROFIT_RATIO":-34.1207760992,"ROE_AVG":-15.787039758153,"GROSS_PROFIT_QOQ":null,"ROA":-6.711562542432,"HOLDER_PROFIT_QOQ":-24.371832954744,"ROE_YEARLY":-15.787039758153,"ROIC_YEARLY":-8.931530329847,"TOTAL_ASSETS":922182000,"TOTAL_LIABILITIES":512706000,"TAX_EBT":-30.965062456407,"OCF_SALES":-36.561573343686,"TOTAL_PARENT_EQUITY":421370000,"DEBT_ASSET_RATIO":55.5970513413,"OPERATE_PROFIT":-63248000,"PRETAX_PROFIT":-63084000,"NETCASH_OPERATE":-88528000,"NETCASH_INVEST":-14520000,"NETCASH_FINANCE":46111000,"END_CASH":29723000,"DIVI_RATIO":null,"DIVIDEND_RATE":null,"CURRENT_RATIO":10.707892807689,"COMMON_ACS":800000000,"CURRENTDEBT_DEBT":32.452321603414,"ISSUED_COMMON_SHARES":552437336,"HK_COMMON_SHARES":552437336,"PER_SHARES":2000,"TOTAL_MARKET_CAP":475096108.96,"HKSK_MARKET_CAP":475096108.96,"PE_TTM":-29.528029664289,"PB_TTM":1.367115371866,"REPORT_DATE_SQ":"2020-12-31 00:00:00","REPORT_TYPE_SQ":"2020年年报","OPERATE_INCOME_SQ":918764000,"DPS_HKD":null,"OPERATE_INCOME_QOQ_SQ":463.05438945917,"NET_PROFIT_RATIO_SQ":-9.2032339099,"HOLDER_PROFIT_SQ":-83419000,"HOLDER_PROFIT_QOQ_SQ":80.46887438306,"ROE_AVG_SQ":-16.251145746783,"PE_TTM_SQ":-9.113525207362,"PB_TTM_SQ":1.058792417339,"ROA_SQ":-4.979919199216,"START_DATE":"2021-01-01 00:00:00","FISCAL_YEAR":"12-31","CURRENCY":"HKD","IS_CNY_CODE":0,"DPS_HKD_LY":null,"ORG_TYPE":"证券","PREMIUM_INCOME":null,"PREMIUM_INCOME_YOY":null,"NET_INTEREST_INCOME":null,"NET_INTEREST_INCOME_YOY":null,"FEE_COMMISSION_INCOME":102616000,"FEE_COMMISSION_INCOME_YOY":-88.624146528301,"ACCOUNTS_RECE_TDAYS":0.376876024208,"INVENTORY_TDAYS":null,"CURRENT_ASSETS_TDAYS":0.293300934652,"TOTAL_ASSETS_TDAYS":0.228314575381,"PREMIUM_EXPENSE":null,"LOAN_DEPOSIT":null,"LOAN_EQUITY":null,"LOAN_ASSETS":null,"DEPOSIT_EQUITY":null,"DEPOSIT_ASSETS":null,"EQUITY_MULTIPLIER":2.252102687338,"EQUITY_RATIO":1.216759617438},{"SECUCODE":"03623.HK","SECURITY_CODE":"03623","SECURITY_NAME_ABBR":"中国金融发展","ORG_CODE":"10346709","STD_REPORT_DATE":"2021-06-30 00:00:00","REPORT_DATE":"2021-06-30 00:00:00","DATE_TYPE_CODE":"002","REPORT_TYPE":"2021年中报","PER_NETCASH_OPERATE":-0.067024101038,"PER_OI":0.140443990039,"BPS":0.903387529188,"BASIC_EPS":0.02,"DILUTED_EPS":0.02,"OPERATE_INCOME":76263000,"OPERATE_INCOME_YOY":-76.2365226132,"GROSS_PROFIT":null,"GROSS_PROFIT_YOY":null,"HOLDER_PROFIT":8195000,"HOLDER_PROFIT_YOY":145.542958764,"GROSS_PROFIT_RATIO":null,"EPS_TTM":-0.105393304091,"OPERATE_INCOME_QOQ":-53.494695046824,"NET_PROFIT_RATIO":3.2441041508,"ROE_AVG":1.673435965294,"GROSS_PROFIT_QOQ":null,"ROA":0.718407178637,"HOLDER_PROFIT_QOQ":31.394526426833,"ROE_YEARLY":3.346871930588,"ROIC_YEARLY":1.942987138231,"TOTAL_ASSETS":1082562000,"TOTAL_LIABILITIES":587176000,"TAX_EBT":64.39062835853,"OCF_SALES":-23.756372347439,"TOTAL_PARENT_EQUITY":499065000,"DEBT_ASSET_RATIO":54.2394800483,"OPERATE_PROFIT":15060000,"PRETAX_PROFIT":13957000,"NETCASH_OPERATE":-36395000,"NETCASH_INVEST":-60797000,"NETCASH_FINANCE":49743000,"END_CASH":38990000,"DIVI_RATIO":null,"DIVIDEND_RATE":null,"CURRENT_RATIO":14.726200283966,"COMMON_ACS":800000000,"CURRENTDEBT_DEBT":9.715826259929,"ISSUED_COMMON_SHARES":552437336,"HK_COMMON_SHARES":552437336,"PER_SHARES":2000,"TOTAL_MARKET_CAP":475096108.96,"HKSK_MARKET_CAP":475096108.96,"PE_TTM":-29.528029664289,"PB_TTM":1.367115371866,"REPORT_DATE_SQ":"2020-06-30 00:00:00","REPORT_TYPE_SQ":"2020年中报","OPERATE_INCOME_SQ":644691000,"DPS_HKD":null,"OPERATE_INCOME_QOQ_SQ":88.971499380421,"NET_PROFIT_RATIO_SQ":-2.7088946488,"HOLDER_PROFIT_SQ":-17994000,"HOLDER_PROFIT_QOQ_SQ":0.686646778015,"ROE_AVG_SQ":-3.337735667065,"PE_TTM_SQ":-9.113525207362,"PB_TTM_SQ":1.058792417339,"ROA_SQ":-0.932377017326,"START_DATE":"2021-01-01 00:00:00","FISCAL_YEAR":"12-31","CURRENCY":"HKD","IS_CNY_CODE":0,"DPS_HKD_LY":null,"ORG_TYPE":"证券","PREMIUM_INCOME":null,"PREMIUM_INCOME_YOY":null,"NET_INTEREST_INCOME":null,"NET_INTEREST_INCOME_YOY":null,"FEE_COMMISSION_INCOME":72243000,"FEE_COMMISSION_INCOME_YOY":-88.667746929799,"ACCOUNTS_RECE_TDAYS":0.254082112004,"INVENTORY_TDAYS":null,"CURRENT_ASSETS_TDAYS":0.167076084011,"TOTAL_ASSETS_TDAYS":0.134302255246,"PREMIUM_EXPENSE":null,"LOAN_DEPOSIT":null,"LOAN_EQUITY":null,"LOAN_ASSETS":null,"DEPOSIT_EQUITY":null,"DEPOSIT_ASSETS":null,"EQUITY_MULTIPLIER":2.185289854782,"EQUITY_RATIO":1.176552152525},{"SECUCODE":"03623.HK","SECURITY_CODE":"03623","SECURITY_NAME_ABBR":"中国金融发展","ORG_CODE":"10346709","STD_REPORT_DATE":"2020-12-31 00:00:00","REPORT_DATE":"2020-12-31 00:00:00","DATE_TYPE_CODE":"001","REPORT_TYPE":"2020年年报","PER_NETCASH_OPERATE":-0.050111527466,"PER_OI":1.721146445643,"BPS":0.869523054828,"BASIC_EPS":-0.16,"DILUTED_EPS":-0.16,"OPERATE_INCOME":918764000,"OPERATE_INCOME_YOY":-36.536298957,"GROSS_PROFIT":null,"GROSS_PROFIT_YOY":null,"HOLDER_PROFIT":-83419000,"HOLDER_PROFIT_YOY":80.6029842278,"GROSS_PROFIT_RATIO":null,"EPS_TTM":-0.156271159241,"OPERATE_INCOME_QOQ":463.05438945917,"NET_PROFIT_RATIO":-9.2032339099,"ROE_AVG":-16.251145746783,"GROSS_PROFIT_QOQ":null,"ROA":-4.979919199216,"HOLDER_PROFIT_QOQ":80.46887438306,"ROE_YEARLY":-16.251145746783,"ROIC_YEARLY":-8.650775955491,"TOTAL_ASSETS":1198874000,"TOTAL_LIABILITIES":718971000,"TAX_EBT":-25.72822030244,"OCF_SALES":-2.911520259827,"TOTAL_PARENT_EQUITY":480357000,"DEBT_ASSET_RATIO":59.9705223401,"OPERATE_PROFIT":-67499000,"PRETAX_PROFIT":-67253000,"NETCASH_OPERATE":-26750000,"NETCASH_INVEST":-71130000,"NETCASH_FINANCE":-7362000,"END_CASH":86582000,"DIVI_RATIO":null,"DIVIDEND_RATE":null,"CURRENT_RATIO":11.788614607181,"COMMON_ACS":800000000,"CURRENTDEBT_DEBT":11.725229529425,"ISSUED_COMMON_SHARES":552437336,"HK_COMMON_SHARES":552437336,"PER_SHARES":2000,"TOTAL_MARKET_CAP":475096108.96,"HKSK_MARKET_CAP":475096108.96,"PE_TTM":-29.528029664289,"PB_TTM":1.367115371866,"REPORT_DATE_SQ":"2019-12-31 00:00:00","REPORT_TYPE_SQ":"2019年年报","OPERATE_INCOME_SQ":1447700000,"DPS_HKD":null,"OPERATE_INCOME_QOQ_SQ":-90.638284493198,"NET_PROFIT_RATIO_SQ":-499.4255868626,"HOLDER_PROFIT_SQ":-430061000,"HOLDER_PROFIT_QOQ_SQ":-7286.82583304706,"ROE_AVG_SQ":-56.489158247035,"PE_TTM_SQ":-9.113525207362,"PB_TTM_SQ":1.058792417339,"ROA_SQ":-21.031836951071,"START_DATE":"2020-01-01 00:00:00","FISCAL_YEAR":"12-31","CURRENCY":"HKD","IS_CNY_CODE":0,"DPS_HKD_LY":null,"ORG_TYPE":"证券","PREMIUM_INCOME":null,"PREMIUM_INCOME_YOY":null,"NET_INTEREST_INCOME":1950000,"NET_INTEREST_INCOME_YOY":null,"FEE_COMMISSION_INCOME":902051000,"FEE_COMMISSION_INCOME_YOY":-36.503899650862,"ACCOUNTS_RECE_TDAYS":1.822924551419,"INVENTORY_TDAYS":null,"CURRENT_ASSETS_TDAYS":0.610348901671,"TOTAL_ASSETS_TDAYS":0.548480619901,"PREMIUM_EXPENSE":null,"LOAN_DEPOSIT":null,"LOAN_EQUITY":null,"LOAN_ASSETS":null,"DEPOSIT_EQUITY":null,"DEPOSIT_ASSETS":null,"EQUITY_MULTIPLIER":2.498159002963,"EQUITY_RATIO":1.496743047359},{"SECUCODE":"03623.HK","SECURITY_CODE":"03623","SECURITY_NAME_ABBR":"中国金融发展","ORG_CODE":"10346709","STD_REPORT_DATE":"2020-06-30 00:00:00","REPORT_DATE":"2020-06-30 00:00:00","DATE_TYPE_CODE":"002","REPORT_TYPE":"2020年中报","PER_NETCASH_OPERATE":-0.144378472652,"PER_OI":1.228837191571,"BPS":0.962914642684,"BASIC_EPS":-0.03,"DILUTED_EPS":-0.03,"OPERATE_INCOME":644691000,"OPERATE_INCOME_YOY":13.5289197256,"GROSS_PROFIT":null,"GROSS_PROFIT_YOY":null,"HOLDER_PROFIT":-17994000,"HOLDER_PROFIT_YOY":14.0974841266,"GROSS_PROFIT_RATIO":null,"EPS_TTM":-0.814105044459,"OPERATE_INCOME_QOQ":88.971499380421,"NET_PROFIT_RATIO":-2.7088946488,"ROE_AVG":-3.337735667065,"GROSS_PROFIT_QOQ":null,"ROA":-0.932377017326,"HOLDER_PROFIT_QOQ":0.686646778015,"ROE_YEARLY":-6.67547133413,"ROIC_YEARLY":-3.346226801056,"TOTAL_ASSETS":1708471000,"TOTAL_LIABILITIES":1175308000,"TAX_EBT":-543.715444157759,"OCF_SALES":-11.749194575386,"TOTAL_PARENT_EQUITY":531950000,"DEBT_ASSET_RATIO":68.7929733662,"OPERATE_PROFIT":23845000,"PRETAX_PROFIT":-2713000,"NETCASH_OPERATE":-75746000,"NETCASH_INVEST":-23282000,"NETCASH_FINANCE":-5935000,"END_CASH":85534000,"DIVI_RATIO":null,"DIVIDEND_RATE":null,"CURRENT_RATIO":12.002049678125,"COMMON_ACS":800000000,"CURRENTDEBT_DEBT":11.207955701825,"ISSUED_COMMON_SHARES":552437336,"HK_COMMON_SHARES":552437336,"PER_SHARES":2000,"TOTAL_MARKET_CAP":475096108.96,"HKSK_MARKET_CAP":475096108.96,"PE_TTM":-29.528029664289,"PB_TTM":1.367115371866,"REPORT_DATE_SQ":"2019-06-30 00:00:00","REPORT_TYPE_SQ":"2019年中报","OPERATE_INCOME_SQ":567865000,"DPS_HKD":null,"OPERATE_INCOME_QOQ_SQ":136.44210089182,"NET_PROFIT_RATIO_SQ":-3.6649555792,"HOLDER_PROFIT_SQ":-20947000,"HOLDER_PROFIT_QOQ_SQ":-202.825856587778,"ROE_AVG_SQ":-2.169337128577,"PE_TTM_SQ":-9.113525207362,"PB_TTM_SQ":1.058792417339,"ROA_SQ":-0.96202819996,"START_DATE":"2020-01-01 00:00:00","FISCAL_YEAR":"12-31","CURRENCY":"HKD","IS_CNY_CODE":0,"DPS_HKD_LY":null,"ORG_TYPE":"证券","PREMIUM_INCOME":null,"PREMIUM_INCOME_YOY":null,"NET_INTEREST_INCOME":null,"NET_INTEREST_INCOME_YOY":null,"FEE_COMMISSION_INCOME":637499000,"FEE_COMMISSION_INCOME_YOY":15.386940530835,"ACCOUNTS_RECE_TDAYS":0.95867968915,"INVENTORY_TDAYS":null,"CURRENT_ASSETS_TDAYS":0.358377389946,"TOTAL_ASSETS_TDAYS":0.334053057506,"PREMIUM_EXPENSE":null,"LOAN_DEPOSIT":null,"LOAN_EQUITY":null,"LOAN_ASSETS":null,"DEPOSIT_EQUITY":null,"DEPOSIT_ASSETS":null,"EQUITY_MULTIPLIER":3.204406532332,"EQUITY_RATIO":2.209433217408}],"count":26},"success":true,"message":"ok","code":0}