{"version":"0587462b371120091726e2235efd95f4","result":{"pages":4,"data":[{"SECUCODE":"03628.HK","SECURITY_CODE":"03628","SECURITY_NAME_ABBR":"仁恒实业控股","ORG_CODE":"10197713","STD_REPORT_DATE":"2024-06-30 00:00:00","REPORT_DATE":"2024-06-30 00:00:00","DATE_TYPE_CODE":"002","REPORT_TYPE":"2024年中报","PER_NETCASH_OPERATE":-0.013727660746,"PER_OI":0.069221783234,"BPS":0.147750859154,"BASIC_EPS":0.008579192,"DILUTED_EPS":null,"OPERATE_INCOME":55654313.72,"OPERATE_INCOME_YOY":5.4270401107,"GROSS_PROFIT":18972791.84,"GROSS_PROFIT_YOY":41.890034616478,"HOLDER_PROFIT":6895297.4,"HOLDER_PROFIT_YOY":839.6766169154,"GROSS_PROFIT_RATIO":34.090424572394,"EPS_TTM":0.022936015224,"OPERATE_INCOME_QOQ":2.06376528474,"NET_PROFIT_RATIO":12.3895111432,"ROE_AVG":5.959541379569,"GROSS_PROFIT_QOQ":13.51799270347,"ROA":3.135355648101,"HOLDER_PROFIT_QOQ":50.08757638922,"ROE_YEARLY":11.919082759138,"ROIC_YEARLY":9.557816567093,"TOTAL_ASSETS":224889828.08,"TOTAL_LIABILITIES":106098137.32,"TAX_EBT":18.165077989601,"OCF_SALES":-19.831417373194,"TOTAL_PARENT_EQUITY":118791690.76,"DEBT_ASSET_RATIO":47.177828462,"OPERATE_PROFIT":8425861.76,"PRETAX_PROFIT":8425861.76,"NETCASH_OPERATE":-11037039.24,"NETCASH_INVEST":5832937.88,"NETCASH_FINANCE":-120473.76,"END_CASH":72687660.56,"DIVI_RATIO":null,"DIVIDEND_RATE":null,"CURRENT_RATIO":1.931725682612,"COMMON_ACS":4000000000,"CURRENTDEBT_DEBT":98.704504984989,"ISSUED_COMMON_SHARES":804000000,"HK_COMMON_SHARES":804000000,"PER_SHARES":4000,"TOTAL_MARKET_CAP":100500000,"HKSK_MARKET_CAP":100500000,"PE_TTM":4.948544980058,"PB_TTM":0.772144410212,"REPORT_DATE_SQ":"2023-06-30 00:00:00","REPORT_TYPE_SQ":"2023年中报","OPERATE_INCOME_SQ":53327323.2,"DPS_HKD":null,"OPERATE_INCOME_QOQ_SQ":40.174096765464,"NET_PROFIT_RATIO_SQ":1.3900414938,"HOLDER_PROFIT_SQ":741271.92,"HOLDER_PROFIT_QOQ_SQ":117.323097307211,"ROE_AVG_SQ":0.730623483547,"PE_TTM_SQ":171.063829787234,"PB_TTM_SQ":0.73920838505,"ROA_SQ":0.332731189204,"START_DATE":"2024-01-01 00:00:00","FISCAL_YEAR":"12-31","CURRENCY":"HKD","IS_CNY_CODE":0,"DPS_HKD_LY":null,"ORG_TYPE":"一般企业","PREMIUM_INCOME":null,"PREMIUM_INCOME_YOY":null,"NET_INTEREST_INCOME":null,"NET_INTEREST_INCOME_YOY":null,"FEE_COMMISSION_INCOME":null,"FEE_COMMISSION_INCOME_YOY":null,"ACCOUNTS_RECE_TDAYS":1.105332801624,"INVENTORY_TDAYS":0.586336183001,"CURRENT_ASSETS_TDAYS":0.282908090478,"TOTAL_ASSETS_TDAYS":0.253065323714,"PREMIUM_EXPENSE":null,"LOAN_DEPOSIT":null,"LOAN_EQUITY":null,"LOAN_ASSETS":null,"DEPOSIT_EQUITY":null,"DEPOSIT_ASSETS":null,"EQUITY_MULTIPLIER":1.893144433262,"EQUITY_RATIO":0.893144433261},{"SECUCODE":"03628.HK","SECURITY_CODE":"03628","SECURITY_NAME_ABBR":"仁恒实业控股","ORG_CODE":"10197713","STD_REPORT_DATE":"2023-12-31 00:00:00","REPORT_DATE":"2023-12-31 00:00:00","DATE_TYPE_CODE":"001","REPORT_TYPE":"2023年年报","PER_NETCASH_OPERATE":-0.003745483905,"PER_OI":0.140242053557,"BPS":0.1390732101,"BASIC_EPS":0.015315118,"DILUTED_EPS":0.015315118,"OPERATE_INCOME":112754611.06,"OPERATE_INCOME_YOY":80.1065385116,"GROSS_PROFIT":41436003.28,"GROSS_PROFIT_YOY":81.432606026852,"HOLDER_PROFIT":12286530.76,"HOLDER_PROFIT_YOY":673.7621667372,"GROSS_PROFIT_RATIO":36.748832611334,"EPS_TTM":0.015281754677,"OPERATE_INCOME_QOQ":30.350471741418,"NET_PROFIT_RATIO":10.8966991633,"ROE_AVG":11.553127942499,"GROSS_PROFIT_QOQ":46.094395315146,"ROA":5.489457755104,"HOLDER_PROFIT_QOQ":3260.13910582811,"ROE_YEARLY":11.553127942499,"ROIC_YEARLY":8.728232529694,"TOTAL_ASSETS":213430215.74,"TOTAL_LIABILITIES":101615354.82,"TAX_EBT":24.333072887599,"OCF_SALES":-2.670728080821,"TOTAL_PARENT_EQUITY":111814860.92,"DEBT_ASSET_RATIO":47.610575882,"OPERATE_PROFIT":16237649.96,"PRETAX_PROFIT":16237649.96,"NETCASH_OPERATE":-3011369.06,"NETCASH_INVEST":-6012769.7,"NETCASH_FINANCE":-239242.08,"END_CASH":78025542,"DIVI_RATIO":null,"DIVIDEND_RATE":null,"CURRENT_RATIO":1.896180206607,"COMMON_ACS":4000000000,"CURRENTDEBT_DEBT":98.501752414587,"ISSUED_COMMON_SHARES":804000000,"HK_COMMON_SHARES":804000000,"PER_SHARES":4000,"TOTAL_MARKET_CAP":96480000,"HKSK_MARKET_CAP":96480000,"PE_TTM":4.750603180856,"PB_TTM":0.741258633804,"REPORT_DATE_SQ":"2022-12-31 00:00:00","REPORT_TYPE_SQ":"2022年年报","OPERATE_INCOME_SQ":61709771.41,"DPS_HKD":null,"OPERATE_INCOME_QOQ_SQ":2.478374571603,"NET_PROFIT_RATIO_SQ":-3.4205231388,"HOLDER_PROFIT_SQ":-2110797.01,"HOLDER_PROFIT_QOQ_SQ":17.014892258518,"ROE_AVG_SQ":-2.015188534831,"PE_TTM_SQ":171.063829787234,"PB_TTM_SQ":0.73920838505,"ROA_SQ":-0.89771790459,"START_DATE":"2023-01-01 00:00:00","FISCAL_YEAR":"12-31","CURRENCY":"HKD","IS_CNY_CODE":0,"DPS_HKD_LY":null,"ORG_TYPE":"一般企业","PREMIUM_INCOME":null,"PREMIUM_INCOME_YOY":null,"NET_INTEREST_INCOME":null,"NET_INTEREST_INCOME_YOY":null,"FEE_COMMISSION_INCOME":null,"FEE_COMMISSION_INCOME_YOY":null,"ACCOUNTS_RECE_TDAYS":3.566815256497,"INVENTORY_TDAYS":0.927775256261,"CURRENT_ASSETS_TDAYS":0.565814993599,"TOTAL_ASSETS_TDAYS":0.503772534491,"PREMIUM_EXPENSE":null,"LOAN_DEPOSIT":null,"LOAN_EQUITY":null,"LOAN_ASSETS":null,"DEPOSIT_EQUITY":null,"DEPOSIT_ASSETS":null,"EQUITY_MULTIPLIER":1.908782195711,"EQUITY_RATIO":0.908782195711},{"SECUCODE":"03628.HK","SECURITY_CODE":"03628","SECURITY_NAME_ABBR":"仁恒实业控股","ORG_CODE":"10197713","STD_REPORT_DATE":"2023-06-30 00:00:00","REPORT_DATE":"2023-06-30 00:00:00","DATE_TYPE_CODE":"002","REPORT_TYPE":"2023年中报","PER_NETCASH_OPERATE":-0.027760313234,"PER_OI":0.066327516418,"BPS":0.124725316791,"BASIC_EPS":0.00092198,"DILUTED_EPS":null,"OPERATE_INCOME":53327323.2,"OPERATE_INCOME_YOY":73.3397266842,"GROSS_PROFIT":13371475.94,"GROSS_PROFIT_YOY":70.397543057599,"HOLDER_PROFIT":741271.92,"HOLDER_PROFIT_YOY":139.6254312469,"GROSS_PROFIT_RATIO":25.074343015214,"EPS_TTM":0.000454795299,"OPERATE_INCOME_QOQ":40.174096765464,"NET_PROFIT_RATIO":1.3900414938,"ROE_AVG":0.730623483547,"GROSS_PROFIT_QOQ":24.188614926313,"ROA":0.332731189204,"HOLDER_PROFIT_QOQ":117.323097307211,"ROE_YEARLY":1.461246967095,"ROIC_YEARLY":1.024810875232,"TOTAL_ASSETS":207284153.5,"TOTAL_LIABILITIES":107004998.8,"TAX_EBT":54.135767256132,"OCF_SALES":-41.853388658368,"TOTAL_PARENT_EQUITY":100279154.7,"DEBT_ASSET_RATIO":51.6223729567,"OPERATE_PROFIT":1616230.94,"PRETAX_PROFIT":1616230.94,"NETCASH_OPERATE":-22319291.84,"NETCASH_INVEST":900774.46,"NETCASH_FINANCE":-186239.96,"END_CASH":66625962.72,"DIVI_RATIO":null,"DIVIDEND_RATE":null,"CURRENT_RATIO":1.740189148131,"COMMON_ACS":4000000000,"CURRENTDEBT_DEBT":98.120799586421,"ISSUED_COMMON_SHARES":804000000,"HK_COMMON_SHARES":804000000,"PER_SHARES":4000,"TOTAL_MARKET_CAP":96480000,"HKSK_MARKET_CAP":96480000,"PE_TTM":4.750603180856,"PB_TTM":0.741258633804,"REPORT_DATE_SQ":"2022-06-30 00:00:00","REPORT_TYPE_SQ":"2022年中报","OPERATE_INCOME_SQ":28535979.92,"DPS_HKD":null,"OPERATE_INCOME_QOQ_SQ":-0.108001421893,"NET_PROFIT_RATIO_SQ":-6.0806760969,"HOLDER_PROFIT_SQ":-1735180.51,"HOLDER_PROFIT_QOQ_SQ":-531.489429160413,"ROE_AVG_SQ":-1.694540139889,"PE_TTM_SQ":171.063829787234,"PB_TTM_SQ":0.73920838505,"ROA_SQ":-0.811298197071,"START_DATE":"2023-01-01 00:00:00","FISCAL_YEAR":"12-31","CURRENCY":"HKD","IS_CNY_CODE":0,"DPS_HKD_LY":null,"ORG_TYPE":"一般企业","PREMIUM_INCOME":null,"PREMIUM_INCOME_YOY":null,"NET_INTEREST_INCOME":null,"NET_INTEREST_INCOME_YOY":null,"FEE_COMMISSION_INCOME":null,"FEE_COMMISSION_INCOME_YOY":null,"ACCOUNTS_RECE_TDAYS":1.690931415541,"INVENTORY_TDAYS":0.477051192435,"CURRENT_ASSETS_TDAYS":0.269941685315,"TOTAL_ASSETS_TDAYS":0.239367810741,"PREMIUM_EXPENSE":null,"LOAN_DEPOSIT":null,"LOAN_EQUITY":null,"LOAN_ASSETS":null,"DEPOSIT_EQUITY":null,"DEPOSIT_ASSETS":null,"EQUITY_MULTIPLIER":2.067071208567,"EQUITY_RATIO":1.067071208569},{"SECUCODE":"03628.HK","SECURITY_CODE":"03628","SECURITY_NAME_ABBR":"仁恒实业控股","ORG_CODE":"10197713","STD_REPORT_DATE":"2022-12-31 00:00:00","REPORT_DATE":"2022-12-31 00:00:00","DATE_TYPE_CODE":"001","REPORT_TYPE":"2022年年报","PER_NETCASH_OPERATE":-0.008011654192,"PER_OI":0.076753447027,"BPS":0.123681230933,"BASIC_EPS":-0.002590483,"DILUTED_EPS":-0.002590483,"OPERATE_INCOME":61709771.41,"OPERATE_INCOME_YOY":-6.3039969619,"GROSS_PROFIT":22838234.09,"GROSS_PROFIT_YOY":-1.215613844157,"HOLDER_PROFIT":-2110797.01,"HOLDER_PROFIT_YOY":-427.7392510402,"GROSS_PROFIT_RATIO":37.00910498965,"EPS_TTM":-0.002625369415,"OPERATE_INCOME_QOQ":2.478374571603,"NET_PROFIT_RATIO":-3.4205231388,"ROE_AVG":-2.015188534831,"GROSS_PROFIT_QOQ":8.931265682593,"ROA":-0.89771790459,"HOLDER_PROFIT_QOQ":17.014892258518,"ROE_YEARLY":-2.015188534831,"ROIC_YEARLY":-1.418320523632,"TOTAL_ASSETS":230863844.96,"TOTAL_LIABILITIES":131424135.29,"TAX_EBT":-301.87074829932,"OCF_SALES":-10.438168579824,"TOTAL_PARENT_EQUITY":99439709.67,"DEBT_ASSET_RATIO":56.9271188015,"OPERATE_PROFIT":-525242.76,"PRETAX_PROFIT":-525242.76,"NETCASH_OPERATE":-6441369.97,"NETCASH_INVEST":14492412.48,"NETCASH_FINANCE":-276913.7,"END_CASH":86821377.65,"DIVI_RATIO":null,"DIVIDEND_RATE":null,"CURRENT_RATIO":1.591606903508,"COMMON_ACS":4000000000,"CURRENTDEBT_DEBT":98.376232778484,"ISSUED_COMMON_SHARES":804000000,"HK_COMMON_SHARES":804000000,"PER_SHARES":4000,"TOTAL_MARKET_CAP":96480000,"HKSK_MARKET_CAP":96480000,"PE_TTM":4.750603180856,"PB_TTM":0.741258633804,"REPORT_DATE_SQ":"2021-12-31 00:00:00","REPORT_TYPE_SQ":"2021年年报","OPERATE_INCOME_SQ":60282465.6,"DPS_HKD":null,"OPERATE_INCOME_QOQ_SQ":0.027923242338,"NET_PROFIT_RATIO_SQ":0.9778790468,"HOLDER_PROFIT_SQ":589489.6,"HOLDER_PROFIT_QOQ_SQ":230.878850892279,"ROE_AVG_SQ":0.59426178839,"PE_TTM_SQ":171.063829787234,"PB_TTM_SQ":0.73920838505,"ROA_SQ":0.296144170047,"START_DATE":"2022-01-01 00:00:00","FISCAL_YEAR":"12-31","CURRENCY":"HKD","IS_CNY_CODE":0,"DPS_HKD_LY":null,"ORG_TYPE":"一般企业","PREMIUM_INCOME":null,"PREMIUM_INCOME_YOY":null,"NET_INTEREST_INCOME":null,"NET_INTEREST_INCOME_YOY":null,"FEE_COMMISSION_INCOME":null,"FEE_COMMISSION_INCOME_YOY":null,"ACCOUNTS_RECE_TDAYS":1.907342729745,"INVENTORY_TDAYS":0.501975441086,"CURRENT_ASSETS_TDAYS":0.296397519259,"TOTAL_ASSETS_TDAYS":0.262450469754,"PREMIUM_EXPENSE":null,"LOAN_DEPOSIT":null,"LOAN_EQUITY":null,"LOAN_ASSETS":null,"DEPOSIT_EQUITY":null,"DEPOSIT_ASSETS":null,"EQUITY_MULTIPLIER":2.321646409934,"EQUITY_RATIO":1.321646409932},{"SECUCODE":"03628.HK","SECURITY_CODE":"03628","SECURITY_NAME_ABBR":"仁恒实业控股","ORG_CODE":"10197713","STD_REPORT_DATE":"2022-06-30 00:00:00","REPORT_DATE":"2022-06-30 00:00:00","DATE_TYPE_CODE":"002","REPORT_TYPE":"2022年中报","PER_NETCASH_OPERATE":-0.036822098781,"PER_OI":0.035492512338,"BPS":0.123680258246,"BASIC_EPS":-0.002137975,"DILUTED_EPS":null,"OPERATE_INCOME":28535979.92,"OPERATE_INCOME_YOY":-2.923806476,"GROSS_PROFIT":7847223.44,"GROSS_PROFIT_YOY":-21.533803730735,"HOLDER_PROFIT":-1735180.51,"HOLDER_PROFIT_YOY":-220.7738095238,"GROSS_PROFIT_RATIO":27.499400623352,"EPS_TTM":-0.003163663321,"OPERATE_INCOME_QOQ":-0.108001421893,"NET_PROFIT_RATIO":-6.0806760969,"ROE_AVG":-1.694540139889,"GROSS_PROFIT_QOQ":-9.314937693202,"ROA":-0.811298197071,"HOLDER_PROFIT_QOQ":-531.489429160413,"ROE_YEARLY":-3.389080279779,"ROIC_YEARLY":-2.477819909265,"TOTAL_ASSETS":198564855.72,"TOTAL_LIABILITIES":99125928.09,"TAX_EBT":-11.729074889868,"OCF_SALES":-103.746104051786,"TOTAL_PARENT_EQUITY":99438927.63,"DEBT_ASSET_RATIO":49.9211845573,"OPERATE_PROFIT":-1553025.04,"PRETAX_PROFIT":-1553025.04,"NETCASH_OPERATE":-29604967.42,"NETCASH_INVEST":15852657.03,"NETCASH_FINANCE":-106898.75,"END_CASH":65507554,"DIVI_RATIO":null,"DIVIDEND_RATE":null,"CURRENT_RATIO":1.77037446383,"COMMON_ACS":4000000000,"CURRENTDEBT_DEBT":98.353909465021,"ISSUED_COMMON_SHARES":804000000,"HK_COMMON_SHARES":804000000,"PER_SHARES":4000,"TOTAL_MARKET_CAP":96480000,"HKSK_MARKET_CAP":96480000,"PE_TTM":4.750603180856,"PB_TTM":0.741258633804,"REPORT_DATE_SQ":"2021-06-30 00:00:00","REPORT_TYPE_SQ":"2021年中报","OPERATE_INCOME_SQ":28601085.84,"DPS_HKD":null,"OPERATE_INCOME_QOQ_SQ":-6.127497380057,"NET_PROFIT_RATIO_SQ":4.8875570942,"HOLDER_PROFIT_SQ":1397894.4,"HOLDER_PROFIT_QOQ_SQ":31.653143534216,"ROE_AVG_SQ":1.378291902535,"PE_TTM_SQ":171.063829787234,"PB_TTM_SQ":0.73920838505,"ROA_SQ":0.763218328143,"START_DATE":"2022-01-01 00:00:00","FISCAL_YEAR":"12-31","CURRENCY":"HKD","IS_CNY_CODE":0,"DPS_HKD_LY":null,"ORG_TYPE":"一般企业","PREMIUM_INCOME":null,"PREMIUM_INCOME_YOY":null,"NET_INTEREST_INCOME":null,"NET_INTEREST_INCOME_YOY":null,"FEE_COMMISSION_INCOME":null,"FEE_COMMISSION_INCOME_YOY":null,"ACCOUNTS_RECE_TDAYS":0.879841793013,"INVENTORY_TDAYS":0.297116890294,"CURRENT_ASSETS_TDAYS":0.15250003999,"TOTAL_ASSETS_TDAYS":0.13342236688,"PREMIUM_EXPENSE":null,"LOAN_DEPOSIT":null,"LOAN_EQUITY":null,"LOAN_ASSETS":null,"DEPOSIT_EQUITY":null,"DEPOSIT_ASSETS":null,"EQUITY_MULTIPLIER":1.99685234397,"EQUITY_RATIO":0.996852343972},{"SECUCODE":"03628.HK","SECURITY_CODE":"03628","SECURITY_NAME_ABBR":"仁恒实业控股","ORG_CODE":"10197713","STD_REPORT_DATE":"2021-12-31 00:00:00","REPORT_DATE":"2021-12-31 00:00:00","DATE_TYPE_CODE":"001","REPORT_TYPE":"2021年年报","PER_NETCASH_OPERATE":0.0108199801,"PER_OI":0.074978191045,"BPS":0.125281946269,"BASIC_EPS":0.00073584,"DILUTED_EPS":null,"OPERATE_INCOME":60282465.6,"OPERATE_INCOME_YOY":-3.3403689089,"GROSS_PROFIT":23119275.2,"GROSS_PROFIT_YOY":-7.950820665024,"HOLDER_PROFIT":589489.6,"HOLDER_PROFIT_YOY":192.0817369093,"GROSS_PROFIT_RATIO":38.3515753211,"EPS_TTM":0.00073319602,"OPERATE_INCOME_QOQ":0.027923242338,"NET_PROFIT_RATIO":0.9778790468,"ROE_AVG":0.59426178839,"GROSS_PROFIT_QOQ":9.597174825436,"ROA":0.296144170047,"HOLDER_PROFIT_QOQ":230.878850892279,"ROE_YEARLY":0.59426178839,"ROIC_YEARLY":0.491367002082,"TOTAL_ASSETS":219115164.8,"TOTAL_LIABILITIES":118388480,"TAX_EBT":78.592636579573,"OCF_SALES":14.430836418874,"TOTAL_PARENT_EQUITY":100726684.8,"DEBT_ASSET_RATIO":54.0302539571,"OPERATE_PROFIT":2753676.8,"PRETAX_PROFIT":2753676.8,"NETCASH_OPERATE":8699264,"NETCASH_INVEST":-8328073.6,"NETCASH_FINANCE":-3765048,"END_CASH":78522304,"DIVI_RATIO":null,"DIVIDEND_RATE":null,"CURRENT_RATIO":1.649445952374,"COMMON_ACS":4000000000,"CURRENTDEBT_DEBT":98.720994475138,"ISSUED_COMMON_SHARES":804000000,"HK_COMMON_SHARES":804000000,"PER_SHARES":4000,"TOTAL_MARKET_CAP":96480000,"HKSK_MARKET_CAP":96480000,"PE_TTM":4.750603180856,"PB_TTM":0.741258633804,"REPORT_DATE_SQ":"2020-12-31 00:00:00","REPORT_TYPE_SQ":"2020年年报","OPERATE_INCOME_SQ":64199457.56,"DPS_HKD":null,"OPERATE_INCOME_QOQ_SQ":6.324147656787,"NET_PROFIT_RATIO_SQ":-1.0264948413,"HOLDER_PROFIT_SQ":-659004.12,"HOLDER_PROFIT_QOQ_SQ":-250.772062527872,"ROE_AVG_SQ":-0.673331183489,"PE_TTM_SQ":171.063829787234,"PB_TTM_SQ":0.73920838505,"ROA_SQ":-0.383673069385,"START_DATE":"2021-01-01 00:00:00","FISCAL_YEAR":"12-31","CURRENCY":"HKD","IS_CNY_CODE":0,"DPS_HKD_LY":null,"ORG_TYPE":"一般企业","PREMIUM_INCOME":null,"PREMIUM_INCOME_YOY":null,"NET_INTEREST_INCOME":null,"NET_INTEREST_INCOME_YOY":null,"FEE_COMMISSION_INCOME":null,"FEE_COMMISSION_INCOME_YOY":null,"ACCOUNTS_RECE_TDAYS":2.022742860278,"INVENTORY_TDAYS":0.729639706886,"CURRENT_ASSETS_TDAYS":0.348604160215,"TOTAL_ASSETS_TDAYS":0.302843353699,"PREMIUM_EXPENSE":null,"LOAN_DEPOSIT":null,"LOAN_EQUITY":null,"LOAN_ASSETS":null,"DEPOSIT_EQUITY":null,"DEPOSIT_ASSETS":null,"EQUITY_MULTIPLIER":2.17534375558,"EQUITY_RATIO":1.17534375558},{"SECUCODE":"03628.HK","SECURITY_CODE":"03628","SECURITY_NAME_ABBR":"仁恒实业控股","ORG_CODE":"10197713","STD_REPORT_DATE":"2021-06-30 00:00:00","REPORT_DATE":"2021-06-30 00:00:00","DATE_TYPE_CODE":"002","REPORT_TYPE":"2021年中报","PER_NETCASH_OPERATE":-0.026385422388,"PER_OI":0.035573489851,"BPS":0.12866606209,"BASIC_EPS":0.001747368,"DILUTED_EPS":null,"OPERATE_INCOME":28601085.84,"OPERATE_INCOME_YOY":-3.4954236622,"GROSS_PROFIT":10000769.52,"GROSS_PROFIT_YOY":-28.679115391039,"HOLDER_PROFIT":1397894.4,"HOLDER_PROFIT_YOY":29.0322580645,"GROSS_PROFIT_RATIO":34.966398044977,"EPS_TTM":-0.000560209701,"OPERATE_INCOME_QOQ":-6.127497380057,"NET_PROFIT_RATIO":4.8875570942,"ROE_AVG":1.378291902535,"GROSS_PROFIT_QOQ":-16.011357517573,"ROA":0.763218328143,"HOLDER_PROFIT_QOQ":31.653143534216,"ROE_YEARLY":2.75658380507,"ROIC_YEARLY":2.52724688043,"TOTAL_ASSETS":184150953.12,"TOTAL_LIABILITIES":80703439.2,"TAX_EBT":-58.19209039548,"OCF_SALES":-74.17158816513,"TOTAL_PARENT_EQUITY":103447513.92,"DEBT_ASSET_RATIO":43.8246111859,"OPERATE_PROFIT":883668.96,"PRETAX_PROFIT":883668.96,"NETCASH_OPERATE":-21213879.6,"NETCASH_INVEST":2324831.52,"NETCASH_FINANCE":-168080.16,"END_CASH":64004425.68,"DIVI_RATIO":null,"DIVIDEND_RATE":null,"CURRENT_RATIO":1.981451807166,"COMMON_ACS":4000000000,"CURRENTDEBT_DEBT":98.444169502011,"ISSUED_COMMON_SHARES":804000000,"HK_COMMON_SHARES":804000000,"PER_SHARES":4000,"TOTAL_MARKET_CAP":96480000,"HKSK_MARKET_CAP":96480000,"PE_TTM":4.750603180856,"PB_TTM":0.741258633804,"REPORT_DATE_SQ":"2020-06-30 00:00:00","REPORT_TYPE_SQ":"2020年中报","OPERATE_INCOME_SQ":32534905.92,"DPS_HKD":null,"OPERATE_INCOME_QOQ_SQ":-5.735204676543,"NET_PROFIT_RATIO_SQ":3.655455107,"HOLDER_PROFIT_SQ":1189298.88,"HOLDER_PROFIT_QOQ_SQ":-30.59183431514,"ROE_AVG_SQ":1.154183694274,"PE_TTM_SQ":171.063829787234,"PB_TTM_SQ":0.73920838505,"ROA_SQ":0.678628669716,"START_DATE":"2021-01-01 00:00:00","FISCAL_YEAR":"12-31","CURRENCY":"HKD","IS_CNY_CODE":0,"DPS_HKD_LY":null,"ORG_TYPE":"一般企业","PREMIUM_INCOME":null,"PREMIUM_INCOME_YOY":null,"NET_INTEREST_INCOME":null,"NET_INTEREST_INCOME_YOY":null,"FEE_COMMISSION_INCOME":null,"FEE_COMMISSION_INCOME_YOY":null,"ACCOUNTS_RECE_TDAYS":0.873464201766,"INVENTORY_TDAYS":0.423166841771,"CURRENT_ASSETS_TDAYS":0.182634499871,"TOTAL_ASSETS_TDAYS":0.156155378531,"PREMIUM_EXPENSE":null,"LOAN_DEPOSIT":null,"LOAN_EQUITY":null,"LOAN_ASSETS":null,"DEPOSIT_EQUITY":null,"DEPOSIT_ASSETS":null,"EQUITY_MULTIPLIER":1.780138991666,"EQUITY_RATIO":0.780138991667},{"SECUCODE":"03628.HK","SECURITY_CODE":"03628","SECURITY_NAME_ABBR":"仁恒实业控股","ORG_CODE":"10197713","STD_REPORT_DATE":"2020-12-31 00:00:00","REPORT_DATE":"2020-12-31 00:00:00","DATE_TYPE_CODE":"001","REPORT_TYPE":"2020年年报","PER_NETCASH_OPERATE":0.02480535005,"PER_OI":0.079850071592,"BPS":0.125048442587,"BASIC_EPS":-0.00084164,"DILUTED_EPS":null,"OPERATE_INCOME":64199457.56,"OPERATE_INCOME_YOY":6.6734725272,"GROSS_PROFIT":25116220.88,"GROSS_PROFIT_YOY":-16.060291166215,"HOLDER_PROFIT":-659004.12,"HOLDER_PROFIT_YOY":-211.3798008535,"GROSS_PROFIT_RATIO":39.122169928814,"EPS_TTM":-0.000819656866,"OPERATE_INCOME_QOQ":6.324147656787,"NET_PROFIT_RATIO":-1.0264948413,"ROE_AVG":-0.673331183489,"GROSS_PROFIT_QOQ":-17.936058663008,"ROA":-0.383673069385,"HOLDER_PROFIT_QOQ":-250.772062527872,"ROE_YEARLY":-0.673331183489,"ROIC_YEARLY":-0.651048703931,"TOTAL_ASSETS":184257720.28,"TOTAL_LIABILITIES":83718772.44,"TAX_EBT":131.433159373745,"OCF_SALES":31.064906461805,"TOTAL_PARENT_EQUITY":100538947.84,"DEBT_ASSET_RATIO":45.4356931763,"OPERATE_PROFIT":2096525.24,"PRETAX_PROFIT":2096525.24,"NETCASH_OPERATE":19943501.44,"NETCASH_INVEST":-819757.36,"NETCASH_FINANCE":-318139.92,"END_CASH":81990885.52,"DIVI_RATIO":null,"DIVIDEND_RATE":null,"CURRENT_RATIO":1.913983111493,"COMMON_ACS":4000000000,"CURRENTDEBT_DEBT":98.338209126278,"ISSUED_COMMON_SHARES":804000000,"HK_COMMON_SHARES":804000000,"PER_SHARES":4000,"TOTAL_MARKET_CAP":96480000,"HKSK_MARKET_CAP":96480000,"PE_TTM":4.750603180856,"PB_TTM":0.741258633804,"REPORT_DATE_SQ":"2019-12-31 00:00:00","REPORT_TYPE_SQ":"2019年年报","OPERATE_INCOME_SQ":64054540.46,"DPS_HKD":null,"OPERATE_INCOME_QOQ_SQ":-13.321852967768,"NET_PROFIT_RATIO_SQ":0.9831205337,"HOLDER_PROFIT_SQ":629733.34,"HOLDER_PROFIT_QOQ_SQ":-90.793714577596,"ROE_AVG_SQ":0.615570519163,"PE_TTM_SQ":171.063829787234,"PB_TTM_SQ":0.73920838505,"ROA_SQ":0.372418761853,"START_DATE":"2020-01-01 00:00:00","FISCAL_YEAR":"12-31","CURRENCY":"HKD","IS_CNY_CODE":0,"DPS_HKD_LY":null,"ORG_TYPE":"一般企业","PREMIUM_INCOME":null,"PREMIUM_INCOME_YOY":null,"NET_INTEREST_INCOME":null,"NET_INTEREST_INCOME_YOY":null,"FEE_COMMISSION_INCOME":null,"FEE_COMMISSION_INCOME_YOY":null,"ACCOUNTS_RECE_TDAYS":2.115130256353,"INVENTORY_TDAYS":1.057068062827,"CURRENT_ASSETS_TDAYS":0.44077639608,"TOTAL_ASSETS_TDAYS":0.373770090161,"PREMIUM_EXPENSE":null,"LOAN_DEPOSIT":null,"LOAN_EQUITY":null,"LOAN_ASSETS":null,"DEPOSIT_EQUITY":null,"DEPOSIT_ASSETS":null,"EQUITY_MULTIPLIER":1.832699906243,"EQUITY_RATIO":0.832699906242},{"SECUCODE":"03628.HK","SECURITY_CODE":"03628","SECURITY_NAME_ABBR":"仁恒实业控股","ORG_CODE":"10197713","STD_REPORT_DATE":"2020-06-30 00:00:00","REPORT_DATE":"2020-06-30 00:00:00","DATE_TYPE_CODE":"002","REPORT_TYPE":"2020年中报","PER_NETCASH_OPERATE":-0.000120428657,"PER_OI":0.040466300896,"BPS":0.127807752239,"BASIC_EPS":0.00182688,"DILUTED_EPS":null,"OPERATE_INCOME":32534905.92,"OPERATE_INCOME_YOY":-13.4687332977,"GROSS_PROFIT":14022217.44,"GROSS_PROFIT_YOY":5.127592351909,"HOLDER_PROFIT":1189298.88,"HOLDER_PROFIT_YOY":-17.1228516868,"GROSS_PROFIT_RATIO":43.098994890224,"EPS_TTM":0.000543639751,"OPERATE_INCOME_QOQ":-5.735204676543,"NET_PROFIT_RATIO":3.655455107,"ROE_AVG":1.154183694274,"GROSS_PROFIT_QOQ":2.285738981376,"ROA":0.678628669716,"HOLDER_PROFIT_QOQ":-30.59183431514,"ROE_YEARLY":2.308367388549,"ROIC_YEARLY":2.152973567371,"TOTAL_ASSETS":177647638.08,"TOTAL_LIABILITIES":74890205.28,"TAX_EBT":55.242351323479,"OCF_SALES":-0.297602335898,"TOTAL_PARENT_EQUITY":102757432.8,"DEBT_ASSET_RATIO":42.1566006109,"OPERATE_PROFIT":2657196.96,"PRETAX_PROFIT":2657196.96,"NETCASH_OPERATE":-96824.64,"NETCASH_INVEST":2561285.76,"NETCASH_FINANCE":-165332.64,"END_CASH":65411438.4,"DIVI_RATIO":null,"DIVIDEND_RATE":null,"CURRENT_RATIO":2.077117477793,"COMMON_ACS":4000000000,"CURRENTDEBT_DEBT":97.491065656751,"ISSUED_COMMON_SHARES":804000000,"HK_COMMON_SHARES":804000000,"PER_SHARES":4000,"TOTAL_MARKET_CAP":96480000,"HKSK_MARKET_CAP":96480000,"PE_TTM":4.750603180856,"PB_TTM":0.741258633804,"REPORT_DATE_SQ":"2019-06-30 00:00:00","REPORT_TYPE_SQ":"2019年中报","OPERATE_INCOME_SQ":36208564.92,"DPS_HKD":null,"OPERATE_INCOME_QOQ_SQ":-16.529921813002,"NET_PROFIT_RATIO_SQ":3.8166269861,"HOLDER_PROFIT_SQ":1381945.86,"HOLDER_PROFIT_QOQ_SQ":-15.355880021966,"ROE_AVG_SQ":1.363744872936,"PE_TTM_SQ":171.063829787234,"PB_TTM_SQ":0.73920838505,"ROA_SQ":0.866443115886,"START_DATE":"2020-01-01 00:00:00","FISCAL_YEAR":"12-31","CURRENCY":"HKD","IS_CNY_CODE":0,"DPS_HKD_LY":null,"ORG_TYPE":"一般企业","PREMIUM_INCOME":null,"PREMIUM_INCOME_YOY":null,"NET_INTEREST_INCOME":null,"NET_INTEREST_INCOME_YOY":null,"FEE_COMMISSION_INCOME":null,"FEE_COMMISSION_INCOME_YOY":null,"ACCOUNTS_RECE_TDAYS":0.866270232145,"INVENTORY_TDAYS":0.471013398097,"CURRENT_ASSETS_TDAYS":0.219245708095,"TOTAL_ASSETS_TDAYS":0.185648202442,"PREMIUM_EXPENSE":null,"LOAN_DEPOSIT":null,"LOAN_EQUITY":null,"LOAN_ASSETS":null,"DEPOSIT_EQUITY":null,"DEPOSIT_ASSETS":null,"EQUITY_MULTIPLIER":1.7288057247,"EQUITY_RATIO":0.728805724699}],"count":36},"success":true,"message":"ok","code":0}