{"version":"2c2f89d3c750af83ed6bc886b13c7c98","result":{"pages":3,"data":[{"SECUCODE":"03639.HK","SECURITY_CODE":"03639","SECURITY_NAME_ABBR":"亿达中国","ORG_CODE":"10400414","STD_REPORT_DATE":"2023-06-30 00:00:00","REPORT_DATE":"2023-06-30 00:00:00","DATE_TYPE_CODE":"002","REPORT_TYPE":"2023年中报","PER_NETCASH_OPERATE":0.145905331718,"PER_OI":0.60854847386,"BPS":4.357641536086,"BASIC_EPS":-0.014,"DILUTED_EPS":-0.014,"OPERATE_INCOME":1572471000,"OPERATE_INCOME_YOY":-51.7654330455,"GROSS_PROFIT":309079000,"GROSS_PROFIT_YOY":-58.615541582759,"HOLDER_PROFIT":-35720000,"HOLDER_PROFIT_YOY":-294.5004083855,"GROSS_PROFIT_RATIO":19.655624809615,"EPS_TTM":-0.306063150888,"OPERATE_INCOME_QOQ":-37.229377159065,"NET_PROFIT_RATIO":-2.6860908723,"ROE_AVG":-0.31672633364,"GROSS_PROFIT_QOQ":-41.282760727865,"ROA":-0.090476127455,"HOLDER_PROFIT_QOQ":-7.340795604616,"ROE_YEARLY":-0.63345266728,"ROIC_YEARLY":-0.18199769912,"TOTAL_ASSETS":39275991000,"TOTAL_LIABILITIES":27912552000,"TAX_EBT":-585.236859182349,"OCF_SALES":23.975958857111,"TOTAL_PARENT_EQUITY":11260015000,"DEBT_ASSET_RATIO":71.067721754,"OPERATE_PROFIT":234195000,"PRETAX_PROFIT":-6164000,"NETCASH_OPERATE":377015000,"NETCASH_INVEST":-74472000,"NETCASH_FINANCE":-317379000,"END_CASH":112683000,"DIVI_RATIO":null,"DIVIDEND_RATE":null,"CURRENT_RATIO":0.649774862757,"COMMON_ACS":50000000000,"CURRENTDEBT_DEBT":89.09789760535,"ISSUED_COMMON_SHARES":2583970000,"HK_COMMON_SHARES":2583970000,"PER_SHARES":2000,"TOTAL_MARKET_CAP":250645090,"HKSK_MARKET_CAP":250645090,"PE_TTM":-0.28320780313,"PB_TTM":0.020523041939,"REPORT_DATE_SQ":"2022-06-30 00:00:00","REPORT_TYPE_SQ":"2022年中报","OPERATE_INCOME_SQ":3260050000,"DPS_HKD":null,"OPERATE_INCOME_QOQ_SQ":26.704757032584,"NET_PROFIT_RATIO_SQ":0.343307618,"HOLDER_PROFIT_SQ":18365000,"HOLDER_PROFIT_QOQ_SQ":-8625.66462167689,"ROE_AVG_SQ":0.152511808869,"PE_TTM_SQ":-0.402914194143,"PB_TTM_SQ":0.029197729769,"ROA_SQ":0.043415121133,"START_DATE":"2023-01-01 00:00:00","FISCAL_YEAR":"12-31","CURRENCY":"HKD","IS_CNY_CODE":0,"DPS_HKD_LY":null,"ORG_TYPE":"一般企业","PREMIUM_INCOME":null,"PREMIUM_INCOME_YOY":null,"NET_INTEREST_INCOME":null,"NET_INTEREST_INCOME_YOY":null,"FEE_COMMISSION_INCOME":null,"FEE_COMMISSION_INCOME_YOY":null,"ACCOUNTS_RECE_TDAYS":3.945846183186,"INVENTORY_TDAYS":0.093309033737,"CURRENT_ASSETS_TDAYS":0.096179687644,"TOTAL_ASSETS_TDAYS":0.039829531527,"PREMIUM_EXPENSE":null,"LOAN_DEPOSIT":null,"LOAN_EQUITY":null,"LOAN_ASSETS":null,"DEPOSIT_EQUITY":null,"DEPOSIT_ASSETS":null,"EQUITY_MULTIPLIER":3.456347237841,"EQUITY_RATIO":2.478908953496},{"SECUCODE":"03639.HK","SECURITY_CODE":"03639","SECURITY_NAME_ABBR":"亿达中国","ORG_CODE":"10400414","STD_REPORT_DATE":"2022-12-31 00:00:00","REPORT_DATE":"2022-12-31 00:00:00","DATE_TYPE_CODE":"001","REPORT_TYPE":"2022年年报","PER_NETCASH_OPERATE":0.228536709018,"PER_OI":1.754247533834,"BPS":4.371465225989,"BASIC_EPS":-0.2851,"DILUTED_EPS":-0.2851,"OPERATE_INCOME":4532923000,"OPERATE_INCOME_YOY":-15.9801967168,"GROSS_PROFIT":1060416000,"GROSS_PROFIT_YOY":-35.103139408642,"HOLDER_PROFIT":-736773000,"HOLDER_PROFIT_YOY":-25211.554192229,"GROSS_PROFIT_RATIO":23.393646880832,"EPS_TTM":-0.285132180327,"OPERATE_INCOME_QOQ":-33.688517107863,"NET_PROFIT_RATIO":-16.247639768,"ROE_AVG":-6.316575148844,"GROSS_PROFIT_QOQ":-44.497314148104,"ROA":-1.777344275578,"HOLDER_PROFIT_QOQ":-194.540722706612,"ROE_YEARLY":-6.316575148844,"ROIC_YEARLY":-1.795730924671,"TOTAL_ASSETS":39684064000,"TOTAL_LIABILITIES":28278387000,"TAX_EBT":-137.134715693219,"OCF_SALES":13.027620367697,"TOTAL_PARENT_EQUITY":11295735000,"DEBT_ASSET_RATIO":71.25879799,"OPERATE_PROFIT":630334000,"PRETAX_PROFIT":-310580000,"NETCASH_OPERATE":590532000,"NETCASH_INVEST":138114000,"NETCASH_FINANCE":-1044327000,"END_CASH":127519000,"DIVI_RATIO":null,"DIVIDEND_RATE":null,"CURRENT_RATIO":0.649162805872,"COMMON_ACS":50000000000,"CURRENTDEBT_DEBT":90.095251896793,"ISSUED_COMMON_SHARES":2583970000,"HK_COMMON_SHARES":2583970000,"PER_SHARES":2000,"TOTAL_MARKET_CAP":250645090,"HKSK_MARKET_CAP":250645090,"PE_TTM":-0.28320780313,"PB_TTM":0.020523041939,"REPORT_DATE_SQ":"2021-12-31 00:00:00","REPORT_TYPE_SQ":"2021年年报","OPERATE_INCOME_SQ":5395065000,"DPS_HKD":null,"OPERATE_INCOME_QOQ_SQ":1.629633676208,"NET_PROFIT_RATIO_SQ":0.4113018101,"HOLDER_PROFIT_SQ":2934000,"HOLDER_PROFIT_QOQ_SQ":-97.995627818008,"ROE_AVG_SQ":0.024386917142,"PE_TTM_SQ":-0.522620585157,"PB_TTM_SQ":0.037872417599,"ROA_SQ":0.00661633382,"START_DATE":"2022-01-01 00:00:00","FISCAL_YEAR":"12-31","CURRENCY":"HKD","IS_CNY_CODE":0,"DPS_HKD_LY":null,"ORG_TYPE":"一般企业","PREMIUM_INCOME":null,"PREMIUM_INCOME_YOY":null,"NET_INTEREST_INCOME":null,"NET_INTEREST_INCOME_YOY":null,"FEE_COMMISSION_INCOME":null,"FEE_COMMISSION_INCOME_YOY":null,"ACCOUNTS_RECE_TDAYS":9.74352784895,"INVENTORY_TDAYS":0.239812305209,"CURRENT_ASSETS_TDAYS":0.250883468793,"TOTAL_ASSETS_TDAYS":0.109349348384,"PREMIUM_EXPENSE":null,"LOAN_DEPOSIT":null,"LOAN_EQUITY":null,"LOAN_ASSETS":null,"DEPOSIT_EQUITY":null,"DEPOSIT_ASSETS":null,"EQUITY_MULTIPLIER":3.479325602499,"EQUITY_RATIO":2.503457012757},{"SECUCODE":"03639.HK","SECURITY_CODE":"03639","SECURITY_NAME_ABBR":"亿达中国","ORG_CODE":"10400414","STD_REPORT_DATE":"2022-06-30 00:00:00","REPORT_DATE":"2022-06-30 00:00:00","DATE_TYPE_CODE":"002","REPORT_TYPE":"2022年中报","PER_NETCASH_OPERATE":0.123775430829,"PER_OI":1.261643904535,"BPS":4.663704686974,"BASIC_EPS":0.007,"DILUTED_EPS":0.007,"OPERATE_INCOME":3260050000,"OPERATE_INCOME_YOY":79.1914631418,"GROSS_PROFIT":746848000,"GROSS_PROFIT_YOY":58.808206973248,"HOLDER_PROFIT":18365000,"HOLDER_PROFIT_YOY":-93.2342820934,"GROSS_PROFIT_RATIO":22.90909648625,"EPS_TTM":-0.096805690469,"OPERATE_INCOME_QOQ":26.704757032584,"NET_PROFIT_RATIO":0.343307618,"ROE_AVG":0.152511808869,"GROSS_PROFIT_QOQ":16.925621878064,"ROA":0.043415121133,"HOLDER_PROFIT_QOQ":-8625.66462167689,"ROE_YEARLY":0.305023617739,"ROIC_YEARLY":0.087862526363,"TOTAL_ASSETS":41378745000,"TOTAL_LIABILITIES":29166812000,"TAX_EBT":96.453255671717,"OCF_SALES":9.810647075965,"TOTAL_PARENT_EQUITY":12050873000,"DEBT_ASSET_RATIO":70.4874253678,"OPERATE_PROFIT":519181000,"PRETAX_PROFIT":315557000,"NETCASH_OPERATE":319832000,"NETCASH_INVEST":105886000,"NETCASH_FINANCE":-647436000,"END_CASH":221482000,"DIVI_RATIO":null,"DIVIDEND_RATE":null,"CURRENT_RATIO":0.692225733053,"COMMON_ACS":50000000000,"CURRENTDEBT_DEBT":90.242193764612,"ISSUED_COMMON_SHARES":2583970000,"HK_COMMON_SHARES":2583970000,"PER_SHARES":2000,"TOTAL_MARKET_CAP":250645090,"HKSK_MARKET_CAP":250645090,"PE_TTM":-0.28320780313,"PB_TTM":0.020523041939,"REPORT_DATE_SQ":"2021-06-30 00:00:00","REPORT_TYPE_SQ":"2021年中报","OPERATE_INCOME_SQ":1819311000,"DPS_HKD":null,"OPERATE_INCOME_QOQ_SQ":2.004736921393,"NET_PROFIT_RATIO_SQ":15.6732960995,"HOLDER_PROFIT_SQ":271442000,"HOLDER_PROFIT_QOQ_SQ":-15.179399221213,"ROE_AVG_SQ":2.231281691073,"PE_TTM_SQ":-0.522620585157,"PB_TTM_SQ":0.037872417599,"ROA_SQ":0.602680126128,"START_DATE":"2022-01-01 00:00:00","FISCAL_YEAR":"12-31","CURRENCY":"HKD","IS_CNY_CODE":0,"DPS_HKD_LY":null,"ORG_TYPE":"一般企业","PREMIUM_INCOME":null,"PREMIUM_INCOME_YOY":null,"NET_INTEREST_INCOME":null,"NET_INTEREST_INCOME_YOY":null,"FEE_COMMISSION_INCOME":null,"FEE_COMMISSION_INCOME_YOY":null,"ACCOUNTS_RECE_TDAYS":6.560809824964,"INVENTORY_TDAYS":0.171173790025,"CURRENT_ASSETS_TDAYS":0.172413861492,"TOTAL_ASSETS_TDAYS":0.077068045549,"PREMIUM_EXPENSE":null,"LOAN_DEPOSIT":null,"LOAN_EQUITY":null,"LOAN_ASSETS":null,"DEPOSIT_EQUITY":null,"DEPOSIT_ASSETS":null,"EQUITY_MULTIPLIER":3.388386179324,"EQUITY_RATIO":2.42030697693},{"SECUCODE":"03639.HK","SECURITY_CODE":"03639","SECURITY_NAME_ABBR":"亿达中国","ORG_CODE":"10400414","STD_REPORT_DATE":"2021-12-31 00:00:00","REPORT_DATE":"2021-12-31 00:00:00","DATE_TYPE_CODE":"001","REPORT_TYPE":"2021年年报","PER_NETCASH_OPERATE":0.792092787455,"PER_OI":2.087897692311,"BPS":4.656597406317,"BASIC_EPS":0.0011,"DILUTED_EPS":0.0011,"OPERATE_INCOME":5395065000,"OPERATE_INCOME_YOY":11.2635509948,"GROSS_PROFIT":1634002000,"GROSS_PROFIT_YOY":39.656022679974,"HOLDER_PROFIT":2934000,"HOLDER_PROFIT_YOY":-98.2998794734,"GROSS_PROFIT_RATIO":30.286975226434,"EPS_TTM":0.001135462099,"OPERATE_INCOME_QOQ":1.629633676208,"NET_PROFIT_RATIO":0.4113018101,"ROE_AVG":0.024386917142,"GROSS_PROFIT_QOQ":35.552891694699,"ROA":0.00661633382,"HOLDER_PROFIT_QOQ":-97.995627818008,"ROE_YEARLY":0.024386917142,"ROIC_YEARLY":0.006727527633,"TOTAL_ASSETS":43223115000,"TOTAL_LIABILITIES":31022374000,"TAX_EBT":-251.016694166748,"OCF_SALES":37.937337177587,"TOTAL_PARENT_EQUITY":12032508000,"DEBT_ASSET_RATIO":71.7726475753,"OPERATE_PROFIT":956969000,"PRETAX_PROFIT":-247272000,"NETCASH_OPERATE":2046744000,"NETCASH_INVEST":1576395000,"NETCASH_FINANCE":-3752176000,"END_CASH":443200000,"DIVI_RATIO":null,"DIVIDEND_RATE":null,"CURRENT_RATIO":0.751819339769,"COMMON_ACS":50000000000,"CURRENTDEBT_DEBT":84.022057757411,"ISSUED_COMMON_SHARES":2583970000,"HK_COMMON_SHARES":2583970000,"PER_SHARES":2000,"TOTAL_MARKET_CAP":250645090,"HKSK_MARKET_CAP":250645090,"PE_TTM":-0.28320780313,"PB_TTM":0.020523041939,"REPORT_DATE_SQ":"2020-12-31 00:00:00","REPORT_TYPE_SQ":"2020年年报","OPERATE_INCOME_SQ":4848906000,"DPS_HKD":null,"OPERATE_INCOME_QOQ_SQ":-4.679671360496,"NET_PROFIT_RATIO_SQ":3.7822929989,"HOLDER_PROFIT_SQ":172576000,"HOLDER_PROFIT_QOQ_SQ":-61.588404584213,"ROE_AVG_SQ":1.444962466778,"PE_TTM_SQ":-0.522620585157,"PB_TTM_SQ":0.037872417599,"ROA_SQ":0.386335572973,"START_DATE":"2021-01-01 00:00:00","FISCAL_YEAR":"12-31","CURRENCY":"HKD","IS_CNY_CODE":0,"DPS_HKD_LY":null,"ORG_TYPE":"一般企业","PREMIUM_INCOME":null,"PREMIUM_INCOME_YOY":null,"NET_INTEREST_INCOME":null,"NET_INTEREST_INCOME_YOY":null,"FEE_COMMISSION_INCOME":null,"FEE_COMMISSION_INCOME_YOY":null,"ACCOUNTS_RECE_TDAYS":9.49782714515,"INVENTORY_TDAYS":0.247519955427,"CURRENT_ASSETS_TDAYS":0.268799709909,"TOTAL_ASSETS_TDAYS":0.121661728094,"PREMIUM_EXPENSE":null,"LOAN_DEPOSIT":null,"LOAN_EQUITY":null,"LOAN_ASSETS":null,"DEPOSIT_EQUITY":null,"DEPOSIT_ASSETS":null,"EQUITY_MULTIPLIER":3.542663105467,"EQUITY_RATIO":2.578213453089},{"SECUCODE":"03639.HK","SECURITY_CODE":"03639","SECURITY_NAME_ABBR":"亿达中国","ORG_CODE":"10400414","STD_REPORT_DATE":"2021-06-30 00:00:00","REPORT_DATE":"2021-06-30 00:00:00","DATE_TYPE_CODE":"002","REPORT_TYPE":"2021年中报","PER_NETCASH_OPERATE":0.492789002968,"PER_OI":0.704075898714,"BPS":4.760510377442,"BASIC_EPS":0.105,"DILUTED_EPS":0.105,"OPERATE_INCOME":1819311000,"OPERATE_INCOME_YOY":6.083511178,"GROSS_PROFIT":470283000,"GROSS_PROFIT_YOY":-7.719612891073,"HOLDER_PROFIT":271442000,"HOLDER_PROFIT_YOY":-8.8012955335,"GROSS_PROFIT_RATIO":25.849511161093,"EPS_TTM":0.056649264504,"OPERATE_INCOME_QOQ":2.004736921393,"NET_PROFIT_RATIO":15.6732960995,"ROE_AVG":2.231281691073,"GROSS_PROFIT_QOQ":-3.160488312757,"ROA":0.602680126128,"HOLDER_PROFIT_QOQ":-15.179399221213,"ROE_YEARLY":4.462563382146,"ROIC_YEARLY":1.226098657371,"TOTAL_ASSETS":44611813000,"TOTAL_LIABILITIES":32016916000,"TAX_EBT":53.246936372967,"OCF_SALES":69.990892156426,"TOTAL_PARENT_EQUITY":12301016000,"DEBT_ASSET_RATIO":71.7677983632,"OPERATE_PROFIT":1004644000,"PRETAX_PROFIT":609898000,"NETCASH_OPERATE":1273352000,"NETCASH_INVEST":908706000,"NETCASH_FINANCE":-2379024000,"END_CASH":375271000,"DIVI_RATIO":null,"DIVIDEND_RATE":null,"CURRENT_RATIO":0.757364685895,"COMMON_ACS":50000000000,"CURRENTDEBT_DEBT":83.98116795509,"ISSUED_COMMON_SHARES":2583970000,"HK_COMMON_SHARES":2583970000,"PER_SHARES":2000,"TOTAL_MARKET_CAP":250645090,"HKSK_MARKET_CAP":250645090,"PE_TTM":-0.28320780313,"PB_TTM":0.020523041939,"REPORT_DATE_SQ":"2020-06-30 00:00:00","REPORT_TYPE_SQ":"2020年中报","OPERATE_INCOME_SQ":1714980000,"DPS_HKD":null,"OPERATE_INCOME_QOQ_SQ":-10.163540329746,"NET_PROFIT_RATIO_SQ":16.6110391958,"HOLDER_PROFIT_SQ":297638000,"HOLDER_PROFIT_QOQ_SQ":-0.196150736176,"ROE_AVG_SQ":2.479114915711,"PE_TTM_SQ":-0.522620585157,"PB_TTM_SQ":0.037872417599,"ROA_SQ":0.651466903135,"START_DATE":"2021-01-01 00:00:00","FISCAL_YEAR":"12-31","CURRENCY":"HKD","IS_CNY_CODE":0,"DPS_HKD_LY":null,"ORG_TYPE":"一般企业","PREMIUM_INCOME":null,"PREMIUM_INCOME_YOY":null,"NET_INTEREST_INCOME":null,"NET_INTEREST_INCOME_YOY":null,"FEE_COMMISSION_INCOME":null,"FEE_COMMISSION_INCOME_YOY":null,"ACCOUNTS_RECE_TDAYS":3.429769609405,"INVENTORY_TDAYS":0.088222342633,"CURRENT_ASSETS_TDAYS":0.08894341262,"TOTAL_ASSETS_TDAYS":0.040393991458,"PREMIUM_EXPENSE":null,"LOAN_DEPOSIT":null,"LOAN_EQUITY":null,"LOAN_ASSETS":null,"DEPOSIT_EQUITY":null,"DEPOSIT_ASSETS":null,"EQUITY_MULTIPLIER":3.542054611485,"EQUITY_RATIO":2.602786306432},{"SECUCODE":"03639.HK","SECURITY_CODE":"03639","SECURITY_NAME_ABBR":"亿达中国","ORG_CODE":"10400414","STD_REPORT_DATE":"2020-12-31 00:00:00","REPORT_DATE":"2020-12-31 00:00:00","DATE_TYPE_CODE":"001","REPORT_TYPE":"2020年年报","PER_NETCASH_OPERATE":1.218956489433,"PER_OI":1.876533396286,"BPS":4.655461944218,"BASIC_EPS":0.0668,"DILUTED_EPS":0.0668,"OPERATE_INCOME":4848906000,"OPERATE_INCOME_YOY":-14.3675914042,"GROSS_PROFIT":1170019000,"GROSS_PROFIT_YOY":-45.084973756207,"HOLDER_PROFIT":172576000,"HOLDER_PROFIT_YOY":-61.6637492114,"GROSS_PROFIT_RATIO":23.918570760982,"EPS_TTM":0.066787153102,"OPERATE_INCOME_QOQ":-4.679671360496,"NET_PROFIT_RATIO":3.7822929989,"ROE_AVG":1.444962466778,"GROSS_PROFIT_QOQ":-22.859269367512,"ROA":0.386335572973,"HOLDER_PROFIT_QOQ":-61.588404584213,"ROE_YEARLY":1.444962466778,"ROIC_YEARLY":0.397758258279,"TOTAL_ASSETS":45466485000,"TOTAL_LIABILITIES":33154703000,"TAX_EBT":66.638982271415,"OCF_SALES":60.522894479561,"TOTAL_PARENT_EQUITY":12029574000,"DEBT_ASSET_RATIO":72.9211923904,"OPERATE_PROFIT":794500000,"PRETAX_PROFIT":504496000,"NETCASH_OPERATE":3149747000,"NETCASH_INVEST":-2827213000,"NETCASH_FINANCE":-782963000,"END_CASH":572237000,"DIVI_RATIO":null,"DIVIDEND_RATE":null,"CURRENT_RATIO":0.767389693861,"COMMON_ACS":50000000000,"CURRENTDEBT_DEBT":80.751433665384,"ISSUED_COMMON_SHARES":2583970000,"HK_COMMON_SHARES":2583970000,"PER_SHARES":2000,"TOTAL_MARKET_CAP":250645090,"HKSK_MARKET_CAP":250645090,"PE_TTM":-0.28320780313,"PB_TTM":0.020523041939,"REPORT_DATE_SQ":"2019-12-31 00:00:00","REPORT_TYPE_SQ":"2019年年报","OPERATE_INCOME_SQ":6077400000,"DPS_HKD":null,"OPERATE_INCOME_QOQ_SQ":-19.508399143722,"NET_PROFIT_RATIO_SQ":10.4996050943,"HOLDER_PROFIT_SQ":450164000,"HOLDER_PROFIT_QOQ_SQ":-32.813449130699,"ROE_AVG_SQ":3.875388463005,"PE_TTM_SQ":-0.522620585157,"PB_TTM_SQ":0.037872417599,"ROA_SQ":1.035337870103,"START_DATE":"2020-01-01 00:00:00","FISCAL_YEAR":"12-31","CURRENCY":"HKD","IS_CNY_CODE":0,"DPS_HKD_LY":null,"ORG_TYPE":"一般企业","PREMIUM_INCOME":null,"PREMIUM_INCOME_YOY":null,"NET_INTEREST_INCOME":null,"NET_INTEREST_INCOME_YOY":null,"FEE_COMMISSION_INCOME":null,"FEE_COMMISSION_INCOME_YOY":null,"ACCOUNTS_RECE_TDAYS":6.452943106136,"INVENTORY_TDAYS":0.298345264035,"CURRENT_ASSETS_TDAYS":0.268261133137,"TOTAL_ASSETS_TDAYS":0.11650385111,"PREMIUM_EXPENSE":null,"LOAN_DEPOSIT":null,"LOAN_EQUITY":null,"LOAN_ASSETS":null,"DEPOSIT_EQUITY":null,"DEPOSIT_ASSETS":null,"EQUITY_MULTIPLIER":3.692924793503,"EQUITY_RATIO":2.756099509426},{"SECUCODE":"03639.HK","SECURITY_CODE":"03639","SECURITY_NAME_ABBR":"亿达中国","ORG_CODE":"10400414","STD_REPORT_DATE":"2020-06-30 00:00:00","REPORT_DATE":"2020-06-30 00:00:00","DATE_TYPE_CODE":"002","REPORT_TYPE":"2020年中报","PER_NETCASH_OPERATE":0.149421239411,"PER_OI":0.663699655956,"BPS":4.703861112939,"BASIC_EPS":0.1152,"DILUTED_EPS":0.1152,"OPERATE_INCOME":1714980000,"OPERATE_INCOME_YOY":-26.4796097501,"GROSS_PROFIT":509624000,"GROSS_PROFIT_YOY":-50.357108067564,"HOLDER_PROFIT":297638000,"HOLDER_PROFIT_YOY":-0.2957915859,"GROSS_PROFIT_RATIO":29.716031673839,"EPS_TTM":0.173872374679,"OPERATE_INCOME_QOQ":-10.163540329746,"NET_PROFIT_RATIO":16.6110391958,"ROE_AVG":2.479114915711,"GROSS_PROFIT_QOQ":-24.263411369291,"ROA":0.651466903135,"HOLDER_PROFIT_QOQ":-0.196150736176,"ROE_YEARLY":4.958229831423,"ROIC_YEARLY":1.346513897718,"TOTAL_ASSETS":47501248000,"TOTAL_LIABILITIES":34668851000,"TAX_EBT":35.933395703645,"OCF_SALES":22.513382080258,"TOTAL_PARENT_EQUITY":12154636000,"DEBT_ASSET_RATIO":72.9851371484,"OPERATE_PROFIT":643818000,"PRETAX_PROFIT":444656000,"NETCASH_OPERATE":386100000,"NETCASH_INVEST":-2444274000,"NETCASH_FINANCE":1593912000,"END_CASH":568404000,"DIVI_RATIO":null,"DIVIDEND_RATE":null,"CURRENT_RATIO":0.790916203925,"COMMON_ACS":50000000000,"CURRENTDEBT_DEBT":81.349967439071,"ISSUED_COMMON_SHARES":2583970000,"HK_COMMON_SHARES":2583970000,"PER_SHARES":2000,"TOTAL_MARKET_CAP":250645090,"HKSK_MARKET_CAP":250645090,"PE_TTM":-0.28320780313,"PB_TTM":0.020523041939,"REPORT_DATE_SQ":"2019-06-30 00:00:00","REPORT_TYPE_SQ":"2019年中报","OPERATE_INCOME_SQ":2332659000,"DPS_HKD":null,"OPERATE_INCOME_QOQ_SQ":2.628735953094,"NET_PROFIT_RATIO_SQ":11.1324029787,"HOLDER_PROFIT_SQ":298521000,"HOLDER_PROFIT_QOQ_SQ":-19.653947205904,"ROE_AVG_SQ":2.586803576505,"PE_TTM_SQ":-0.522620585157,"PB_TTM_SQ":0.037872417599,"ROA_SQ":0.692253782188,"START_DATE":"2020-01-01 00:00:00","FISCAL_YEAR":"12-31","CURRENCY":"HKD","IS_CNY_CODE":0,"DPS_HKD_LY":null,"ORG_TYPE":"一般企业","PREMIUM_INCOME":null,"PREMIUM_INCOME_YOY":null,"NET_INTEREST_INCOME":null,"NET_INTEREST_INCOME_YOY":null,"FEE_COMMISSION_INCOME":null,"FEE_COMMISSION_INCOME_YOY":null,"ACCOUNTS_RECE_TDAYS":2.113091772708,"INVENTORY_TDAYS":0.087860163558,"CURRENT_ASSETS_TDAYS":0.084563568865,"TOTAL_ASSETS_TDAYS":0.037537300665,"PREMIUM_EXPENSE":null,"LOAN_DEPOSIT":null,"LOAN_EQUITY":null,"LOAN_ASSETS":null,"DEPOSIT_EQUITY":null,"DEPOSIT_ASSETS":null,"EQUITY_MULTIPLIER":3.701666025452,"EQUITY_RATIO":2.852315034362},{"SECUCODE":"03639.HK","SECURITY_CODE":"03639","SECURITY_NAME_ABBR":"亿达中国","ORG_CODE":"10400414","STD_REPORT_DATE":"2019-12-31 00:00:00","REPORT_DATE":"2019-12-31 00:00:00","DATE_TYPE_CODE":"001","REPORT_TYPE":"2019年年报","PER_NETCASH_OPERATE":1.952123670166,"PER_OI":2.351962290584,"BPS":4.588674791116,"BASIC_EPS":0.17,"DILUTED_EPS":0.17,"OPERATE_INCOME":6077400000,"OPERATE_INCOME_YOY":-17.3924874928,"GROSS_PROFIT":2130599000,"GROSS_PROFIT_YOY":3.870248418984,"HOLDER_PROFIT":450164000,"HOLDER_PROFIT_YOY":-46.018258368,"GROSS_PROFIT_RATIO":35.057738506598,"EPS_TTM":0.174214096913,"OPERATE_INCOME_QOQ":-19.508399143722,"NET_PROFIT_RATIO":10.4996050943,"ROE_AVG":3.875388463005,"GROSS_PROFIT_QOQ":-15.706205167221,"ROA":1.035337870103,"HOLDER_PROFIT_QOQ":-32.813449130699,"ROE_YEARLY":3.875388463005,"ROIC_YEARLY":1.075567579896,"TOTAL_ASSETS":43873463000,"TOTAL_LIABILITIES":31337942000,"TAX_EBT":51.19331441041,"OCF_SALES":82.999786092737,"TOTAL_PARENT_EQUITY":11856998000,"DEBT_ASSET_RATIO":71.4280110508,"OPERATE_PROFIT":1890310000,"PRETAX_PROFIT":1307409000,"NETCASH_OPERATE":5044229000,"NETCASH_INVEST":-1559315000,"NETCASH_FINANCE":-3530023000,"END_CASH":1032666000,"DIVI_RATIO":null,"DIVIDEND_RATE":null,"CURRENT_RATIO":0.669058527939,"COMMON_ACS":50000000000,"CURRENTDEBT_DEBT":87.063065596331,"ISSUED_COMMON_SHARES":2583970000,"HK_COMMON_SHARES":2583970000,"PER_SHARES":2000,"TOTAL_MARKET_CAP":250645090,"HKSK_MARKET_CAP":250645090,"PE_TTM":-0.28320780313,"PB_TTM":0.020523041939,"REPORT_DATE_SQ":"2018-12-31 00:00:00","REPORT_TYPE_SQ":"2018年年报","OPERATE_INCOME_SQ":7356958000,"DPS_HKD":null,"OPERATE_INCOME_QOQ_SQ":14.728228841472,"NET_PROFIT_RATIO_SQ":10.922802604,"HOLDER_PROFIT_SQ":833919000,"HOLDER_PROFIT_QOQ_SQ":-32.940884140507,"ROE_AVG_SQ":7.542299656182,"PE_TTM_SQ":-0.522620585157,"PB_TTM_SQ":0.037872417599,"ROA_SQ":2.080017463867,"START_DATE":"2019-01-01 00:00:00","FISCAL_YEAR":"12-31","CURRENCY":"HKD","IS_CNY_CODE":0,"DPS_HKD_LY":null,"ORG_TYPE":"一般企业","PREMIUM_INCOME":null,"PREMIUM_INCOME_YOY":null,"NET_INTEREST_INCOME":null,"NET_INTEREST_INCOME_YOY":null,"FEE_COMMISSION_INCOME":null,"FEE_COMMISSION_INCOME_YOY":null,"ACCOUNTS_RECE_TDAYS":5.790660946578,"INVENTORY_TDAYS":0.360710198976,"CURRENT_ASSETS_TDAYS":0.319199315718,"TOTAL_ASSETS_TDAYS":0.139774890301,"PREMIUM_EXPENSE":null,"LOAN_DEPOSIT":null,"LOAN_EQUITY":null,"LOAN_ASSETS":null,"DEPOSIT_EQUITY":null,"DEPOSIT_ASSETS":null,"EQUITY_MULTIPLIER":3.499931355069,"EQUITY_RATIO":2.642991252929},{"SECUCODE":"03639.HK","SECURITY_CODE":"03639","SECURITY_NAME_ABBR":"亿达中国","ORG_CODE":"10400414","STD_REPORT_DATE":"2019-06-30 00:00:00","REPORT_DATE":"2019-06-30 00:00:00","DATE_TYPE_CODE":"002","REPORT_TYPE":"2019年中报","PER_NETCASH_OPERATE":1.113693657434,"PER_OI":0.9027422919,"BPS":4.529988738259,"BASIC_EPS":0.1155,"DILUTED_EPS":0.1155,"OPERATE_INCOME":2332659000,"OPERATE_INCOME_YOY":9.0402587058,"GROSS_PROFIT":1026580000,"GROSS_PROFIT_YOY":86.581365127543,"HOLDER_PROFIT":298521000,"HOLDER_PROFIT_YOY":-35.4436128273,"GROSS_PROFIT_RATIO":44.009004316533,"EPS_TTM":0.25929906307,"OPERATE_INCOME_QOQ":2.628735953094,"NET_PROFIT_RATIO":11.1324029787,"ROE_AVG":2.586803576505,"GROSS_PROFIT_QOQ":23.224074352139,"ROA":0.692253782188,"HOLDER_PROFIT_QOQ":-19.653947205904,"ROE_YEARLY":5.17360715301,"ROIC_YEARLY":1.431389069924,"TOTAL_ASSETS":43159754000,"TOTAL_LIABILITIES":30994300000,"TAX_EBT":46.363191344778,"OCF_SALES":123.367839019762,"TOTAL_PARENT_EQUITY":11705355000,"DEBT_ASSET_RATIO":71.812967238,"OPERATE_PROFIT":768397000,"PRETAX_PROFIT":484147000,"NETCASH_OPERATE":2877751000,"NETCASH_INVEST":-345359000,"NETCASH_FINANCE":-2786884000,"END_CASH":823283000,"DIVI_RATIO":null,"DIVIDEND_RATE":null,"CURRENT_RATIO":0.765557823607,"COMMON_ACS":50000000000,"CURRENTDEBT_DEBT":80.944241360508,"ISSUED_COMMON_SHARES":2583970000,"HK_COMMON_SHARES":2583970000,"PER_SHARES":2000,"TOTAL_MARKET_CAP":250645090,"HKSK_MARKET_CAP":250645090,"PE_TTM":-0.28320780313,"PB_TTM":0.020523041939,"REPORT_DATE_SQ":"2018-06-30 00:00:00","REPORT_TYPE_SQ":"2018年中报","OPERATE_INCOME_SQ":2139264000,"DPS_HKD":null,"OPERATE_INCOME_QOQ_SQ":-12.368913986913,"NET_PROFIT_RATIO_SQ":20.2915582182,"HOLDER_PROFIT_SQ":462419000,"HOLDER_PROFIT_QOQ_SQ":26.339070732357,"ROE_AVG_SQ":4.269535090369,"PE_TTM_SQ":-0.522620585157,"PB_TTM_SQ":0.037872417599,"ROA_SQ":1.14220068674,"START_DATE":"2019-01-01 00:00:00","FISCAL_YEAR":"12-31","CURRENCY":"HKD","IS_CNY_CODE":0,"DPS_HKD_LY":null,"ORG_TYPE":"一般企业","PREMIUM_INCOME":null,"PREMIUM_INCOME_YOY":null,"NET_INTEREST_INCOME":null,"NET_INTEREST_INCOME_YOY":null,"FEE_COMMISSION_INCOME":null,"FEE_COMMISSION_INCOME_YOY":null,"ACCOUNTS_RECE_TDAYS":2.49170050573,"INVENTORY_TDAYS":0.118932060163,"CURRENT_ASSETS_TDAYS":0.119528589853,"TOTAL_ASSETS_TDAYS":0.054093079392,"PREMIUM_EXPENSE":null,"LOAN_DEPOSIT":null,"LOAN_EQUITY":null,"LOAN_ASSETS":null,"DEPOSIT_EQUITY":null,"DEPOSIT_ASSETS":null,"EQUITY_MULTIPLIER":3.54773064779,"EQUITY_RATIO":2.647873558726}],"count":23},"success":true,"message":"ok","code":0}