{"version":"b0060903326ef16663099859ac093e6d","result":{"pages":4,"data":[{"SECUCODE":"03638.HK","SECURITY_CODE":"03638","SECURITY_NAME_ABBR":"亨利加集团","ORG_CODE":"10332116","STD_REPORT_DATE":"2024-06-30 00:00:00","REPORT_DATE":"2024-09-30 00:00:00","DATE_TYPE_CODE":"002","REPORT_TYPE":"2024年中报","PER_NETCASH_OPERATE":0.139152154877,"PER_OI":1.977307045155,"BPS":3.262871688186,"BASIC_EPS":0.013075955,"DILUTED_EPS":0.013075955,"OPERATE_INCOME":153090575.77,"OPERATE_INCOME_YOY":-13.9656395702,"GROSS_PROFIT":48709285.06,"GROSS_PROFIT_YOY":961.015700385967,"HOLDER_PROFIT":1030745.97,"HOLDER_PROFIT_YOY":103.4727919059,"GROSS_PROFIT_RATIO":31.81729823342,"EPS_TTM":0.014127314034,"OPERATE_INCOME_QOQ":0,"NET_PROFIT_RATIO":2.2690456696,"ROE_AVG":0.405959759194,"GROSS_PROFIT_QOQ":0,"ROA":0.235714329905,"HOLDER_PROFIT_QOQ":0,"ROE_YEARLY":0.811919518389,"ROIC_YEARLY":0.557743262432,"TOTAL_ASSETS":443373169.61,"TOTAL_LIABILITIES":191674562.71,"TAX_EBT":21.976909054081,"OCF_SALES":7.037458103356,"TOTAL_PARENT_EQUITY":252623843.44,"DEBT_ASSET_RATIO":43.2309791949,"OPERATE_PROFIT":8624719.56,"PRETAX_PROFIT":4452137.23,"NETCASH_OPERATE":10773685.13,"NETCASH_INVEST":554600.85,"NETCASH_FINANCE":-27945570.31,"END_CASH":44561051.06,"DIVI_RATIO":null,"DIVIDEND_RATE":null,"CURRENT_RATIO":1.222328579331,"COMMON_ACS":800000000,"CURRENTDEBT_DEBT":97.810387251881,"ISSUED_COMMON_SHARES":77423775,"HK_COMMON_SHARES":77423775,"PER_SHARES":1000,"TOTAL_MARKET_CAP":395635490.25,"HKSK_MARKET_CAP":395635490.25,"PE_TTM":8.104793408788,"PB_TTM":1.412297920474,"REPORT_DATE_SQ":"2023-06-30 00:00:00","REPORT_TYPE_SQ":"2023年中报","OPERATE_INCOME_SQ":181066751.6,"DPS_HKD":null,"OPERATE_INCOME_QOQ_SQ":0,"NET_PROFIT_RATIO_SQ":-21.3967159943,"HOLDER_PROFIT_SQ":-30201956.19,"HOLDER_PROFIT_QOQ_SQ":0,"ROE_AVG_SQ":-18.681621196684,"PE_TTM_SQ":-3.46572843707,"PB_TTM_SQ":1.84009914918,"ROA_SQ":-7.809180110828,"START_DATE":"2024-04-01 00:00:00","FISCAL_YEAR":"3-31","CURRENCY":"HKD","IS_CNY_CODE":0,"DPS_HKD_LY":null,"ORG_TYPE":"一般企业","PREMIUM_INCOME":null,"PREMIUM_INCOME_YOY":null,"NET_INTEREST_INCOME":null,"NET_INTEREST_INCOME_YOY":null,"FEE_COMMISSION_INCOME":null,"FEE_COMMISSION_INCOME_YOY":null,"ACCOUNTS_RECE_TDAYS":1.434796756213,"INVENTORY_TDAYS":null,"CURRENT_ASSETS_TDAYS":0.694389679235,"TOTAL_ASSETS_TDAYS":0.350092491581,"PREMIUM_EXPENSE":null,"LOAN_DEPOSIT":null,"LOAN_EQUITY":null,"LOAN_ASSETS":null,"DEPOSIT_EQUITY":null,"DEPOSIT_ASSETS":null,"EQUITY_MULTIPLIER":1.76152413027,"EQUITY_RATIO":0.758735042979},{"SECUCODE":"03638.HK","SECURITY_CODE":"03638","SECURITY_NAME_ABBR":"亨利加集团","ORG_CODE":"10332116","STD_REPORT_DATE":"2023-12-31 00:00:00","REPORT_DATE":"2024-03-31 00:00:00","DATE_TYPE_CODE":"001","REPORT_TYPE":"2023年年报","PER_NETCASH_OPERATE":0.037361428374,"PER_OI":0.341826630664,"BPS":3.313324359346,"BASIC_EPS":0.02085065,"DILUTED_EPS":0.02085065,"OPERATE_INCOME":323738977.05,"OPERATE_INCOME_YOY":-21.7830976969,"GROSS_PROFIT":12876636.2,"GROSS_PROFIT_YOY":148.971958642812,"HOLDER_PROFIT":13379771.45,"HOLDER_PROFIT_YOY":111.5661612006,"GROSS_PROFIT_RATIO":3.977474790751,"EPS_TTM":-0.083970909019,"OPERATE_INCOME_QOQ":0,"NET_PROFIT_RATIO":3.0878354349,"ROE_AVG":6.37663126014,"GROSS_PROFIT_QOQ":0,"ROA":3.222327263041,"HOLDER_PROFIT_QOQ":0,"ROE_YEARLY":6.37663126014,"ROIC_YEARLY":3.661710452212,"TOTAL_ASSETS":433475041.45,"TOTAL_LIABILITIES":180330926,"TAX_EBT":1.032130676719,"OCF_SALES":10.929934950198,"TOTAL_PARENT_EQUITY":256530079.7,"DEBT_ASSET_RATIO":41.6012246972,"OPERATE_PROFIT":20676592.4,"PRETAX_PROFIT":10100780.1,"NETCASH_OPERATE":35384459.6,"NETCASH_INVEST":-17456526.8,"NETCASH_FINANCE":14997963.2,"END_CASH":61400631.5,"DIVI_RATIO":null,"DIVIDEND_RATE":null,"CURRENT_RATIO":1.221350225454,"COMMON_ACS":800000000,"CURRENTDEBT_DEBT":96.661471948522,"ISSUED_COMMON_SHARES":77423775,"HK_COMMON_SHARES":77423775,"PER_SHARES":1000,"TOTAL_MARKET_CAP":368537169,"HKSK_MARKET_CAP":368537169,"PE_TTM":7.54967057257,"PB_TTM":1.315565186195,"REPORT_DATE_SQ":"2022-12-31 00:00:00","REPORT_TYPE_SQ":"2022年年报","OPERATE_INCOME_SQ":399681566.65,"DPS_HKD":null,"OPERATE_INCOME_QOQ_SQ":0,"NET_PROFIT_RATIO_SQ":-28.4677975754,"HOLDER_PROFIT_SQ":-111706693.05,"HOLDER_PROFIT_QOQ_SQ":0,"ROE_AVG_SQ":-54.775615503983,"PE_TTM_SQ":-1.929722017162,"PB_TTM_SQ":1.428136653095,"ROA_SQ":-26.789172643784,"START_DATE":"2023-04-01 00:00:00","FISCAL_YEAR":"3-31","CURRENCY":"HKD","IS_CNY_CODE":0,"DPS_HKD_LY":null,"ORG_TYPE":"一般企业","PREMIUM_INCOME":null,"PREMIUM_INCOME_YOY":null,"NET_INTEREST_INCOME":null,"NET_INTEREST_INCOME_YOY":null,"FEE_COMMISSION_INCOME":null,"FEE_COMMISSION_INCOME_YOY":null,"ACCOUNTS_RECE_TDAYS":4.09568538398,"INVENTORY_TDAYS":19.085909887847,"CURRENT_ASSETS_TDAYS":1.691082666818,"TOTAL_ASSETS_TDAYS":0.779679186416,"PREMIUM_EXPENSE":null,"LOAN_DEPOSIT":null,"LOAN_EQUITY":null,"LOAN_ASSETS":null,"DEPOSIT_EQUITY":null,"DEPOSIT_ASSETS":null,"EQUITY_MULTIPLIER":1.712364676853,"EQUITY_RATIO":0.702962109593},{"SECUCODE":"03638.HK","SECURITY_CODE":"03638","SECURITY_NAME_ABBR":"亨利加集团","ORG_CODE":"10332116","STD_REPORT_DATE":"2023-06-30 00:00:00","REPORT_DATE":"2023-09-30 00:00:00","DATE_TYPE_CODE":"002","REPORT_TYPE":"2023年中报","PER_NETCASH_OPERATE":-0.001478055424,"PER_OI":0.286774725994,"BPS":2.043553157412,"BASIC_EPS":-0.685377847,"DILUTED_EPS":-0.685377847,"OPERATE_INCOME":181066751.6,"OPERATE_INCOME_YOY":56.7487269925,"GROSS_PROFIT":-5657188.95,"GROSS_PROFIT_YOY":-198.008585930635,"HOLDER_PROFIT":-30201956.19,"HOLDER_PROFIT_YOY":52.2806356203,"GROSS_PROFIT_RATIO":-3.124366511251,"EPS_TTM":-0.212304671544,"OPERATE_INCOME_QOQ":0,"NET_PROFIT_RATIO":-21.3967159943,"ROE_AVG":-18.681621196684,"GROSS_PROFIT_QOQ":0,"ROA":-7.809180110828,"HOLDER_PROFIT_QOQ":0,"ROE_YEARLY":-37.363242393368,"ROIC_YEARLY":-17.132884878913,"TOTAL_ASSETS":371680525.72,"TOTAL_LIABILITIES":216177110.66,"TAX_EBT":-0.617239817926,"OCF_SALES":-0.515406446382,"TOTAL_PARENT_EQUITY":158219599.86,"DEBT_ASSET_RATIO":58.1620762189,"OPERATE_PROFIT":-32699745.05,"PRETAX_PROFIT":-38504672.43,"NETCASH_OPERATE":-933229.71,"NETCASH_INVEST":null,"NETCASH_FINANCE":5574602.25,"END_CASH":32954846.19,"DIVI_RATIO":null,"DIVIDEND_RATE":null,"CURRENT_RATIO":0.711725393567,"COMMON_ACS":800000000,"CURRENTDEBT_DEBT":96.988309802956,"ISSUED_COMMON_SHARES":77423775,"HK_COMMON_SHARES":77423775,"PER_SHARES":1000,"TOTAL_MARKET_CAP":368537169,"HKSK_MARKET_CAP":368537169,"PE_TTM":7.54967057257,"PB_TTM":1.315565186195,"REPORT_DATE_SQ":"2022-06-30 00:00:00","REPORT_TYPE_SQ":"2022年中报","OPERATE_INCOME_SQ":113853620.52,"DPS_HKD":null,"OPERATE_INCOME_QOQ_SQ":0,"NET_PROFIT_RATIO_SQ":-53.9651898986,"HOLDER_PROFIT_SQ":-62381035.68,"HOLDER_PROFIT_QOQ_SQ":0,"ROE_AVG_SQ":-26.306063720844,"PE_TTM_SQ":-1.929722017162,"PB_TTM_SQ":1.428136653095,"ROA_SQ":-13.839752870156,"START_DATE":"2023-04-01 00:00:00","FISCAL_YEAR":"3-31","CURRENCY":"HKD","IS_CNY_CODE":0,"DPS_HKD_LY":null,"ORG_TYPE":"一般企业","PREMIUM_INCOME":null,"PREMIUM_INCOME_YOY":null,"NET_INTEREST_INCOME":null,"NET_INTEREST_INCOME_YOY":null,"FEE_COMMISSION_INCOME":null,"FEE_COMMISSION_INCOME_YOY":null,"ACCOUNTS_RECE_TDAYS":3.976942921638,"INVENTORY_TDAYS":8.626632185857,"CURRENT_ASSETS_TDAYS":1.127137087791,"TOTAL_ASSETS_TDAYS":0.468175924245,"PREMIUM_EXPENSE":null,"LOAN_DEPOSIT":null,"LOAN_EQUITY":null,"LOAN_ASSETS":null,"DEPOSIT_EQUITY":null,"DEPOSIT_ASSETS":null,"EQUITY_MULTIPLIER":2.390175968655,"EQUITY_RATIO":1.366310563617},{"SECUCODE":"03638.HK","SECURITY_CODE":"03638","SECURITY_NAME_ABBR":"亨利加集团","ORG_CODE":"10332116","STD_REPORT_DATE":"2022-12-31 00:00:00","REPORT_DATE":"2023-03-31 00:00:00","DATE_TYPE_CODE":"001","REPORT_TYPE":"2022年年报","PER_NETCASH_OPERATE":-0.001306055148,"PER_OI":0.759616647965,"BPS":2.034477114426,"BASIC_EPS":-0.232421355,"DILUTED_EPS":-0.232421355,"OPERATE_INCOME":399681566.65,"OPERATE_INCOME_YOY":-73.1834443531,"GROSS_PROFIT":5171922.28,"GROSS_PROFIT_YOY":-83.413604101066,"HOLDER_PROFIT":-111706693.05,"HOLDER_PROFIT_YOY":47.0558215569,"GROSS_PROFIT_RATIO":1.294010710414,"EPS_TTM":-0.382060933416,"OPERATE_INCOME_QOQ":0,"NET_PROFIT_RATIO":-28.4677975754,"ROE_AVG":-54.775615503983,"GROSS_PROFIT_QOQ":0,"ROA":-26.789172643784,"HOLDER_PROFIT_QOQ":0,"ROE_YEARLY":-54.775615503983,"ROIC_YEARLY":-30.196184686449,"TOTAL_ASSETS":383330658.67,"TOTAL_LIABILITIES":220257533.05,"TAX_EBT":-18.525611212942,"OCF_SALES":-0.171936087961,"TOTAL_PARENT_EQUITY":157516898.35,"DEBT_ASSET_RATIO":57.4588877953,"OPERATE_PROFIT":-88412908.36,"PRETAX_PROFIT":-95996585.19,"NETCASH_OPERATE":-687196.85,"NETCASH_INVEST":-9141906.63,"NETCASH_FINANCE":-3831669.57,"END_CASH":27101818.19,"DIVI_RATIO":null,"DIVIDEND_RATE":null,"CURRENT_RATIO":0.772411577152,"COMMON_ACS":800000000,"CURRENTDEBT_DEBT":96.482184376304,"ISSUED_COMMON_SHARES":77423775,"HK_COMMON_SHARES":77423775,"PER_SHARES":1000,"TOTAL_MARKET_CAP":348406987.5,"HKSK_MARKET_CAP":348406987.5,"PE_TTM":7.137293608522,"PB_TTM":1.243706583588,"REPORT_DATE_SQ":"2021-12-31 00:00:00","REPORT_TYPE_SQ":"2021年年报","OPERATE_INCOME_SQ":1380784264.49,"DPS_HKD":null,"OPERATE_INCOME_QOQ_SQ":0,"NET_PROFIT_RATIO_SQ":-14.0623852823,"HOLDER_PROFIT_SQ":-195468008.18,"HOLDER_PROFIT_QOQ_SQ":0,"ROE_AVG_SQ":-59.309769508935,"PE_TTM_SQ":-1.892611978371,"PB_TTM_SQ":1.40067248669,"ROA_SQ":-33.226378119652,"START_DATE":"2022-04-01 00:00:00","FISCAL_YEAR":"3-31","CURRENCY":"HKD","IS_CNY_CODE":0,"DPS_HKD_LY":null,"ORG_TYPE":"一般企业","PREMIUM_INCOME":null,"PREMIUM_INCOME_YOY":null,"NET_INTEREST_INCOME":null,"NET_INTEREST_INCOME_YOY":null,"FEE_COMMISSION_INCOME":null,"FEE_COMMISSION_INCOME_YOY":null,"ACCOUNTS_RECE_TDAYS":6.604536446354,"INVENTORY_TDAYS":21.251391115722,"CURRENT_ASSETS_TDAYS":2.068371112163,"TOTAL_ASSETS_TDAYS":0.958504651707,"PREMIUM_EXPENSE":null,"LOAN_DEPOSIT":null,"LOAN_EQUITY":null,"LOAN_ASSETS":null,"DEPOSIT_EQUITY":null,"DEPOSIT_ASSETS":null,"EQUITY_MULTIPLIER":2.350667267908,"EQUITY_RATIO":1.398310501014},{"SECUCODE":"03638.HK","SECURITY_CODE":"03638","SECURITY_NAME_ABBR":"亨利加集团","ORG_CODE":"10332116","STD_REPORT_DATE":"2022-06-30 00:00:00","REPORT_DATE":"2022-09-30 00:00:00","DATE_TYPE_CODE":"002","REPORT_TYPE":"2022年中报","PER_NETCASH_OPERATE":0.017282198835,"PER_OI":0.216385024466,"BPS":2.784878193811,"BASIC_EPS":-0.141816192,"DILUTED_EPS":-0.141816192,"OPERATE_INCOME":113853620.52,"OPERATE_INCOME_YOY":-89.868701892,"GROSS_PROFIT":5772136.08,"GROSS_PROFIT_YOY":-73.148209757429,"HOLDER_PROFIT":-62381035.68,"HOLDER_PROFIT_YOY":-1.1171382495,"GROSS_PROFIT_RATIO":5.069787024459,"EPS_TTM":-0.445787289265,"OPERATE_INCOME_QOQ":0,"NET_PROFIT_RATIO":-53.9651898986,"ROE_AVG":-26.306063720844,"GROSS_PROFIT_QOQ":0,"ROA":-13.839752870156,"HOLDER_PROFIT_QOQ":0,"ROE_YEARLY":-52.612127441688,"ROIC_YEARLY":-32.832904309164,"TOTAL_ASSETS":435893953.56,"TOTAL_LIABILITIES":211455358.68,"TAX_EBT":11.292618273462,"OCF_SALES":7.986781376357,"TOTAL_PARENT_EQUITY":215615782.68,"DEBT_ASSET_RATIO":48.5107345383,"OPERATE_PROFIT":-66436544.64,"PRETAX_PROFIT":-69262919.64,"NETCASH_OPERATE":9093239.76,"NETCASH_INVEST":577032.72,"NETCASH_FINANCE":3405216.6,"END_CASH":55232341.92,"DIVI_RATIO":null,"DIVIDEND_RATE":null,"CURRENT_RATIO":0.943227339401,"COMMON_ACS":800000000,"CURRENTDEBT_DEBT":99.726685971163,"ISSUED_COMMON_SHARES":77423775,"HK_COMMON_SHARES":77423775,"PER_SHARES":1000,"TOTAL_MARKET_CAP":348406987.5,"HKSK_MARKET_CAP":348406987.5,"PE_TTM":7.137293608522,"PB_TTM":1.243706583588,"REPORT_DATE_SQ":"2021-06-30 00:00:00","REPORT_TYPE_SQ":"2021年中报","OPERATE_INCOME_SQ":1035090378.96,"DPS_HKD":null,"OPERATE_INCOME_QOQ_SQ":0,"NET_PROFIT_RATIO_SQ":-5.3700716932,"HOLDER_PROFIT_SQ":-56823022.6,"HOLDER_PROFIT_QOQ_SQ":0,"ROE_AVG_SQ":-13.843730845886,"PE_TTM_SQ":-1.892611978371,"PB_TTM_SQ":1.40067248669,"ROA_SQ":-7.53840347423,"START_DATE":"2022-04-01 00:00:00","FISCAL_YEAR":"3-31","CURRENCY":"HKD","IS_CNY_CODE":0,"DPS_HKD_LY":null,"ORG_TYPE":"一般企业","PREMIUM_INCOME":null,"PREMIUM_INCOME_YOY":null,"NET_INTEREST_INCOME":null,"NET_INTEREST_INCOME_YOY":null,"FEE_COMMISSION_INCOME":null,"FEE_COMMISSION_INCOME_YOY":null,"ACCOUNTS_RECE_TDAYS":2.500407190386,"INVENTORY_TDAYS":7.129280515452,"CURRENT_ASSETS_TDAYS":0.531277432642,"TOTAL_ASSETS_TDAYS":0.252593749718,"PREMIUM_EXPENSE":null,"LOAN_DEPOSIT":null,"LOAN_EQUITY":null,"LOAN_ASSETS":null,"DEPOSIT_EQUITY":null,"DEPOSIT_ASSETS":null,"EQUITY_MULTIPLIER":1.94215239047,"EQUITY_RATIO":0.980704455174},{"SECUCODE":"03638.HK","SECURITY_CODE":"03638","SECURITY_NAME_ABBR":"亨利加集团","ORG_CODE":"10332116","STD_REPORT_DATE":"2021-12-31 00:00:00","REPORT_DATE":"2022-03-31 00:00:00","DATE_TYPE_CODE":"001","REPORT_TYPE":"2021年年报","PER_NETCASH_OPERATE":0.043062425498,"PER_OI":3.149037431029,"BPS":2.995667465711,"BASIC_EPS":-0.450191651,"DILUTED_EPS":-0.450191651,"OPERATE_INCOME":1380784264.49,"OPERATE_INCOME_YOY":-15.8686650063,"GROSS_PROFIT":31181712.48,"GROSS_PROFIT_YOY":-41.211077982995,"HOLDER_PROFIT":-195468008.18,"HOLDER_PROFIT_YOY":-158.8585298793,"GROSS_PROFIT_RATIO":2.258260995719,"EPS_TTM":-0.031201185509,"OPERATE_INCOME_QOQ":0,"NET_PROFIT_RATIO":-14.0623852823,"ROE_AVG":-59.309769508935,"GROSS_PROFIT_QOQ":0,"ROA":-33.226378119652,"HOLDER_PROFIT_QOQ":0,"ROE_YEARLY":-59.309769508935,"ROIC_YEARLY":-37.297654059918,"TOTAL_ASSETS":417486861.74,"TOTAL_LIABILITIES":178482214.74,"TAX_EBT":7.775659174515,"OCF_SALES":1.367478997668,"TOTAL_PARENT_EQUITY":231935883.84,"DEBT_ASSET_RATIO":42.7515764199,"OPERATE_PROFIT":-205523721.17,"PRETAX_PROFIT":-210542251.05,"NETCASH_OPERATE":18881934.82,"NETCASH_INVEST":97796451.86,"NETCASH_FINANCE":-134012103.41,"END_CASH":37841726.6,"DIVI_RATIO":null,"DIVIDEND_RATE":null,"CURRENT_RATIO":1.155056987184,"COMMON_ACS":800000000,"CURRENTDEBT_DEBT":99.909121477321,"ISSUED_COMMON_SHARES":77423775,"HK_COMMON_SHARES":77423775,"PER_SHARES":1000,"TOTAL_MARKET_CAP":348406987.5,"HKSK_MARKET_CAP":348406987.5,"PE_TTM":7.137293608522,"PB_TTM":1.243706583588,"REPORT_DATE_SQ":"2020-12-31 00:00:00","REPORT_TYPE_SQ":"2020年年报","OPERATE_INCOME_SQ":1710373862.4,"DPS_HKD":null,"OPERATE_INCOME_QOQ_SQ":0,"NET_PROFIT_RATIO_SQ":-4.6177261227,"HOLDER_PROFIT_SQ":-78693019.44,"HOLDER_PROFIT_QOQ_SQ":0,"ROE_AVG_SQ":-16.253114839949,"PE_TTM_SQ":-1.892611978371,"PB_TTM_SQ":1.40067248669,"ROA_SQ":-9.320469987612,"START_DATE":"2021-04-01 00:00:00","FISCAL_YEAR":"3-31","CURRENCY":"HKD","IS_CNY_CODE":0,"DPS_HKD_LY":null,"ORG_TYPE":"一般企业","PREMIUM_INCOME":null,"PREMIUM_INCOME_YOY":null,"NET_INTEREST_INCOME":null,"NET_INTEREST_INCOME_YOY":null,"FEE_COMMISSION_INCOME":null,"FEE_COMMISSION_INCOME_YOY":null,"ACCOUNTS_RECE_TDAYS":11.142555154879,"INVENTORY_TDAYS":117.066549419627,"CURRENT_ASSETS_TDAYS":4.013453226641,"TOTAL_ASSETS_TDAYS":2.347108383657,"PREMIUM_EXPENSE":null,"LOAN_DEPOSIT":null,"LOAN_EQUITY":null,"LOAN_ASSETS":null,"DEPOSIT_EQUITY":null,"DEPOSIT_ASSETS":null,"EQUITY_MULTIPLIER":1.74677298948,"EQUITY_RATIO":0.769532561262},{"SECUCODE":"03638.HK","SECURITY_CODE":"03638","SECURITY_NAME_ABBR":"亨利加集团","ORG_CODE":"10332116","STD_REPORT_DATE":"2021-06-30 00:00:00","REPORT_DATE":"2021-09-30 00:00:00","DATE_TYPE_CODE":"002","REPORT_TYPE":"2021年中报","PER_NETCASH_OPERATE":0.003635437999,"PER_OI":0.236064273882,"BPS":4.935161029542,"BASIC_EPS":-0.130873726,"DILUTED_EPS":-0.130873726,"OPERATE_INCOME":1035090378.96,"OPERATE_INCOME_YOY":190.7163814524,"GROSS_PROFIT":21496280.24,"GROSS_PROFIT_YOY":-24.952682822545,"HOLDER_PROFIT":-56823022.6,"HOLDER_PROFIT_YOY":-4730.6856754922,"GROSS_PROFIT_RATIO":2.076753941197,"EPS_TTM":-0.017946848769,"OPERATE_INCOME_QOQ":0,"NET_PROFIT_RATIO":-5.3700716932,"ROE_AVG":-13.843730845886,"GROSS_PROFIT_QOQ":0,"ROA":-7.53840347423,"HOLDER_PROFIT_QOQ":0,"ROE_YEARLY":-27.687461691773,"ROIC_YEARLY":-16.936884591557,"TOTAL_ASSETS":727826194.68,"TOTAL_LIABILITIES":338560582.36,"TAX_EBT":13.392694893694,"OCF_SALES":1.5400204102,"TOTAL_PARENT_EQUITY":382098797.14,"DEBT_ASSET_RATIO":46.5166800583,"OPERATE_PROFIT":-61360700.42,"PRETAX_PROFIT":-64180608.52,"NETCASH_OPERATE":15940603.1,"NETCASH_INVEST":1262085.9,"NETCASH_FINANCE":-816398.8,"END_CASH":73202648.32,"DIVI_RATIO":null,"DIVIDEND_RATE":null,"CURRENT_RATIO":1.317078754579,"COMMON_ACS":800000000,"CURRENTDEBT_DEBT":99.955217196597,"ISSUED_COMMON_SHARES":77423775,"HK_COMMON_SHARES":77423775,"PER_SHARES":1000,"TOTAL_MARKET_CAP":348406987.5,"HKSK_MARKET_CAP":348406987.5,"PE_TTM":7.137293608522,"PB_TTM":1.243706583588,"REPORT_DATE_SQ":"2020-06-30 00:00:00","REPORT_TYPE_SQ":"2020年中报","OPERATE_INCOME_SQ":375563170.56,"DPS_HKD":null,"OPERATE_INCOME_QOQ_SQ":0,"NET_PROFIT_RATIO_SQ":0.5255055007,"HOLDER_PROFIT_SQ":1294354.56,"HOLDER_PROFIT_QOQ_SQ":0,"ROE_AVG_SQ":0.237647914853,"PE_TTM_SQ":-1.892611978371,"PB_TTM_SQ":1.40067248669,"ROA_SQ":0.143254911076,"START_DATE":"2021-04-01 00:00:00","FISCAL_YEAR":"3-31","CURRENCY":"HKD","IS_CNY_CODE":0,"DPS_HKD_LY":null,"ORG_TYPE":"一般企业","PREMIUM_INCOME":null,"PREMIUM_INCOME_YOY":null,"NET_INTEREST_INCOME":null,"NET_INTEREST_INCOME_YOY":null,"FEE_COMMISSION_INCOME":null,"FEE_COMMISSION_INCOME_YOY":null,"ACCOUNTS_RECE_TDAYS":7.04733707674,"INVENTORY_TDAYS":47.913365361897,"CURRENT_ASSETS_TDAYS":2.200149980124,"TOTAL_ASSETS_TDAYS":1.37319849453,"PREMIUM_EXPENSE":null,"LOAN_DEPOSIT":null,"LOAN_EQUITY":null,"LOAN_ASSETS":null,"DEPOSIT_EQUITY":null,"DEPOSIT_ASSETS":null,"EQUITY_MULTIPLIER":1.869741820609,"EQUITY_RATIO":0.886055085476},{"SECUCODE":"03638.HK","SECURITY_CODE":"03638","SECURITY_NAME_ABBR":"亨利加集团","ORG_CODE":"10332116","STD_REPORT_DATE":"2020-12-31 00:00:00","REPORT_DATE":"2021-03-31 00:00:00","DATE_TYPE_CODE":"001","REPORT_TYPE":"2020年年报","PER_NETCASH_OPERATE":-0.005583091406,"PER_OI":0.390070444186,"BPS":5.750251413342,"BASIC_EPS":-0.181206592,"DILUTED_EPS":-0.181206592,"OPERATE_INCOME":1710373862.4,"OPERATE_INCOME_YOY":116.7521030635,"GROSS_PROFIT":53040116.08,"GROSS_PROFIT_YOY":-12.254462679211,"HOLDER_PROFIT":-78693019.44,"HOLDER_PROFIT_YOY":-1760.5671482076,"GROSS_PROFIT_RATIO":3.101083175206,"EPS_TTM":0.003608761106,"OPERATE_INCOME_QOQ":0,"NET_PROFIT_RATIO":-4.6177261227,"ROE_AVG":-16.253114839949,"GROSS_PROFIT_QOQ":0,"ROA":-9.320469987612,"HOLDER_PROFIT_QOQ":0,"ROE_YEARLY":-16.253114839949,"ROIC_YEARLY":-10.532263455903,"TOTAL_ASSETS":791079183.02,"TOTAL_LIABILITIES":339857865.34,"TAX_EBT":11.766594278161,"OCF_SALES":-1.431303368121,"TOTAL_PARENT_EQUITY":445206171.62,"DEBT_ASSET_RATIO":42.9612954853,"OPERATE_PROFIT":-75891247.74,"PRETAX_PROFIT":-89513013.8,"NETCASH_OPERATE":-24480638.7,"NETCASH_INVEST":-13029294.88,"NETCASH_FINANCE":-3725553.44,"END_CASH":57713961.48,"DIVI_RATIO":null,"DIVIDEND_RATE":null,"CURRENT_RATIO":1.478925239458,"COMMON_ACS":800000000,"CURRENTDEBT_DEBT":99.959464130729,"ISSUED_COMMON_SHARES":77423775,"HK_COMMON_SHARES":77423775,"PER_SHARES":1000,"TOTAL_MARKET_CAP":348406987.5,"HKSK_MARKET_CAP":348406987.5,"PE_TTM":7.137293608522,"PB_TTM":1.243706583588,"REPORT_DATE_SQ":"2019-12-31 00:00:00","REPORT_TYPE_SQ":"2019年年报","OPERATE_INCOME_SQ":853065040.6,"DPS_HKD":null,"OPERATE_INCOME_QOQ_SQ":0,"NET_PROFIT_RATIO_SQ":1.043445104,"HOLDER_PROFIT_SQ":5123115.9,"HOLDER_PROFIT_QOQ_SQ":0,"ROE_AVG_SQ":0.89405304045,"PE_TTM_SQ":-1.892611978371,"PB_TTM_SQ":1.40067248669,"ROA_SQ":0.597808355883,"START_DATE":"2020-04-01 00:00:00","FISCAL_YEAR":"3-31","CURRENCY":"HKD","IS_CNY_CODE":0,"DPS_HKD_LY":null,"ORG_TYPE":"一般企业","PREMIUM_INCOME":null,"PREMIUM_INCOME_YOY":null,"NET_INTEREST_INCOME":null,"NET_INTEREST_INCOME_YOY":null,"FEE_COMMISSION_INCOME":null,"FEE_COMMISSION_INCOME_YOY":null,"ACCOUNTS_RECE_TDAYS":7.947609743645,"INVENTORY_TDAYS":52.590017968729,"CURRENT_ASSETS_TDAYS":3.087202863132,"TOTAL_ASSETS_TDAYS":2.025781748564,"PREMIUM_EXPENSE":null,"LOAN_DEPOSIT":null,"LOAN_EQUITY":null,"LOAN_ASSETS":null,"DEPOSIT_EQUITY":null,"DEPOSIT_ASSETS":null,"EQUITY_MULTIPLIER":1.75319549858,"EQUITY_RATIO":0.763371864553},{"SECUCODE":"03638.HK","SECURITY_CODE":"03638","SECURITY_NAME_ABBR":"亨利加集团","ORG_CODE":"10332116","STD_REPORT_DATE":"2020-06-30 00:00:00","REPORT_DATE":"2020-09-30 00:00:00","DATE_TYPE_CODE":"002","REPORT_TYPE":"2020年中报","PER_NETCASH_OPERATE":-0.00507698957,"PER_OI":0.085651503441,"BPS":7.044432614659,"BASIC_EPS":0.000263616,"DILUTED_EPS":0.000263616,"OPERATE_INCOME":375563170.56,"OPERATE_INCOME_YOY":13.2183131611,"GROSS_PROFIT":28643635.84,"GROSS_PROFIT_YOY":73.621332865682,"HOLDER_PROFIT":1294354.56,"HOLDER_PROFIT_YOY":114.1254315305,"GROSS_PROFIT_RATIO":7.626848979172,"EPS_TTM":0.001168385543,"OPERATE_INCOME_QOQ":0,"NET_PROFIT_RATIO":0.5255055007,"ROE_AVG":0.237647914853,"GROSS_PROFIT_QOQ":0,"ROA":0.143254911076,"HOLDER_PROFIT_QOQ":0,"ROE_YEARLY":0.475295829707,"ROIC_YEARLY":0.323289520251,"TOTAL_ASSETS":873920431.36,"TOTAL_LIABILITIES":321282000,"TAX_EBT":41.17338920901,"OCF_SALES":-5.927496151128,"TOTAL_PARENT_EQUITY":545406565.76,"DEBT_ASSET_RATIO":36.7633011509,"OPERATE_PROFIT":8308297.6,"PRETAX_PROFIT":3354952.96,"NETCASH_OPERATE":-22261492.48,"NETCASH_INVEST":217043.84,"NETCASH_FINANCE":-17427653.76,"END_CASH":63902275.84,"DIVI_RATIO":null,"DIVIDEND_RATE":null,"CURRENT_RATIO":1.797752316451,"COMMON_ACS":800000000,"CURRENTDEBT_DEBT":99.828512820513,"ISSUED_COMMON_SHARES":77423775,"HK_COMMON_SHARES":77423775,"PER_SHARES":1000,"TOTAL_MARKET_CAP":348406987.5,"HKSK_MARKET_CAP":348406987.5,"PE_TTM":7.137293608522,"PB_TTM":1.243706583588,"REPORT_DATE_SQ":"2019-06-30 00:00:00","REPORT_TYPE_SQ":"2019年中报","OPERATE_INCOME_SQ":340507872.99,"DPS_HKD":null,"OPERATE_INCOME_QOQ_SQ":0,"NET_PROFIT_RATIO_SQ":-2.6980203921,"HOLDER_PROFIT_SQ":-9406160.28,"HOLDER_PROFIT_QOQ_SQ":0,"ROE_AVG_SQ":-1.684376471386,"PE_TTM_SQ":-1.892611978371,"PB_TTM_SQ":1.40067248669,"ROA_SQ":-1.163404307541,"START_DATE":"2020-04-01 00:00:00","FISCAL_YEAR":"3-31","CURRENCY":"HKD","IS_CNY_CODE":0,"DPS_HKD_LY":null,"ORG_TYPE":"一般企业","PREMIUM_INCOME":null,"PREMIUM_INCOME_YOY":null,"NET_INTEREST_INCOME":null,"NET_INTEREST_INCOME_YOY":null,"FEE_COMMISSION_INCOME":null,"FEE_COMMISSION_INCOME_YOY":null,"ACCOUNTS_RECE_TDAYS":1.460937513352,"INVENTORY_TDAYS":10.080711878256,"CURRENT_ASSETS_TDAYS":0.622696021225,"TOTAL_ASSETS_TDAYS":0.415660980883,"PREMIUM_EXPENSE":null,"LOAN_DEPOSIT":null,"LOAN_EQUITY":null,"LOAN_ASSETS":null,"DEPOSIT_EQUITY":null,"DEPOSIT_ASSETS":null,"EQUITY_MULTIPLIER":1.581360219935,"EQUITY_RATIO":0.589068816127}],"count":34},"success":true,"message":"ok","code":0}