{"version":"7ae1d06a1bbba4f134210ecf80dd6d66","result":{"pages":7,"data":[{"SECUCODE":"03633.HK","SECURITY_CODE":"03633","SECURITY_NAME_ABBR":"中裕能源","ORG_CODE":"10010692","STD_REPORT_DATE":"2024-06-30 00:00:00","REPORT_DATE":"2024-06-30 00:00:00","DATE_TYPE_CODE":"002","REPORT_TYPE":"2024年中报","PER_NETCASH_OPERATE":0.103890013393,"PER_OI":2.377671566511,"BPS":2.538838010615,"BASIC_EPS":0.078216676,"DILUTED_EPS":0.078216676,"OPERATE_INCOME":6621575541.2,"OPERATE_INCOME_YOY":3.3287981265,"GROSS_PROFIT":925724022.56,"GROSS_PROFIT_YOY":-18.473231765295,"HOLDER_PROFIT":218200796.36,"HOLDER_PROFIT_YOY":1.4125312305,"GROSS_PROFIT_RATIO":13.980419264268,"EPS_TTM":0.080587972148,"OPERATE_INCOME_QOQ":1.197162386544,"NET_PROFIT_RATIO":3.6228082629,"ROE_AVG":3.095213111554,"GROSS_PROFIT_QOQ":-12.106302285648,"ROA":0.910338023586,"HOLDER_PROFIT_QOQ":0.378731308277,"ROE_YEARLY":6.190426223107,"ROIC_YEARLY":1.993883085579,"TOTAL_ASSETS":23816181985.04,"TOTAL_LIABILITIES":15836564158.88,"TAX_EBT":35.920834176465,"OCF_SALES":4.369401344435,"TOTAL_PARENT_EQUITY":7070407835.52,"DEBT_ASSET_RATIO":66.4949745884,"OPERATE_PROFIT":614953744.52,"PRETAX_PROFIT":374360344.36,"NETCASH_OPERATE":289323210.72,"NETCASH_INVEST":-541982240.48,"NETCASH_FINANCE":-155555353.84,"END_CASH":959955911.32,"DIVI_RATIO":null,"DIVIDEND_RATE":null,"CURRENT_RATIO":0.553210801617,"COMMON_ACS":10000000000,"CURRENTDEBT_DEBT":65.493159293294,"ISSUED_COMMON_SHARES":2784899157,"HK_COMMON_SHARES":2784899157,"PER_SHARES":1000,"TOTAL_MARKET_CAP":12170009316.09,"HKSK_MARKET_CAP":12170009316.09,"PE_TTM":48.670303203719,"PB_TTM":1.570959463867,"REPORT_DATE_SQ":"2023-06-30 00:00:00","REPORT_TYPE_SQ":"2023年中报","OPERATE_INCOME_SQ":6473556258.74,"DPS_HKD":null,"OPERATE_INCOME_QOQ_SQ":7.032571198776,"NET_PROFIT_RATIO_SQ":3.9984829156,"HOLDER_PROFIT_SQ":217354019.06,"HOLDER_PROFIT_QOQ_SQ":22.095978800262,"ROE_AVG_SQ":2.930033210159,"PE_TTM_SQ":76.345786434013,"PB_TTM_SQ":1.87752073912,"ROA_SQ":0.890803501569,"START_DATE":"2024-01-01 00:00:00","FISCAL_YEAR":"12-31","CURRENCY":"HKD","IS_CNY_CODE":0,"DPS_HKD_LY":null,"ORG_TYPE":"一般企业","PREMIUM_INCOME":null,"PREMIUM_INCOME_YOY":null,"NET_INTEREST_INCOME":null,"NET_INTEREST_INCOME_YOY":null,"FEE_COMMISSION_INCOME":null,"FEE_COMMISSION_INCOME_YOY":null,"ACCOUNTS_RECE_TDAYS":3.448400589382,"INVENTORY_TDAYS":6.593371972878,"CURRENT_ASSETS_TDAYS":1.133673707284,"TOTAL_ASSETS_TDAYS":0.276253436823,"PREMIUM_EXPENSE":null,"LOAN_DEPOSIT":null,"LOAN_EQUITY":null,"LOAN_ASSETS":null,"DEPOSIT_EQUITY":null,"DEPOSIT_ASSETS":null,"EQUITY_MULTIPLIER":2.98462689616,"EQUITY_RATIO":2.239837436155},{"SECUCODE":"03633.HK","SECURITY_CODE":"03633","SECURITY_NAME_ABBR":"中裕能源","ORG_CODE":"10010692","STD_REPORT_DATE":"2023-12-31 00:00:00","REPORT_DATE":"2023-12-31 00:00:00","DATE_TYPE_CODE":"001","REPORT_TYPE":"2023年年报","PER_NETCASH_OPERATE":0.485784074132,"PER_OI":4.40759347556,"BPS":2.506045452065,"BASIC_EPS":0.079203628,"DILUTED_EPS":0.079203628,"OPERATE_INCOME":12364177502.04,"OPERATE_INCOME_YOY":4.973024443,"GROSS_PROFIT":1732657297.42,"GROSS_PROFIT_YOY":-1.369248384752,"HOLDER_PROFIT":223582598.4,"HOLDER_PROFIT_YOY":41.7303836808,"GROSS_PROFIT_RATIO":14.013526553902,"EPS_TTM":0.079702932265,"OPERATE_INCOME_QOQ":-0.502390716304,"NET_PROFIT_RATIO":2.2021621436,"ROE_AVG":3.117210763474,"GROSS_PROFIT_QOQ":-7.887060004102,"ROA":0.935591101638,"HOLDER_PROFIT_QOQ":17.763985744538,"ROE_YEARLY":3.117210763474,"ROIC_YEARLY":1.030529176231,"TOTAL_ASSETS":23951491565.54,"TOTAL_LIABILITIES":16073334149.6,"TAX_EBT":48.666324961558,"OCF_SALES":11.021526300598,"TOTAL_PARENT_EQUITY":6979083866.86,"DEBT_ASSET_RATIO":67.1078630139,"OPERATE_PROFIT":1097279268.82,"PRETAX_PROFIT":530410566,"NETCASH_OPERATE":1362721075.24,"NETCASH_INVEST":-873997535.46,"NETCASH_FINANCE":-225454848.92,"END_CASH":1379886694.48,"DIVI_RATIO":null,"DIVIDEND_RATE":null,"CURRENT_RATIO":0.552543359085,"COMMON_ACS":10000000000,"CURRENTDEBT_DEBT":66.451793684049,"ISSUED_COMMON_SHARES":2784899157,"HK_COMMON_SHARES":2784899157,"PER_SHARES":1000,"TOTAL_MARKET_CAP":12532046206.5,"HKSK_MARKET_CAP":12532046206.5,"PE_TTM":50.118161193761,"PB_TTM":1.617692811762,"REPORT_DATE_SQ":"2022-12-31 00:00:00","REPORT_TYPE_SQ":"2022年年报","OPERATE_INCOME_SQ":11610117822.94,"DPS_HKD":null,"OPERATE_INCOME_QOQ_SQ":15.114418159624,"NET_PROFIT_RATIO_SQ":1.868977317,"HOLDER_PROFIT_SQ":155497761.79,"HOLDER_PROFIT_QOQ_SQ":-74.883928518015,"ROE_AVG_SQ":2.073922900873,"PE_TTM_SQ":82.581264793099,"PB_TTM_SQ":2.030865677778,"ROA_SQ":0.657095857284,"START_DATE":"2023-01-01 00:00:00","FISCAL_YEAR":"12-31","CURRENCY":"HKD","IS_CNY_CODE":0,"DPS_HKD_LY":null,"ORG_TYPE":"一般企业","PREMIUM_INCOME":null,"PREMIUM_INCOME_YOY":null,"NET_INTEREST_INCOME":null,"NET_INTEREST_INCOME_YOY":null,"FEE_COMMISSION_INCOME":null,"FEE_COMMISSION_INCOME_YOY":null,"ACCOUNTS_RECE_TDAYS":6.788222328916,"INVENTORY_TDAYS":13.079716591968,"CURRENT_ASSETS_TDAYS":2.134303939692,"TOTAL_ASSETS_TDAYS":0.517384382003,"PREMIUM_EXPENSE":null,"LOAN_DEPOSIT":null,"LOAN_EQUITY":null,"LOAN_ASSETS":null,"DEPOSIT_EQUITY":null,"DEPOSIT_ASSETS":null,"EQUITY_MULTIPLIER":3.040240287284,"EQUITY_RATIO":2.303072216387},{"SECUCODE":"03633.HK","SECURITY_CODE":"03633","SECURITY_NAME_ABBR":"中裕能源","ORG_CODE":"10010692","STD_REPORT_DATE":"2023-06-30 00:00:00","REPORT_DATE":"2023-06-30 00:00:00","DATE_TYPE_CODE":"002","REPORT_TYPE":"2023年中报","PER_NETCASH_OPERATE":0.201212363695,"PER_OI":2.293560406425,"BPS":2.636441822586,"BASIC_EPS":0.076893132,"DILUTED_EPS":0.076893132,"OPERATE_INCOME":6473556258.74,"OPERATE_INCOME_YOY":6.1433424913,"GROSS_PROFIT":1135484752.56,"GROSS_PROFIT_YOY":12.292840614898,"HOLDER_PROFIT":217354019.06,"HOLDER_PROFIT_YOY":10.1714162874,"GROSS_PROFIT_RATIO":17.540355056419,"EPS_TTM":0.067265559551,"OPERATE_INCOME_QOQ":7.032571198776,"NET_PROFIT_RATIO":3.9984829156,"ROE_AVG":2.930033210159,"GROSS_PROFIT_QOQ":7.075891421595,"ROA":0.890803501569,"HOLDER_PROFIT_QOQ":22.095978800262,"ROE_YEARLY":5.860066420317,"ROIC_YEARLY":1.980048957596,"TOTAL_ASSETS":24541436050.26,"TOTAL_LIABILITIES":16231665345.5,"TAX_EBT":36.910987116941,"OCF_SALES":8.772926282262,"TOTAL_PARENT_EQUITY":7342224609.2,"DEBT_ASSET_RATIO":66.1398351435,"OPERATE_PROFIT":616330722.28,"PRETAX_PROFIT":410283865.94,"NETCASH_OPERATE":567920318.42,"NETCASH_INVEST":-471994753.28,"NETCASH_FINANCE":504737951,"END_CASH":1762063282.54,"DIVI_RATIO":null,"DIVIDEND_RATE":null,"CURRENT_RATIO":0.821042193772,"COMMON_ACS":10000000000,"CURRENTDEBT_DEBT":48.604604598919,"ISSUED_COMMON_SHARES":2784899157,"HK_COMMON_SHARES":2784899157,"PER_SHARES":1000,"TOTAL_MARKET_CAP":12532046206.5,"HKSK_MARKET_CAP":12532046206.5,"PE_TTM":50.118161193761,"PB_TTM":1.617692811762,"REPORT_DATE_SQ":"2022-06-30 00:00:00","REPORT_TYPE_SQ":"2022年中报","OPERATE_INCOME_SQ":5657066456.58,"DPS_HKD":null,"OPERATE_INCOME_QOQ_SQ":8.73783007279,"NET_PROFIT_RATIO_SQ":4.0846974338,"HOLDER_PROFIT_SQ":182995266.58,"HOLDER_PROFIT_QOQ_SQ":-36.31300022973,"ROE_AVG_SQ":2.438420153711,"PE_TTM_SQ":82.581264793099,"PB_TTM_SQ":2.030865677778,"ROA_SQ":0.80321654477,"START_DATE":"2023-01-01 00:00:00","FISCAL_YEAR":"12-31","CURRENCY":"HKD","IS_CNY_CODE":0,"DPS_HKD_LY":null,"ORG_TYPE":"一般企业","PREMIUM_INCOME":null,"PREMIUM_INCOME_YOY":null,"NET_INTEREST_INCOME":null,"NET_INTEREST_INCOME_YOY":null,"FEE_COMMISSION_INCOME":null,"FEE_COMMISSION_INCOME_YOY":null,"ACCOUNTS_RECE_TDAYS":3.596252530845,"INVENTORY_TDAYS":6.071744604185,"CURRENT_ASSETS_TDAYS":1.055980067207,"TOTAL_ASSETS_TDAYS":0.265312167119,"PREMIUM_EXPENSE":null,"LOAN_DEPOSIT":null,"LOAN_EQUITY":null,"LOAN_ASSETS":null,"DEPOSIT_EQUITY":null,"DEPOSIT_ASSETS":null,"EQUITY_MULTIPLIER":2.953322892071,"EQUITY_RATIO":2.210728520231},{"SECUCODE":"03633.HK","SECURITY_CODE":"03633","SECURITY_NAME_ABBR":"中裕能源","ORG_CODE":"10010692","STD_REPORT_DATE":"2022-12-31 00:00:00","REPORT_DATE":"2022-12-31 00:00:00","DATE_TYPE_CODE":"001","REPORT_TYPE":"2022年年报","PER_NETCASH_OPERATE":0.440494707698,"PER_OI":4.102872999442,"BPS":2.607167207818,"BASIC_EPS":0.054846778,"DILUTED_EPS":0.054846778,"OPERATE_INCOME":11610117822.94,"OPERATE_INCOME_YOY":14.5693684164,"GROSS_PROFIT":1756711034.89,"GROSS_PROFIT_YOY":-1.841890751895,"HOLDER_PROFIT":155497761.79,"HOLDER_PROFIT_YOY":-85.359340688,"GROSS_PROFIT_RATIO":15.130863111647,"EPS_TTM":0.054950998608,"OPERATE_INCOME_QOQ":15.114418159624,"NET_PROFIT_RATIO":1.868977317,"ROE_AVG":2.073922900873,"GROSS_PROFIT_QOQ":-1.415019255993,"ROA":0.657095857284,"HOLDER_PROFIT_QOQ":-74.883928518015,"ROE_YEARLY":2.073922900873,"ROIC_YEARLY":0.725912361169,"TOTAL_ASSETS":23502721564.14,"TOTAL_LIABILITIES":15342483942.8,"TAX_EBT":52.799480811194,"OCF_SALES":10.736250129065,"TOTAL_PARENT_EQUITY":7260697759.21,"DEBT_ASSET_RATIO":65.279605602,"OPERATE_PROFIT":726043603.11,"PRETAX_PROFIT":459720512.23,"NETCASH_OPERATE":1246491289.75,"NETCASH_INVEST":-1177713072.83,"NETCASH_FINANCE":-387685432.89,"END_CASH":1194280551.52,"DIVI_RATIO":null,"DIVIDEND_RATE":null,"CURRENT_RATIO":0.597066595417,"COMMON_ACS":10000000000,"CURRENTDEBT_DEBT":61.16693759301,"ISSUED_COMMON_SHARES":2784899157,"HK_COMMON_SHARES":2784899157,"PER_SHARES":1000,"TOTAL_MARKET_CAP":12532046206.5,"HKSK_MARKET_CAP":12532046206.5,"PE_TTM":50.118161193761,"PB_TTM":1.617692811762,"REPORT_DATE_SQ":"2021-12-31 00:00:00","REPORT_TYPE_SQ":"2021年年报","OPERATE_INCOME_SQ":9275263200,"DPS_HKD":null,"OPERATE_INCOME_QOQ_SQ":14.073849946705,"NET_PROFIT_RATIO_SQ":11.1300013222,"HOLDER_PROFIT_SQ":972123947.2,"HOLDER_PROFIT_QOQ_SQ":1.620842328942,"ROE_AVG_SQ":16.204348663949,"PE_TTM_SQ":82.581264793099,"PB_TTM_SQ":2.030865677778,"ROA_SQ":4.726937471305,"START_DATE":"2022-01-01 00:00:00","FISCAL_YEAR":"12-31","CURRENCY":"HKD","IS_CNY_CODE":0,"DPS_HKD_LY":0.08,"ORG_TYPE":"一般企业","PREMIUM_INCOME":null,"PREMIUM_INCOME_YOY":null,"NET_INTEREST_INCOME":null,"NET_INTEREST_INCOME_YOY":null,"FEE_COMMISSION_INCOME":null,"FEE_COMMISSION_INCOME_YOY":null,"ACCOUNTS_RECE_TDAYS":6.610532697473,"INVENTORY_TDAYS":12.097217820251,"CURRENT_ASSETS_TDAYS":1.942365465158,"TOTAL_ASSETS_TDAYS":0.490615442706,"PREMIUM_EXPENSE":null,"LOAN_DEPOSIT":null,"LOAN_EQUITY":null,"LOAN_ASSETS":null,"DEPOSIT_EQUITY":null,"DEPOSIT_ASSETS":null,"EQUITY_MULTIPLIER":2.880151615034,"EQUITY_RATIO":2.113086710342},{"SECUCODE":"03633.HK","SECURITY_CODE":"03633","SECURITY_NAME_ABBR":"中裕能源","ORG_CODE":"10010692","STD_REPORT_DATE":"2022-06-30 00:00:00","REPORT_DATE":"2022-06-30 00:00:00","DATE_TYPE_CODE":"002","REPORT_TYPE":"2022年中报","PER_NETCASH_OPERATE":0.284300823523,"PER_OI":1.996260238139,"BPS":2.730527086461,"BASIC_EPS":0.064566845,"DILUTED_EPS":0.064481326,"OPERATE_INCOME":5657066456.58,"OPERATE_INCOME_YOY":13.5679277119,"GROSS_PROFIT":1011181787.14,"GROSS_PROFIT_YOY":-0.760528944457,"HOLDER_PROFIT":182995266.58,"HOLDER_PROFIT_YOY":-66.7818532938,"GROSS_PROFIT_RATIO":17.874666930311,"EPS_TTM":0.218473269312,"OPERATE_INCOME_QOQ":8.73783007279,"NET_PROFIT_RATIO":4.0846974338,"ROE_AVG":2.438420153711,"GROSS_PROFIT_QOQ":-0.432998508171,"ROA":0.80321654477,"HOLDER_PROFIT_QOQ":-36.31300022973,"ROE_YEARLY":4.876840307422,"ROIC_YEARLY":1.787970774078,"TOTAL_ASSETS":22755245292.71,"TOTAL_LIABILITIES":14355728178.05,"TAX_EBT":36.221067191623,"OCF_SALES":14.241671405909,"TOTAL_PARENT_EQUITY":7604242581.25,"DEBT_ASSET_RATIO":63.0875562684,"OPERATE_PROFIT":435715029.05,"PRETAX_PROFIT":362304664.26,"NETCASH_OPERATE":805660815.96,"NETCASH_INVEST":-645389658.06,"NETCASH_FINANCE":-123492856.76,"END_CASH":1540191203.67,"DIVI_RATIO":null,"DIVIDEND_RATE":null,"CURRENT_RATIO":0.685737795775,"COMMON_ACS":10000000000,"CURRENTDEBT_DEBT":60.363927288411,"ISSUED_COMMON_SHARES":2784899157,"HK_COMMON_SHARES":2784899157,"PER_SHARES":1000,"TOTAL_MARKET_CAP":12532046206.5,"HKSK_MARKET_CAP":12532046206.5,"PE_TTM":50.118161193761,"PB_TTM":1.617692811762,"REPORT_DATE_SQ":"2021-06-30 00:00:00","REPORT_TYPE_SQ":"2021年中报","OPERATE_INCOME_SQ":4846609719.36,"DPS_HKD":null,"OPERATE_INCOME_QOQ_SQ":13.075177162654,"NET_PROFIT_RATIO_SQ":11.9385540042,"HOLDER_PROFIT_SQ":536002637.76,"HOLDER_PROFIT_QOQ_SQ":7.570921673048,"ROE_AVG_SQ":10.110667335404,"PE_TTM_SQ":82.581264793099,"PB_TTM_SQ":2.030865677778,"ROA_SQ":2.68995192264,"START_DATE":"2022-01-01 00:00:00","FISCAL_YEAR":"12-31","CURRENCY":"HKD","IS_CNY_CODE":0,"DPS_HKD_LY":0.08,"ORG_TYPE":"一般企业","PREMIUM_INCOME":null,"PREMIUM_INCOME_YOY":null,"NET_INTEREST_INCOME":null,"NET_INTEREST_INCOME_YOY":null,"FEE_COMMISSION_INCOME":null,"FEE_COMMISSION_INCOME_YOY":null,"ACCOUNTS_RECE_TDAYS":3.129388873396,"INVENTORY_TDAYS":5.96063457789,"CURRENT_ASSETS_TDAYS":0.941036538564,"TOTAL_ASSETS_TDAYS":0.248304202492,"PREMIUM_EXPENSE":null,"LOAN_DEPOSIT":null,"LOAN_EQUITY":null,"LOAN_ASSETS":null,"DEPOSIT_EQUITY":null,"DEPOSIT_ASSETS":null,"EQUITY_MULTIPLIER":2.709113509989,"EQUITY_RATIO":1.887857735292},{"SECUCODE":"03633.HK","SECURITY_CODE":"03633","SECURITY_NAME_ABBR":"中裕能源","ORG_CODE":"10010692","STD_REPORT_DATE":"2021-12-31 00:00:00","REPORT_DATE":"2021-12-31 00:00:00","DATE_TYPE_CODE":"001","REPORT_TYPE":"2021年年报","PER_NETCASH_OPERATE":0.51803682599,"PER_OI":3.273046068409,"BPS":2.542137272513,"BASIC_EPS":0.3613792,"DILUTED_EPS":0.36088864,"OPERATE_INCOME":9275263200,"OPERATE_INCOME_YOY":32.7818945166,"GROSS_PROFIT":1789674891.2,"GROSS_PROFIT_YOY":9.213929663261,"HOLDER_PROFIT":972123947.2,"HOLDER_PROFIT_YOY":12.5286645965,"GROSS_PROFIT_RATIO":19.295138613425,"EPS_TTM":0.343042175169,"OPERATE_INCOME_QOQ":14.073849946705,"NET_PROFIT_RATIO":11.1300013222,"ROE_AVG":16.204348663949,"GROSS_PROFIT_QOQ":19.212969744725,"ROA":4.726937471305,"HOLDER_PROFIT_QOQ":1.620842328942,"ROE_YEARLY":16.204348663949,"ROIC_YEARLY":5.264681302665,"TOTAL_ASSETS":21807733606.4,"TOTAL_LIABILITIES":14026636041.6,"TAX_EBT":20.161782912699,"OCF_SALES":15.827361276389,"TOTAL_PARENT_EQUITY":7079595947.2,"DEBT_ASSET_RATIO":64.3195496367,"OPERATE_PROFIT":1407947262.4,"PRETAX_PROFIT":1293036035.2,"NETCASH_OPERATE":1468029416,"NETCASH_INVEST":-1330275262.4,"NETCASH_FINANCE":-35369376,"END_CASH":1488738406.4,"DIVI_RATIO":null,"DIVIDEND_RATE":null,"CURRENT_RATIO":0.843605708693,"COMMON_ACS":10000000000,"CURRENTDEBT_DEBT":49.128846075156,"ISSUED_COMMON_SHARES":2784899157,"HK_COMMON_SHARES":2784899157,"PER_SHARES":1000,"TOTAL_MARKET_CAP":12532046206.5,"HKSK_MARKET_CAP":12532046206.5,"PE_TTM":50.118161193761,"PB_TTM":1.617692811762,"REPORT_DATE_SQ":"2020-12-31 00:00:00","REPORT_TYPE_SQ":"2020年年报","OPERATE_INCOME_SQ":7190728084.4,"DPS_HKD":null,"OPERATE_INCOME_QOQ_SQ":-2.823561107489,"NET_PROFIT_RATIO_SQ":13.0299015299,"HOLDER_PROFIT_SQ":889291131.88,"HOLDER_PROFIT_QOQ_SQ":118.11130893733,"ROE_AVG_SQ":19.582560496276,"PE_TTM_SQ":82.581264793099,"PB_TTM_SQ":2.030865677778,"ROA_SQ":4.811167009786,"START_DATE":"2021-01-01 00:00:00","FISCAL_YEAR":"12-31","CURRENCY":"HKD","IS_CNY_CODE":0,"DPS_HKD_LY":0.1,"ORG_TYPE":"一般企业","PREMIUM_INCOME":null,"PREMIUM_INCOME_YOY":null,"NET_INTEREST_INCOME":null,"NET_INTEREST_INCOME_YOY":null,"FEE_COMMISSION_INCOME":null,"FEE_COMMISSION_INCOME_YOY":null,"ACCOUNTS_RECE_TDAYS":5.941217843607,"INVENTORY_TDAYS":10.955220969552,"CURRENT_ASSETS_TDAYS":1.661158391661,"TOTAL_ASSETS_TDAYS":0.451008220737,"PREMIUM_EXPENSE":null,"LOAN_DEPOSIT":null,"LOAN_EQUITY":null,"LOAN_ASSETS":null,"DEPOSIT_EQUITY":null,"DEPOSIT_ASSETS":null,"EQUITY_MULTIPLIER":2.802655207033,"EQUITY_RATIO":1.98127635337},{"SECUCODE":"03633.HK","SECURITY_CODE":"03633","SECURITY_NAME_ABBR":"中裕能源","ORG_CODE":"10010692","STD_REPORT_DATE":"2021-06-30 00:00:00","REPORT_DATE":"2021-06-30 00:00:00","DATE_TYPE_CODE":"002","REPORT_TYPE":"2021年中报","PER_NETCASH_OPERATE":0.129543192726,"PER_OI":1.832275074247,"BPS":2.009727923057,"BASIC_EPS":0.20261148,"DILUTED_EPS":0.202361856,"OPERATE_INCOME":4846609719.36,"OPERATE_INCOME_YOY":36.1994167785,"GROSS_PROFIT":1018931052.72,"GROSS_PROFIT_YOY":-11.885886814363,"HOLDER_PROFIT":536002637.76,"HOLDER_PROFIT_YOY":25.548054135,"GROSS_PROFIT_RATIO":21.023583736273,"EPS_TTM":0.361652503595,"OPERATE_INCOME_QOQ":13.075177162654,"NET_PROFIT_RATIO":11.9385540042,"ROE_AVG":10.110667335404,"GROSS_PROFIT_QOQ":-8.387543824196,"ROA":2.68995192264,"HOLDER_PROFIT_QOQ":7.570921673048,"ROE_YEARLY":20.221334670808,"ROIC_YEARLY":5.928927504781,"TOTAL_ASSETS":20186478804.96,"TOTAL_LIABILITIES":13946597722.08,"TAX_EBT":24.649515747682,"OCF_SALES":7.07007340474,"TOTAL_PARENT_EQUITY":5596889598.72,"DEBT_ASSET_RATIO":69.0888086864,"OPERATE_PROFIT":820407581.76,"PRETAX_PROFIT":767898341.28,"NETCASH_OPERATE":342658864.8,"NETCASH_INVEST":-734078449.68,"NETCASH_FINANCE":-72280293.36,"END_CASH":1000764250.08,"DIVI_RATIO":null,"DIVIDEND_RATE":null,"CURRENT_RATIO":0.573281194834,"COMMON_ACS":10000000000,"CURRENTDEBT_DEBT":68.100854322078,"ISSUED_COMMON_SHARES":2784899157,"HK_COMMON_SHARES":2784899157,"PER_SHARES":1000,"TOTAL_MARKET_CAP":12532046206.5,"HKSK_MARKET_CAP":12532046206.5,"PE_TTM":50.118161193761,"PB_TTM":1.617692811762,"REPORT_DATE_SQ":"2020-06-30 00:00:00","REPORT_TYPE_SQ":"2020年中报","OPERATE_INCOME_SQ":3906409283.04,"DPS_HKD":null,"OPERATE_INCOME_QOQ_SQ":1.434331572545,"NET_PROFIT_RATIO_SQ":13.0817045633,"HOLDER_PROFIT_SQ":468675102.72,"HOLDER_PROFIT_QOQ_SQ":5.821464803804,"ROE_AVG_SQ":10.278402789797,"PE_TTM_SQ":82.581264793099,"PB_TTM_SQ":2.030865677778,"ROA_SQ":2.483138545651,"START_DATE":"2021-01-01 00:00:00","FISCAL_YEAR":"12-31","CURRENCY":"HKD","IS_CNY_CODE":0,"DPS_HKD_LY":0.1,"ORG_TYPE":"一般企业","PREMIUM_INCOME":null,"PREMIUM_INCOME_YOY":null,"NET_INTEREST_INCOME":null,"NET_INTEREST_INCOME_YOY":null,"FEE_COMMISSION_INCOME":null,"FEE_COMMISSION_INCOME_YOY":null,"ACCOUNTS_RECE_TDAYS":2.998984410377,"INVENTORY_TDAYS":5.58856588182,"CURRENT_ASSETS_TDAYS":0.889814174825,"TOTAL_ASSETS_TDAYS":0.243229159979,"PREMIUM_EXPENSE":null,"LOAN_DEPOSIT":null,"LOAN_EQUITY":null,"LOAN_ASSETS":null,"DEPOSIT_EQUITY":null,"DEPOSIT_ASSETS":null,"EQUITY_MULTIPLIER":3.235074280557,"EQUITY_RATIO":2.491847923045},{"SECUCODE":"03633.HK","SECURITY_CODE":"03633","SECURITY_NAME_ABBR":"中裕能源","ORG_CODE":"10010692","STD_REPORT_DATE":"2020-12-31 00:00:00","REPORT_DATE":"2020-12-31 00:00:00","DATE_TYPE_CODE":"001","REPORT_TYPE":"2020年年报","PER_NETCASH_OPERATE":0.600194864872,"PER_OI":2.718784277244,"BPS":1.818140901523,"BASIC_EPS":0.33623518,"DILUTED_EPS":0.335646032,"OPERATE_INCOME":7190728084.4,"OPERATE_INCOME_YOY":4.9109804291,"GROSS_PROFIT":1638687387.88,"GROSS_PROFIT_YOY":-4.218954584148,"HOLDER_PROFIT":889291131.88,"HOLDER_PROFIT_YOY":145.6557573334,"GROSS_PROFIT_RATIO":22.788893817791,"EPS_TTM":0.336237265388,"OPERATE_INCOME_QOQ":-2.823561107489,"NET_PROFIT_RATIO":13.0299015299,"ROE_AVG":19.582560496276,"GROSS_PROFIT_QOQ":-12.132932702605,"ROA":4.811167009786,"HOLDER_PROFIT_QOQ":118.11130893733,"ROE_YEARLY":19.582560496276,"ROIC_YEARLY":5.432492812641,"TOTAL_ASSETS":19891675773.72,"TOTAL_LIABILITIES":14226302359.72,"TAX_EBT":21.349963368048,"OCF_SALES":22.075854634579,"TOTAL_PARENT_EQUITY":5063339063.96,"DEBT_ASSET_RATIO":71.5188731284,"OPERATE_PROFIT":1364458351.6,"PRETAX_PROFIT":1191283346.84,"NETCASH_OPERATE":1587414679.08,"NETCASH_INVEST":-1581198326.04,"NETCASH_FINANCE":-212476226.2,"END_CASH":1468071810.36,"DIVI_RATIO":null,"DIVIDEND_RATE":null,"CURRENT_RATIO":0.571192306723,"COMMON_ACS":10000000000,"CURRENTDEBT_DEBT":67.822809497421,"ISSUED_COMMON_SHARES":2784899157,"HK_COMMON_SHARES":2784899157,"PER_SHARES":1000,"TOTAL_MARKET_CAP":12532046206.5,"HKSK_MARKET_CAP":12532046206.5,"PE_TTM":50.118161193761,"PB_TTM":1.617692811762,"REPORT_DATE_SQ":"2019-12-31 00:00:00","REPORT_TYPE_SQ":"2019年年报","OPERATE_INCOME_SQ":7295027186.38,"DPS_HKD":null,"OPERATE_INCOME_QOQ_SQ":-0.961165565153,"NET_PROFIT_RATIO_SQ":5.9388826135,"HOLDER_PROFIT_SQ":385293789.38,"HOLDER_PROFIT_QOQ_SQ":-39.419553002246,"ROE_AVG_SQ":9.872080063457,"PE_TTM_SQ":82.581264793099,"PB_TTM_SQ":2.030865677778,"ROA_SQ":2.352286967843,"START_DATE":"2020-01-01 00:00:00","FISCAL_YEAR":"12-31","CURRENCY":"HKD","IS_CNY_CODE":0,"DPS_HKD_LY":0.07,"ORG_TYPE":"一般企业","PREMIUM_INCOME":null,"PREMIUM_INCOME_YOY":null,"NET_INTEREST_INCOME":null,"NET_INTEREST_INCOME_YOY":null,"FEE_COMMISSION_INCOME":null,"FEE_COMMISSION_INCOME_YOY":null,"ACCOUNTS_RECE_TDAYS":5.506562628803,"INVENTORY_TDAYS":9.843782922323,"CURRENT_ASSETS_TDAYS":1.402834564167,"TOTAL_ASSETS_TDAYS":0.389026635888,"PREMIUM_EXPENSE":null,"LOAN_DEPOSIT":null,"LOAN_EQUITY":null,"LOAN_ASSETS":null,"DEPOSIT_EQUITY":null,"DEPOSIT_ASSETS":null,"EQUITY_MULTIPLIER":3.511097031056,"EQUITY_RATIO":2.809668122165},{"SECUCODE":"03633.HK","SECURITY_CODE":"03633","SECURITY_NAME_ABBR":"中裕能源","ORG_CODE":"10010692","STD_REPORT_DATE":"2020-06-30 00:00:00","REPORT_DATE":"2020-06-30 00:00:00","DATE_TYPE_CODE":"002","REPORT_TYPE":"2020年中报","PER_NETCASH_OPERATE":0.213370676315,"PER_OI":1.476997045994,"BPS":1.708355043378,"BASIC_EPS":0.18451488,"DILUTED_EPS":0.184240848,"OPERATE_INCOME":3906409283.04,"OPERATE_INCOME_YOY":-1.0476257026,"GROSS_PROFIT":1156376675.52,"GROSS_PROFIT_YOY":15.374285977049,"HOLDER_PROFIT":468675102.72,"HOLDER_PROFIT_YOY":1.14233786,"GROSS_PROFIT_RATIO":29.602035827134,"EPS_TTM":0.154158565654,"OPERATE_INCOME_QOQ":1.434331572545,"NET_PROFIT_RATIO":13.0817045633,"ROE_AVG":10.278402789797,"GROSS_PROFIT_QOQ":9.006762558344,"ROA":2.483138545651,"HOLDER_PROFIT_QOQ":5.821464803804,"ROE_YEARLY":20.556805579595,"ROIC_YEARLY":5.603936281175,"TOTAL_ASSETS":19215732191.04,"TOTAL_LIABILITIES":13788888326.4,"TAX_EBT":31.654663954604,"OCF_SALES":14.446249360764,"TOTAL_PARENT_EQUITY":4757596520.16,"DEBT_ASSET_RATIO":71.7583290052,"OPERATE_PROFIT":860766482.4,"PRETAX_PROFIT":747710013.6,"NETCASH_OPERATE":564329626.08,"NETCASH_INVEST":-1051916590.56,"NETCASH_FINANCE":58195262.4,"END_CASH":1284005252.64,"DIVI_RATIO":null,"DIVIDEND_RATE":null,"CURRENT_RATIO":0.726228191326,"COMMON_ACS":10000000000,"CURRENTDEBT_DEBT":54.502138377112,"ISSUED_COMMON_SHARES":2784899157,"HK_COMMON_SHARES":2784899157,"PER_SHARES":1000,"TOTAL_MARKET_CAP":12532046206.5,"HKSK_MARKET_CAP":12532046206.5,"PE_TTM":50.118161193761,"PB_TTM":1.617692811762,"REPORT_DATE_SQ":"2019-06-30 00:00:00","REPORT_TYPE_SQ":"2019年中报","OPERATE_INCOME_SQ":3801774404.88,"DPS_HKD":null,"OPERATE_INCOME_QOQ_SQ":10.21974147885,"NET_PROFIT_RATIO_SQ":12.7219989134,"HOLDER_PROFIT_SQ":446245360.38,"HOLDER_PROFIT_QOQ_SQ":16.94609804979,"ROE_AVG_SQ":12.184532035938,"PE_TTM_SQ":82.581264793099,"PB_TTM_SQ":2.030865677778,"ROA_SQ":2.826201134647,"START_DATE":"2020-01-01 00:00:00","FISCAL_YEAR":"12-31","CURRENCY":"HKD","IS_CNY_CODE":0,"DPS_HKD_LY":0.07,"ORG_TYPE":"一般企业","PREMIUM_INCOME":null,"PREMIUM_INCOME_YOY":null,"NET_INTEREST_INCOME":null,"NET_INTEREST_INCOME_YOY":null,"FEE_COMMISSION_INCOME":null,"FEE_COMMISSION_INCOME_YOY":null,"ACCOUNTS_RECE_TDAYS":2.71260565712,"INVENTORY_TDAYS":5.029990652199,"CURRENT_ASSETS_TDAYS":0.736874344275,"TOTAL_ASSETS_TDAYS":0.206969719738,"PREMIUM_EXPENSE":null,"LOAN_DEPOSIT":null,"LOAN_EQUITY":null,"LOAN_ASSETS":null,"DEPOSIT_EQUITY":null,"DEPOSIT_ASSETS":null,"EQUITY_MULTIPLIER":3.54086696989,"EQUITY_RATIO":2.898288719518}],"count":62},"success":true,"message":"ok","code":0}