{"version":"6a0bdc15d80d9db79dd2cdd1c8d94faa","result":{"pages":2,"data":[{"SECUCODE":"03650.HK","SECURITY_CODE":"03650","SECURITY_NAME_ABBR":"KEEP","ORG_CODE":"10000298651","STD_REPORT_DATE":"2024-06-30 00:00:00","REPORT_DATE":"2024-06-30 00:00:00","DATE_TYPE_CODE":"002","REPORT_TYPE":"2024年中报","PER_NETCASH_OPERATE":-0.375934491729,"PER_OI":1.979940361355,"BPS":3.279377149137,"BASIC_EPS":-0.35,"DILUTED_EPS":-0.35,"OPERATE_INCOME":1037343000,"OPERATE_INCOME_YOY":5.3508027169,"GROSS_PROFIT":477322000,"GROSS_PROFIT_YOY":12.663363789355,"HOLDER_PROFIT":-163353000,"HOLDER_PROFIT_YOY":-113.6682888135,"GROSS_PROFIT_RATIO":46.013902826741,"EPS_TTM":-0.4820696309,"OPERATE_INCOME_QOQ":2.464503792156,"NET_PROFIT_RATIO":-15.7472504273,"ROE_AVG":-9.160573749256,"GROSS_PROFIT_QOQ":5.579091638902,"ROA":-6.842616633892,"HOLDER_PROFIT_QOQ":-122.838156519349,"ROE_YEARLY":-18.321147498511,"ROIC_YEARLY":-39.840761826251,"TOTAL_ASSETS":2325836000,"TOTAL_LIABILITIES":632549000,"TAX_EBT":null,"OCF_SALES":-18.987162394695,"TOTAL_PARENT_EQUITY":1693287000,"DEBT_ASSET_RATIO":27.196629513,"OPERATE_PROFIT":-187816000,"PRETAX_PROFIT":-163353000,"NETCASH_OPERATE":-196962000,"NETCASH_INVEST":12086000,"NETCASH_FINANCE":-58882000,"END_CASH":1376029000,"DIVI_RATIO":null,"DIVIDEND_RATE":null,"CURRENT_RATIO":3.513960046005,"COMMON_ACS":1000000000,"CURRENTDEBT_DEBT":96.767839329443,"ISSUED_COMMON_SHARES":516344087,"HK_COMMON_SHARES":516344087,"PER_SHARES":100,"TOTAL_MARKET_CAP":3800292480.32,"HKSK_MARKET_CAP":3800292480.32,"PE_TTM":-14.909711312041,"PB_TTM":2.048353847244,"REPORT_DATE_SQ":"2023-06-30 00:00:00","REPORT_TYPE_SQ":"2023年中报","OPERATE_INCOME_SQ":984656000,"DPS_HKD":null,"OPERATE_INCOME_QOQ_SQ":-1.223168717339,"NET_PROFIT_RATIO_SQ":121.3747745406,"HOLDER_PROFIT_SQ":1195124000,"HOLDER_PROFIT_QOQ_SQ":892.87046513185,"ROE_AVG_SQ":-16.778282142537,"PE_TTM_SQ":3.190283529565,"PB_TTM_SQ":-0.381342565001,"ROA_SQ":47.547556547872,"START_DATE":"2024-01-01 00:00:00","FISCAL_YEAR":"12-31","CURRENCY":"HKD","IS_CNY_CODE":0,"DPS_HKD_LY":null,"ORG_TYPE":"一般企业","PREMIUM_INCOME":null,"PREMIUM_INCOME_YOY":null,"NET_INTEREST_INCOME":null,"NET_INTEREST_INCOME_YOY":null,"FEE_COMMISSION_INCOME":null,"FEE_COMMISSION_INCOME_YOY":null,"ACCOUNTS_RECE_TDAYS":4.209013724476,"INVENTORY_TDAYS":3.691184661066,"CURRENT_ASSETS_TDAYS":0.467025696829,"TOTAL_ASSETS_TDAYS":0.4345277079,"PREMIUM_EXPENSE":null,"LOAN_DEPOSIT":null,"LOAN_EQUITY":null,"LOAN_ASSETS":null,"DEPOSIT_EQUITY":null,"DEPOSIT_ASSETS":null,"EQUITY_MULTIPLIER":1.373562780556,"EQUITY_RATIO":0.373562780556},{"SECUCODE":"03650.HK","SECURITY_CODE":"03650","SECURITY_NAME_ABBR":"KEEP","ORG_CODE":"10000298651","STD_REPORT_DATE":"2023-12-31 00:00:00","REPORT_DATE":"2023-12-31 00:00:00","DATE_TYPE_CODE":"001","REPORT_TYPE":"2023年年报","PER_NETCASH_OPERATE":-0.606336285521,"PER_OI":4.066859282726,"BPS":3.627714632859,"BASIC_EPS":3.78,"DILUTED_EPS":3.5,"OPERATE_INCOME":2137834000,"OPERATE_INCOME_YOY":-3.3332715366,"GROSS_PROFIT":961644000,"GROSS_PROFIT_YOY":6.804238210533,"HOLDER_PROFIT":1105908000,"HOLDER_PROFIT_YOY":1157.7689357347,"GROSS_PROFIT_RATIO":44.982164190484,"EPS_TTM":2.103798618434,"OPERATE_INCOME_QOQ":-2.136232547494,"NET_PROFIT_RATIO":51.730302727,"ROE_AVG":-39.237369288066,"GROSS_PROFIT_QOQ":5.604491060378,"ROA":43.520135246332,"HOLDER_PROFIT_QOQ":33.410056529072,"ROE_YEARLY":-39.237369288066,"ROIC_YEARLY":134.900060746672,"TOTAL_ASSETS":2448741000,"TOTAL_LIABILITIES":575592000,"TAX_EBT":null,"OCF_SALES":-14.909202491868,"TOTAL_PARENT_EQUITY":1873149000,"DEBT_ASSET_RATIO":23.505630036,"OPERATE_PROFIT":-375585000,"PRETAX_PROFIT":1105908000,"NETCASH_OPERATE":-318734000,"NETCASH_INVEST":103257000,"NETCASH_FINANCE":156255000,"END_CASH":1612769000,"DIVI_RATIO":null,"DIVIDEND_RATE":null,"CURRENT_RATIO":4.305813356985,"COMMON_ACS":1000000000,"CURRENTDEBT_DEBT":92.456288482119,"ISSUED_COMMON_SHARES":516344087,"HK_COMMON_SHARES":516344087,"PER_SHARES":100,"TOTAL_MARKET_CAP":2545576348.91,"HKSK_MARKET_CAP":2545576348.91,"PE_TTM":-9.987075647875,"PB_TTM":1.372063106918,"REPORT_DATE_SQ":"2022-12-31 00:00:00","REPORT_TYPE_SQ":"2022年年报","OPERATE_INCOME_SQ":2211551000,"DPS_HKD":null,"OPERATE_INCOME_QOQ_SQ":27.569339533124,"NET_PROFIT_RATIO_SQ":-4.7274966754,"HOLDER_PROFIT_SQ":-104551000,"HOLDER_PROFIT_QOQ_SQ":-125.569406027523,"ROE_AVG_SQ":1.465242277,"PE_TTM_SQ":3.6898939691,"PB_TTM_SQ":-0.441062249709,"ROA_SQ":-3.633978608914,"START_DATE":"2023-01-01 00:00:00","FISCAL_YEAR":"12-31","CURRENCY":"HKD","IS_CNY_CODE":0,"DPS_HKD_LY":null,"ORG_TYPE":"一般企业","PREMIUM_INCOME":null,"PREMIUM_INCOME_YOY":null,"NET_INTEREST_INCOME":null,"NET_INTEREST_INCOME_YOY":null,"FEE_COMMISSION_INCOME":null,"FEE_COMMISSION_INCOME_YOY":null,"ACCOUNTS_RECE_TDAYS":8.90847683637,"INVENTORY_TDAYS":8.136429196484,"CURRENT_ASSETS_TDAYS":0.905741162883,"TOTAL_ASSETS_TDAYS":0.841289011511,"PREMIUM_EXPENSE":null,"LOAN_DEPOSIT":null,"LOAN_EQUITY":null,"LOAN_ASSETS":null,"DEPOSIT_EQUITY":null,"DEPOSIT_ASSETS":null,"EQUITY_MULTIPLIER":1.307285752495,"EQUITY_RATIO":0.307285752495},{"SECUCODE":"03650.HK","SECURITY_CODE":"03650","SECURITY_NAME_ABBR":"KEEP","ORG_CODE":"10000298651","STD_REPORT_DATE":"2023-06-30 00:00:00","REPORT_DATE":"2023-06-30 00:00:00","DATE_TYPE_CODE":"002","REPORT_TYPE":"2023年中报","PER_NETCASH_OPERATE":-0.342029099989,"PER_OI":1.912572154144,"BPS":-13.045409388023,"BASIC_EPS":8.64,"DILUTED_EPS":-0.52,"OPERATE_INCOME":984656000,"OPERATE_INCOME_YOY":-2.6737978486,"GROSS_PROFIT":423671000,"GROSS_PROFIT_YOY":2.474107613644,"HOLDER_PROFIT":1195124000,"HOLDER_PROFIT_YOY":356.8185032433,"GROSS_PROFIT_RATIO":43.027311060919,"EPS_TTM":1.610140330701,"OPERATE_INCOME_QOQ":-1.223168717339,"NET_PROFIT_RATIO":121.3747745406,"ROE_AVG":-16.778282142537,"GROSS_PROFIT_QOQ":1.136075879073,"ROA":47.547556547872,"HOLDER_PROFIT_QOQ":892.87046513185,"ROE_YEARLY":-33.556564285074,"ROIC_YEARLY":300.184738885212,"TOTAL_ASSETS":2393527000,"TOTAL_LIABILITIES":9129447000,"TAX_EBT":null,"OCF_SALES":-17.883199818008,"TOTAL_PARENT_EQUITY":-6735920000,"DEBT_ASSET_RATIO":381.4223528709,"OPERATE_PROFIT":-258646000,"PRETAX_PROFIT":1195124000,"NETCASH_OPERATE":-176088000,"NETCASH_INVEST":18630000,"NETCASH_FINANCE":-43487000,"END_CASH":1480339000,"DIVI_RATIO":null,"DIVIDEND_RATE":null,"CURRENT_RATIO":3.301965199528,"COMMON_ACS":1000000000,"CURRENTDEBT_DEBT":7.209111351432,"ISSUED_COMMON_SHARES":516344087,"HK_COMMON_SHARES":516344087,"PER_SHARES":100,"TOTAL_MARKET_CAP":2545576348.91,"HKSK_MARKET_CAP":2545576348.91,"PE_TTM":-9.987075647875,"PB_TTM":1.372063106918,"REPORT_DATE_SQ":"2022-06-30 00:00:00","REPORT_TYPE_SQ":"2022年中报","OPERATE_INCOME_SQ":1011707000,"DPS_HKD":null,"OPERATE_INCOME_QOQ_SQ":0,"NET_PROFIT_RATIO_SQ":25.859166735,"HOLDER_PROFIT_SQ":261619000,"HOLDER_PROFIT_QOQ_SQ":0,"ROE_AVG_SQ":null,"PE_TTM_SQ":3.6898939691,"PB_TTM_SQ":-0.441062249709,"ROA_SQ":null,"START_DATE":"2023-01-01 00:00:00","FISCAL_YEAR":"12-31","CURRENCY":"HKD","IS_CNY_CODE":0,"DPS_HKD_LY":null,"ORG_TYPE":"一般企业","PREMIUM_INCOME":null,"PREMIUM_INCOME_YOY":null,"NET_INTEREST_INCOME":null,"NET_INTEREST_INCOME_YOY":null,"FEE_COMMISSION_INCOME":null,"FEE_COMMISSION_INCOME_YOY":null,"ACCOUNTS_RECE_TDAYS":4.397022376829,"INVENTORY_TDAYS":3.569242613188,"CURRENT_ASSETS_TDAYS":0.427888523258,"TOTAL_ASSETS_TDAYS":0.39174166731,"PREMIUM_EXPENSE":null,"LOAN_DEPOSIT":null,"LOAN_EQUITY":null,"LOAN_ASSETS":null,"DEPOSIT_EQUITY":null,"DEPOSIT_ASSETS":null,"EQUITY_MULTIPLIER":-0.355337800924,"EQUITY_RATIO":-1.355337800924},{"SECUCODE":"03650.HK","SECURITY_CODE":"03650","SECURITY_NAME_ABBR":"KEEP","ORG_CODE":"10000298651","STD_REPORT_DATE":"2022-12-31 00:00:00","REPORT_DATE":"2022-12-31 00:00:00","DATE_TYPE_CODE":"001","REPORT_TYPE":"2022年年报","PER_NETCASH_OPERATE":-2.603064919508,"PER_OI":12.625055815246,"BPS":-14.544880418085,"BASIC_EPS":-0.76,"DILUTED_EPS":-0.76,"OPERATE_INCOME":2211551000,"OPERATE_INCOME_YOY":36.5544371296,"GROSS_PROFIT":900380000,"GROSS_PROFIT_YOY":33.068687668852,"HOLDER_PROFIT":-104551000,"HOLDER_PROFIT_YOY":96.4050041314,"GROSS_PROFIT_RATIO":40.712603959845,"EPS_TTM":-0.596849093934,"OPERATE_INCOME_QOQ":27.569339533124,"NET_PROFIT_RATIO":-4.7274966754,"ROE_AVG":1.465242277,"GROSS_PROFIT_QOQ":23.062077750609,"ROA":-3.633978608914,"HOLDER_PROFIT_QOQ":-125.569406027523,"ROE_YEARLY":1.465242277,"ROIC_YEARLY":-10.978546099477,"TOTAL_ASSETS":2633541000,"TOTAL_LIABILITIES":10143704000,"TAX_EBT":-0.968632904547,"OCF_SALES":-20.618244842647,"TOTAL_PARENT_EQUITY":-7510163000,"DEBT_ASSET_RATIO":385.1735742865,"OPERATE_PROFIT":-788740000,"PRETAX_PROFIT":-103548000,"NETCASH_OPERATE":-455983000,"NETCASH_INVEST":459691000,"NETCASH_FINANCE":-66830000,"END_CASH":1672217000,"DIVI_RATIO":null,"DIVIDEND_RATE":null,"CURRENT_RATIO":3.641351191324,"COMMON_ACS":1000000000,"CURRENTDEBT_DEBT":6.576641037633,"ISSUED_COMMON_SHARES":516344087,"HK_COMMON_SHARES":516344087,"PER_SHARES":100,"TOTAL_MARKET_CAP":2545576348.91,"HKSK_MARKET_CAP":2545576348.91,"PE_TTM":-9.987075647875,"PB_TTM":1.372063106918,"REPORT_DATE_SQ":"2021-12-31 00:00:00","REPORT_TYPE_SQ":"2021年年报","OPERATE_INCOME_SQ":1619538000,"DPS_HKD":null,"OPERATE_INCOME_QOQ_SQ":12.042621549037,"NET_PROFIT_RATIO_SQ":-179.5720137471,"HOLDER_PROFIT_SQ":-2908237000,"HOLDER_PROFIT_QOQ_SQ":10.121897287095,"ROE_AVG_SQ":53.844679091591,"PE_TTM_SQ":3.6898939691,"PB_TTM_SQ":-0.441062249709,"ROA_SQ":-90.773633906496,"START_DATE":"2022-01-01 00:00:00","FISCAL_YEAR":"12-31","CURRENCY":"HKD","IS_CNY_CODE":0,"DPS_HKD_LY":null,"ORG_TYPE":"一般企业","PREMIUM_INCOME":null,"PREMIUM_INCOME_YOY":null,"NET_INTEREST_INCOME":null,"NET_INTEREST_INCOME_YOY":null,"FEE_COMMISSION_INCOME":null,"FEE_COMMISSION_INCOME_YOY":null,"ACCOUNTS_RECE_TDAYS":7.869672125314,"INVENTORY_TDAYS":7.155094133697,"CURRENT_ASSETS_TDAYS":0.82067671705,"TOTAL_ASSETS_TDAYS":0.768689828555,"PREMIUM_EXPENSE":null,"LOAN_DEPOSIT":null,"LOAN_EQUITY":null,"LOAN_ASSETS":null,"DEPOSIT_EQUITY":null,"DEPOSIT_ASSETS":null,"EQUITY_MULTIPLIER":-0.350663627407,"EQUITY_RATIO":-1.350663627407},{"SECUCODE":"03650.HK","SECURITY_CODE":"03650","SECURITY_NAME_ABBR":"KEEP","ORG_CODE":"10000298651","STD_REPORT_DATE":"2022-06-30 00:00:00","REPORT_DATE":"2022-06-30 00:00:00","DATE_TYPE_CODE":"002","REPORT_TYPE":"2022年中报","PER_NETCASH_OPERATE":null,"PER_OI":null,"BPS":null,"BASIC_EPS":1.89,"DILUTED_EPS":-0.81,"OPERATE_INCOME":1011707000,"OPERATE_INCOME_YOY":null,"GROSS_PROFIT":413442000,"GROSS_PROFIT_YOY":null,"HOLDER_PROFIT":261619000,"HOLDER_PROFIT_YOY":null,"GROSS_PROFIT_RATIO":40.865784263626,"EPS_TTM":2.127640857541,"OPERATE_INCOME_QOQ":0,"NET_PROFIT_RATIO":25.859166735,"ROE_AVG":null,"GROSS_PROFIT_QOQ":0,"ROA":null,"HOLDER_PROFIT_QOQ":0,"ROE_YEARLY":null,"ROIC_YEARLY":null,"TOTAL_ASSETS":null,"TOTAL_LIABILITIES":null,"TAX_EBT":0.38191773728,"OCF_SALES":-15.011658513779,"TOTAL_PARENT_EQUITY":null,"DEBT_ASSET_RATIO":null,"OPERATE_PROFIT":-369828000,"PRETAX_PROFIT":262622000,"NETCASH_OPERATE":-151874000,"NETCASH_INVEST":122886000,"NETCASH_FINANCE":-49147000,"END_CASH":1637412000,"DIVI_RATIO":null,"DIVIDEND_RATE":null,"CURRENT_RATIO":null,"COMMON_ACS":1000000000,"CURRENTDEBT_DEBT":null,"ISSUED_COMMON_SHARES":516344087,"HK_COMMON_SHARES":516344087,"PER_SHARES":100,"TOTAL_MARKET_CAP":2545576348.91,"HKSK_MARKET_CAP":2545576348.91,"PE_TTM":-9.987075647875,"PB_TTM":1.372063106918,"REPORT_DATE_SQ":"2021-06-30 00:00:00","REPORT_TYPE_SQ":"2021年中报","OPERATE_INCOME_SQ":null,"DPS_HKD":null,"OPERATE_INCOME_QOQ_SQ":0,"NET_PROFIT_RATIO_SQ":null,"HOLDER_PROFIT_SQ":null,"HOLDER_PROFIT_QOQ_SQ":0,"ROE_AVG_SQ":null,"PE_TTM_SQ":3.6898939691,"PB_TTM_SQ":-0.441062249709,"ROA_SQ":null,"START_DATE":"2022-01-01 00:00:00","FISCAL_YEAR":"12-31","CURRENCY":"HKD","IS_CNY_CODE":0,"DPS_HKD_LY":null,"ORG_TYPE":"一般企业","PREMIUM_INCOME":null,"PREMIUM_INCOME_YOY":null,"NET_INTEREST_INCOME":null,"NET_INTEREST_INCOME_YOY":null,"FEE_COMMISSION_INCOME":null,"FEE_COMMISSION_INCOME_YOY":null,"ACCOUNTS_RECE_TDAYS":null,"INVENTORY_TDAYS":null,"CURRENT_ASSETS_TDAYS":0.68349829532,"TOTAL_ASSETS_TDAYS":0.648418317611,"PREMIUM_EXPENSE":null,"LOAN_DEPOSIT":null,"LOAN_EQUITY":null,"LOAN_ASSETS":null,"DEPOSIT_EQUITY":null,"DEPOSIT_ASSETS":null,"EQUITY_MULTIPLIER":null,"EQUITY_RATIO":null},{"SECUCODE":"03650.HK","SECURITY_CODE":"03650","SECURITY_NAME_ABBR":"KEEP","ORG_CODE":"10000298651","STD_REPORT_DATE":"2022-03-31 00:00:00","REPORT_DATE":"2022-03-31 00:00:00","DATE_TYPE_CODE":"003","REPORT_TYPE":"2022年一季报","PER_NETCASH_OPERATE":-0.525110615738,"PER_OI":2.171256113607,"BPS":-13.476387500493,"BASIC_EPS":-1.82,"DILUTED_EPS":-1.82,"OPERATE_INCOME":417273000,"OPERATE_INCOME_YOY":37.621205525,"GROSS_PROFIT":175398000,"GROSS_PROFIT_YOY":45.704815623988,"HOLDER_PROFIT":-251597000,"HOLDER_PROFIT_YOY":92.94994711,"GROSS_PROFIT_RATIO":42.034351611535,"EPS_TTM":2.127640857541,"OPERATE_INCOME_QOQ":7.043304942521,"NET_PROFIT_RATIO":-60.2955379332,"ROE_AVG":3.667834284221,"GROSS_PROFIT_QOQ":8.131351348156,"ROA":-8.237553443648,"HOLDER_PROFIT_QOQ":114.05975510249,"ROE_YEARLY":14.671337136886,"ROIC_YEARLY":-112.37157202044,"TOTAL_ASSETS":2987999000,"TOTAL_LIABILITIES":9946452000,"TAX_EBT":null,"OCF_SALES":-24.18464650241,"TOTAL_PARENT_EQUITY":-6958453000,"DEBT_ASSET_RATIO":332.8800310843,"OPERATE_PROFIT":-181963000,"PRETAX_PROFIT":-251597000,"NETCASH_OPERATE":-100916000,"NETCASH_INVEST":227819000,"NETCASH_FINANCE":null,"END_CASH":null,"DIVI_RATIO":null,"DIVIDEND_RATE":null,"CURRENT_RATIO":4.383133337489,"COMMON_ACS":1000000000,"CURRENTDEBT_DEBT":6.451345665771,"ISSUED_COMMON_SHARES":516344087,"HK_COMMON_SHARES":516344087,"PER_SHARES":100,"TOTAL_MARKET_CAP":2545576348.91,"HKSK_MARKET_CAP":2545576348.91,"PE_TTM":-9.987075647875,"PB_TTM":1.372063106918,"REPORT_DATE_SQ":"2021-03-31 00:00:00","REPORT_TYPE_SQ":"2021年一季报","OPERATE_INCOME_SQ":303204000,"DPS_HKD":null,"OPERATE_INCOME_QOQ_SQ":0,"NET_PROFIT_RATIO_SQ":-1177.0045909685,"HOLDER_PROFIT_SQ":-3568725000,"HOLDER_PROFIT_QOQ_SQ":0,"ROE_AVG_SQ":null,"PE_TTM_SQ":3.6898939691,"PB_TTM_SQ":-0.441062249709,"ROA_SQ":null,"START_DATE":"2022-01-01 00:00:00","FISCAL_YEAR":"12-31","CURRENCY":"HKD","IS_CNY_CODE":0,"DPS_HKD_LY":null,"ORG_TYPE":"一般企业","PREMIUM_INCOME":null,"PREMIUM_INCOME_YOY":null,"NET_INTEREST_INCOME":null,"NET_INTEREST_INCOME_YOY":null,"FEE_COMMISSION_INCOME":null,"FEE_COMMISSION_INCOME_YOY":null,"ACCOUNTS_RECE_TDAYS":1.383925787857,"INVENTORY_TDAYS":1.20825736194,"CURRENT_ASSETS_TDAYS":0.144561496137,"TOTAL_ASSETS_TDAYS":0.136619619395,"PREMIUM_EXPENSE":null,"LOAN_DEPOSIT":null,"LOAN_EQUITY":null,"LOAN_ASSETS":null,"DEPOSIT_EQUITY":null,"DEPOSIT_ASSETS":null,"EQUITY_MULTIPLIER":-0.429405645192,"EQUITY_RATIO":-1.429405645192},{"SECUCODE":"03650.HK","SECURITY_CODE":"03650","SECURITY_NAME_ABBR":"KEEP","ORG_CODE":"10000298651","STD_REPORT_DATE":"2021-12-31 00:00:00","REPORT_DATE":"2021-12-31 00:00:00","DATE_TYPE_CODE":"001","REPORT_TYPE":"2021年年报","PER_NETCASH_OPERATE":-5.890753405745,"PER_OI":10.984774921915,"BPS":-13.093305743617,"BASIC_EPS":-21.2,"DILUTED_EPS":-21.2,"OPERATE_INCOME":1619538000,"OPERATE_INCOME_YOY":46.3292063352,"GROSS_PROFIT":676628000,"GROSS_PROFIT_YOY":35.480861066783,"HOLDER_PROFIT":-2908237000,"HOLDER_PROFIT_YOY":-29.854675526,"GROSS_PROFIT_RATIO":41.779075267144,"EPS_TTM":-19.725581532872,"OPERATE_INCOME_QOQ":12.042621549037,"NET_PROFIT_RATIO":-179.5720137471,"ROE_AVG":53.844679091591,"GROSS_PROFIT_QOQ":11.284571458646,"ROA":-90.773633906496,"HOLDER_PROFIT_QOQ":10.121897287095,"ROE_YEARLY":53.844679091591,"ROIC_YEARLY":-297.293398947904,"TOTAL_ASSETS":3120538000,"TOTAL_LIABILITIES":9881189000,"TAX_EBT":null,"OCF_SALES":-53.626528059237,"TOTAL_PARENT_EQUITY":-6760651000,"DEBT_ASSET_RATIO":316.6501737841,"OPERATE_PROFIT":-968083000,"PRETAX_PROFIT":-2908237000,"NETCASH_OPERATE":-868502000,"NETCASH_INVEST":-296803000,"NETCASH_FINANCE":497328000,"END_CASH":1653517000,"DIVI_RATIO":null,"DIVIDEND_RATE":null,"CURRENT_RATIO":4.878142786052,"COMMON_ACS":1000000000,"CURRENTDEBT_DEBT":6.141629312019,"ISSUED_COMMON_SHARES":516344087,"HK_COMMON_SHARES":516344087,"PER_SHARES":100,"TOTAL_MARKET_CAP":2545576348.91,"HKSK_MARKET_CAP":2545576348.91,"PE_TTM":-9.987075647875,"PB_TTM":1.372063106918,"REPORT_DATE_SQ":"2020-12-31 00:00:00","REPORT_TYPE_SQ":"2020年年报","OPERATE_INCOME_SQ":1106777000,"DPS_HKD":null,"OPERATE_INCOME_QOQ_SQ":66.904733539531,"NET_PROFIT_RATIO_SQ":-202.7282822104,"HOLDER_PROFIT_SQ":-2239609000,"HOLDER_PROFIT_QOQ_SQ":-207.225448195353,"ROE_AVG_SQ":72.336689178932,"PE_TTM_SQ":3.6898939691,"PB_TTM_SQ":-0.441062249709,"ROA_SQ":-104.685616045685,"START_DATE":"2021-01-01 00:00:00","FISCAL_YEAR":"12-31","CURRENCY":"HKD","IS_CNY_CODE":0,"DPS_HKD_LY":null,"ORG_TYPE":"一般企业","PREMIUM_INCOME":null,"PREMIUM_INCOME_YOY":null,"NET_INTEREST_INCOME":null,"NET_INTEREST_INCOME_YOY":null,"FEE_COMMISSION_INCOME":null,"FEE_COMMISSION_INCOME_YOY":null,"ACCOUNTS_RECE_TDAYS":6.595096246646,"INVENTORY_TDAYS":5.955214783984,"CURRENT_ASSETS_TDAYS":0.530231923142,"TOTAL_ASSETS_TDAYS":0.505499893955,"PREMIUM_EXPENSE":null,"LOAN_DEPOSIT":null,"LOAN_EQUITY":null,"LOAN_ASSETS":null,"DEPOSIT_EQUITY":null,"DEPOSIT_ASSETS":null,"EQUITY_MULTIPLIER":-0.461573596981,"EQUITY_RATIO":-1.461573596981},{"SECUCODE":"03650.HK","SECURITY_CODE":"03650","SECURITY_NAME_ABBR":"KEEP","ORG_CODE":"10000298651","STD_REPORT_DATE":"2021-09-30 00:00:00","REPORT_DATE":"2021-09-30 00:00:00","DATE_TYPE_CODE":"004","REPORT_TYPE":"2021年三季报","PER_NETCASH_OPERATE":-5.220995377021,"PER_OI":7.996939759149,"BPS":-12.568841521371,"BASIC_EPS":-17.93,"DILUTED_EPS":-17.93,"OPERATE_INCOME":1159084000,"OPERATE_INCOME_YOY":41.2836499491,"GROSS_PROFIT":493722000,"GROSS_PROFIT_YOY":28.195194906695,"HOLDER_PROFIT":-2457768000,"HOLDER_PROFIT_YOY":-68.1536924782,"GROSS_PROFIT_RATIO":42.59587743425,"EPS_TTM":-22.324657923192,"OPERATE_INCOME_QOQ":30.601376790446,"NET_PROFIT_RATIO":-212.0439933603,"ROE_AVG":46.674538278681,"GROSS_PROFIT_QOQ":21.742717153858,"ROA":-80.338578333831,"HOLDER_PROFIT_QOQ":-44.478656765534,"ROE_YEARLY":62.232717704908,"ROIC_YEARLY":-267.060884872094,"TOTAL_ASSETS":2831394000,"TOTAL_LIABILITIES":9321241000,"TAX_EBT":null,"OCF_SALES":-65.287416615189,"TOTAL_PARENT_EQUITY":-6489847000,"DEBT_ASSET_RATIO":329.210311246,"OPERATE_PROFIT":null,"PRETAX_PROFIT":-2457768000,"NETCASH_OPERATE":-756736000,"NETCASH_INVEST":22199000,"NETCASH_FINANCE":66637000,"END_CASH":1667510000,"DIVI_RATIO":null,"DIVIDEND_RATE":null,"CURRENT_RATIO":4.415507168883,"COMMON_ACS":1000000000,"CURRENTDEBT_DEBT":6.480564122309,"ISSUED_COMMON_SHARES":516344087,"HK_COMMON_SHARES":516344087,"PER_SHARES":100,"TOTAL_MARKET_CAP":2545576348.91,"HKSK_MARKET_CAP":2545576348.91,"PE_TTM":-9.987075647875,"PB_TTM":1.372063106918,"REPORT_DATE_SQ":"2020-09-30 00:00:00","REPORT_TYPE_SQ":"2020年三季报","OPERATE_INCOME_SQ":820395000,"DPS_HKD":null,"OPERATE_INCOME_QOQ_SQ":0,"NET_PROFIT_RATIO_SQ":-178.5617903571,"HOLDER_PROFIT_SQ":-1461620000,"HOLDER_PROFIT_QOQ_SQ":0,"ROE_AVG_SQ":null,"PE_TTM_SQ":3.6898939691,"PB_TTM_SQ":-0.441062249709,"ROA_SQ":null,"START_DATE":"2021-01-01 00:00:00","FISCAL_YEAR":"12-31","CURRENCY":"HKD","IS_CNY_CODE":0,"DPS_HKD_LY":null,"ORG_TYPE":"一般企业","PREMIUM_INCOME":null,"PREMIUM_INCOME_YOY":null,"NET_INTEREST_INCOME":null,"NET_INTEREST_INCOME_YOY":null,"FEE_COMMISSION_INCOME":null,"FEE_COMMISSION_INCOME_YOY":null,"ACCOUNTS_RECE_TDAYS":4.394572963013,"INVENTORY_TDAYS":4.47954165222,"CURRENT_ASSETS_TDAYS":0.398606320186,"TOTAL_ASSETS_TDAYS":0.378876935209,"PREMIUM_EXPENSE":null,"LOAN_DEPOSIT":null,"LOAN_EQUITY":null,"LOAN_ASSETS":null,"DEPOSIT_EQUITY":null,"DEPOSIT_ASSETS":null,"EQUITY_MULTIPLIER":-0.436280547138,"EQUITY_RATIO":-1.436280547138},{"SECUCODE":"03650.HK","SECURITY_CODE":"03650","SECURITY_NAME_ABBR":"KEEP","ORG_CODE":"10000298651","STD_REPORT_DATE":"2021-03-31 00:00:00","REPORT_DATE":"2021-03-31 00:00:00","DATE_TYPE_CODE":"003","REPORT_TYPE":"2021年一季报","PER_NETCASH_OPERATE":null,"PER_OI":null,"BPS":null,"BASIC_EPS":-26.03,"DILUTED_EPS":-26.03,"OPERATE_INCOME":303204000,"OPERATE_INCOME_YOY":null,"GROSS_PROFIT":120379000,"GROSS_PROFIT_YOY":null,"HOLDER_PROFIT":-3568725000,"HOLDER_PROFIT_YOY":null,"GROSS_PROFIT_RATIO":39.702312634398,"EPS_TTM":-17.396696147738,"OPERATE_INCOME_QOQ":0,"NET_PROFIT_RATIO":-1177.0045909685,"ROE_AVG":null,"GROSS_PROFIT_QOQ":0,"ROA":null,"HOLDER_PROFIT_QOQ":0,"ROE_YEARLY":null,"ROIC_YEARLY":null,"TOTAL_ASSETS":null,"TOTAL_LIABILITIES":null,"TAX_EBT":null,"OCF_SALES":-41.104009181937,"TOTAL_PARENT_EQUITY":null,"DEBT_ASSET_RATIO":null,"OPERATE_PROFIT":-246601000,"PRETAX_PROFIT":-3568725000,"NETCASH_OPERATE":-124629000,"NETCASH_INVEST":-686017000,"NETCASH_FINANCE":28494000,"END_CASH":1562429000,"DIVI_RATIO":null,"DIVIDEND_RATE":null,"CURRENT_RATIO":null,"COMMON_ACS":1000000000,"CURRENTDEBT_DEBT":null,"ISSUED_COMMON_SHARES":516344087,"HK_COMMON_SHARES":516344087,"PER_SHARES":100,"TOTAL_MARKET_CAP":2545576348.91,"HKSK_MARKET_CAP":2545576348.91,"PE_TTM":-9.987075647875,"PB_TTM":1.372063106918,"REPORT_DATE_SQ":"2020-03-31 00:00:00","REPORT_TYPE_SQ":"2020年一季报","OPERATE_INCOME_SQ":null,"DPS_HKD":null,"OPERATE_INCOME_QOQ_SQ":0,"NET_PROFIT_RATIO_SQ":null,"HOLDER_PROFIT_SQ":null,"HOLDER_PROFIT_QOQ_SQ":0,"ROE_AVG_SQ":null,"PE_TTM_SQ":3.6898939691,"PB_TTM_SQ":-0.441062249709,"ROA_SQ":null,"START_DATE":"2021-01-01 00:00:00","FISCAL_YEAR":"12-31","CURRENCY":"HKD","IS_CNY_CODE":0,"DPS_HKD_LY":null,"ORG_TYPE":"一般企业","PREMIUM_INCOME":null,"PREMIUM_INCOME_YOY":null,"NET_INTEREST_INCOME":null,"NET_INTEREST_INCOME_YOY":null,"FEE_COMMISSION_INCOME":null,"FEE_COMMISSION_INCOME_YOY":null,"ACCOUNTS_RECE_TDAYS":null,"INVENTORY_TDAYS":null,"CURRENT_ASSETS_TDAYS":0.192607574866,"TOTAL_ASSETS_TDAYS":0.184479413811,"PREMIUM_EXPENSE":null,"LOAN_DEPOSIT":null,"LOAN_EQUITY":null,"LOAN_ASSETS":null,"DEPOSIT_EQUITY":null,"DEPOSIT_ASSETS":null,"EQUITY_MULTIPLIER":null,"EQUITY_RATIO":null}],"count":12},"success":true,"message":"ok","code":0}