{"version":"270e231566abf4eed7f72944cebe767f","result":{"pages":2,"data":[{"SECUCODE":"03658.HK","SECURITY_CODE":"03658","SECURITY_NAME_ABBR":"新希望服务","ORG_CODE":"10000158110","STD_REPORT_DATE":"2024-06-30 00:00:00","REPORT_DATE":"2024-06-30 00:00:00","DATE_TYPE_CODE":"002","REPORT_TYPE":"2024年中报","PER_NETCASH_OPERATE":-0.032022070294,"PER_OI":0.870894677237,"BPS":1.47959529606,"BASIC_EPS":0.145,"DILUTED_EPS":0.145,"OPERATE_INCOME":709018000,"OPERATE_INCOME_YOY":18.212025976,"GROSS_PROFIT":232333000,"GROSS_PROFIT_YOY":2.703598756946,"HOLDER_PROFIT":118135000,"HOLDER_PROFIT_YOY":7.8868300167,"GROSS_PROFIT_RATIO":32.768279507714,"EPS_TTM":0.27465404618,"OPERATE_INCOME_QOQ":8.664314048367,"NET_PROFIT_RATIO":17.9654113154,"ROE_AVG":9.989235791964,"GROSS_PROFIT_QOQ":1.38932428319,"ROA":5.938936063999,"HOLDER_PROFIT_QOQ":4.017360804216,"ROE_YEARLY":19.978471583928,"ROIC_YEARLY":29.077505761166,"TOTAL_ASSETS":2017616000,"TOTAL_LIABILITIES":706789000,"TAX_EBT":16.712654801292,"OCF_SALES":-3.676916523981,"TOTAL_PARENT_EQUITY":1204577000,"DEBT_ASSET_RATIO":35.0308978517,"OPERATE_PROFIT":143508000,"PRETAX_PROFIT":152938000,"NETCASH_OPERATE":-26070000,"NETCASH_INVEST":-16030000,"NETCASH_FINANCE":-97509000,"END_CASH":1005670000,"DIVI_RATIO":0.629582049874,"DIVIDEND_RATE":9.802577319588,"CURRENT_RATIO":2.381801973102,"COMMON_ACS":2500000000,"CURRENTDEBT_DEBT":95.542233962328,"ISSUED_COMMON_SHARES":814126000,"HK_COMMON_SHARES":814126000,"PER_SHARES":1000,"TOTAL_MARKET_CAP":1579404440,"HKSK_MARKET_CAP":1579404440,"PE_TTM":6.371514406178,"PB_TTM":1.196678040756,"REPORT_DATE_SQ":"2023-06-30 00:00:00","REPORT_TYPE_SQ":"2023年中报","OPERATE_INCOME_SQ":599785000,"DPS_HKD":0.19017,"OPERATE_INCOME_QOQ_SQ":7.698643151352,"NET_PROFIT_RATIO_SQ":19.6762173112,"HOLDER_PROFIT_SQ":109499000,"HOLDER_PROFIT_QOQ_SQ":4.734698300276,"ROE_AVG_SQ":9.917947482403,"PE_TTM_SQ":4.225866055144,"PB_TTM_SQ":0.804741280004,"ROA_SQ":5.843561883619,"START_DATE":"2024-01-01 00:00:00","FISCAL_YEAR":"12-31","CURRENCY":"HKD","IS_CNY_CODE":0,"DPS_HKD_LY":0.19017,"ORG_TYPE":"一般企业","PREMIUM_INCOME":null,"PREMIUM_INCOME_YOY":null,"NET_INTEREST_INCOME":null,"NET_INTEREST_INCOME_YOY":null,"FEE_COMMISSION_INCOME":null,"FEE_COMMISSION_INCOME_YOY":null,"ACCOUNTS_RECE_TDAYS":1.741971227493,"INVENTORY_TDAYS":1358.07692307692,"CURRENT_ASSETS_TDAYS":0.448800817569,"TOTAL_ASSETS_TDAYS":0.356440730539,"PREMIUM_EXPENSE":null,"LOAN_DEPOSIT":null,"LOAN_EQUITY":null,"LOAN_ASSETS":null,"DEPOSIT_EQUITY":null,"DEPOSIT_ASSETS":null,"EQUITY_MULTIPLIER":1.539193196356,"EQUITY_RATIO":0.586752860133},{"SECUCODE":"03658.HK","SECURITY_CODE":"03658","SECURITY_NAME_ABBR":"新希望服务","ORG_CODE":"10000158110","STD_REPORT_DATE":"2023-12-31 00:00:00","REPORT_DATE":"2023-12-31 00:00:00","DATE_TYPE_CODE":"001","REPORT_TYPE":"2023年年报","PER_NETCASH_OPERATE":0.411215217301,"PER_OI":1.548560050901,"BPS":1.425662612421,"BASIC_EPS":0.264,"DILUTED_EPS":0.264,"OPERATE_INCOME":1260723000,"OPERATE_INCOME_YOY":10.6976184685,"GROSS_PROFIT":440214000,"GROSS_PROFIT_YOY":2.106073749693,"HOLDER_PROFIT":214967000,"HOLDER_PROFIT_YOY":5.8778622194,"GROSS_PROFIT_RATIO":34.917583005942,"EPS_TTM":0.264046351548,"OPERATE_INCOME_QOQ":2.784598978613,"NET_PROFIT_RATIO":19.0869842146,"ROE_AVG":19.033599903666,"GROSS_PROFIT_QOQ":-1.783766055568,"ROA":11.372016999279,"HOLDER_PROFIT_QOQ":1.091485379457,"ROE_YEARLY":19.033599903666,"ROIC_YEARLY":30.193945114432,"TOTAL_ASSETS":1960706000,"TOTAL_LIABILITIES":704010000,"TAX_EBT":15.250022892644,"OCF_SALES":26.554683304739,"TOTAL_PARENT_EQUITY":1160669000,"DEBT_ASSET_RATIO":35.9059440834,"OPERATE_PROFIT":268047000,"PRETAX_PROFIT":283934000,"NETCASH_OPERATE":334781000,"NETCASH_INVEST":-48882000,"NETCASH_FINANCE":-180369000,"END_CASH":1145270000,"DIVI_RATIO":0.654874632376,"DIVIDEND_RATE":9.5085,"CURRENT_RATIO":2.405127410015,"COMMON_ACS":2500000000,"CURRENTDEBT_DEBT":91.613045269243,"ISSUED_COMMON_SHARES":814126000,"HK_COMMON_SHARES":814126000,"PER_SHARES":1000,"TOTAL_MARKET_CAP":1628252000,"HKSK_MARKET_CAP":1628252000,"PE_TTM":6.56857155276,"PB_TTM":1.23368870181,"REPORT_DATE_SQ":"2022-12-31 00:00:00","REPORT_TYPE_SQ":"2022年年报","OPERATE_INCOME_SQ":1138889000,"DPS_HKD":0.19017,"OPERATE_INCOME_QOQ_SQ":10.119615675058,"NET_PROFIT_RATIO_SQ":19.5171785837,"HOLDER_PROFIT_SQ":203033000,"HOLDER_PROFIT_QOQ_SQ":-1.860955225901,"ROE_AVG_SQ":19.798478397813,"PE_TTM_SQ":3.870751260594,"PB_TTM_SQ":0.737115962356,"ROA_SQ":12.264549855447,"START_DATE":"2023-01-01 00:00:00","FISCAL_YEAR":"12-31","CURRENCY":"HKD","IS_CNY_CODE":0,"DPS_HKD_LY":0.2047,"ORG_TYPE":"一般企业","PREMIUM_INCOME":null,"PREMIUM_INCOME_YOY":null,"NET_INTEREST_INCOME":null,"NET_INTEREST_INCOME_YOY":null,"FEE_COMMISSION_INCOME":null,"FEE_COMMISSION_INCOME_YOY":null,"ACCOUNTS_RECE_TDAYS":3.925321551668,"INVENTORY_TDAYS":2251.05349794239,"CURRENT_ASSETS_TDAYS":0.841909879155,"TOTAL_ASSETS_TDAYS":0.666937873598,"PREMIUM_EXPENSE":null,"LOAN_DEPOSIT":null,"LOAN_EQUITY":null,"LOAN_ASSETS":null,"DEPOSIT_EQUITY":null,"DEPOSIT_ASSETS":null,"EQUITY_MULTIPLIER":1.560207082699,"EQUITY_RATIO":0.606555357298},{"SECUCODE":"03658.HK","SECURITY_CODE":"03658","SECURITY_NAME_ABBR":"新希望服务","ORG_CODE":"10000158110","STD_REPORT_DATE":"2023-06-30 00:00:00","REPORT_DATE":"2023-06-30 00:00:00","DATE_TYPE_CODE":"002","REPORT_TYPE":"2023年中报","PER_NETCASH_OPERATE":0.062173422787,"PER_OI":0.736722571199,"BPS":1.363365130213,"BASIC_EPS":0.134,"DILUTED_EPS":0.134,"OPERATE_INCOME":599785000,"OPERATE_INCOME_YOY":17.1212600516,"GROSS_PROFIT":226217000,"GROSS_PROFIT_YOY":8.164309416569,"HOLDER_PROFIT":109499000,"HOLDER_PROFIT_YOY":9.6239713273,"GROSS_PROFIT_RATIO":37.716348358162,"EPS_TTM":0.261195441492,"OPERATE_INCOME_QOQ":7.698643151352,"NET_PROFIT_RATIO":19.6762173112,"ROE_AVG":9.917947482403,"GROSS_PROFIT_QOQ":3.960485603084,"ROA":5.843561883619,"HOLDER_PROFIT_QOQ":4.734698300276,"ROE_YEARLY":19.835894964807,"ROIC_YEARLY":28.899200910003,"TOTAL_ASSETS":1927755000,"TOTAL_LIABILITIES":744928000,"TAX_EBT":17.012987926221,"OCF_SALES":8.439190710004,"TOTAL_PARENT_EQUITY":1109951000,"DEBT_ASSET_RATIO":38.6422548508,"OPERATE_PROFIT":135227000,"PRETAX_PROFIT":142209000,"NETCASH_OPERATE":50617000,"NETCASH_INVEST":-32665000,"NETCASH_FINANCE":-13923000,"END_CASH":1043779000,"DIVI_RATIO":0.662022493242,"DIVIDEND_RATE":9.5085,"CURRENT_RATIO":2.224213263751,"COMMON_ACS":2500000000,"CURRENTDEBT_DEBT":91.986876584046,"ISSUED_COMMON_SHARES":814126000,"HK_COMMON_SHARES":814126000,"PER_SHARES":1000,"TOTAL_MARKET_CAP":1628252000,"HKSK_MARKET_CAP":1628252000,"PE_TTM":6.56857155276,"PB_TTM":1.23368870181,"REPORT_DATE_SQ":"2022-06-30 00:00:00","REPORT_TYPE_SQ":"2022年中报","OPERATE_INCOME_SQ":512106000,"DPS_HKD":0.19017,"OPERATE_INCOME_QOQ_SQ":11.812166881088,"NET_PROFIT_RATIO_SQ":20.3684393465,"HOLDER_PROFIT_SQ":99886000,"HOLDER_PROFIT_QOQ_SQ":24.707946037831,"ROE_AVG_SQ":10.257732117569,"PE_TTM_SQ":3.870751260594,"PB_TTM_SQ":0.737115962356,"ROA_SQ":6.2679074554,"START_DATE":"2023-01-01 00:00:00","FISCAL_YEAR":"12-31","CURRENCY":"HKD","IS_CNY_CODE":0,"DPS_HKD_LY":0.2047,"ORG_TYPE":"一般企业","PREMIUM_INCOME":null,"PREMIUM_INCOME_YOY":null,"NET_INTEREST_INCOME":null,"NET_INTEREST_INCOME_YOY":null,"FEE_COMMISSION_INCOME":null,"FEE_COMMISSION_INCOME_YOY":null,"ACCOUNTS_RECE_TDAYS":1.650894968195,"INVENTORY_TDAYS":1110.15750371471,"CURRENT_ASSETS_TDAYS":0.404195026619,"TOTAL_ASSETS_TDAYS":0.320083358238,"PREMIUM_EXPENSE":null,"LOAN_DEPOSIT":null,"LOAN_EQUITY":null,"LOAN_ASSETS":null,"DEPOSIT_EQUITY":null,"DEPOSIT_ASSETS":null,"EQUITY_MULTIPLIER":1.629786097205,"EQUITY_RATIO":0.671135933028},{"SECUCODE":"03658.HK","SECURITY_CODE":"03658","SECURITY_NAME_ABBR":"新希望服务","ORG_CODE":"10000158110","STD_REPORT_DATE":"2022-12-31 00:00:00","REPORT_DATE":"2022-12-31 00:00:00","DATE_TYPE_CODE":"001","REPORT_TYPE":"2022年年报","PER_NETCASH_OPERATE":0.219631850598,"PER_OI":1.398909996733,"BPS":1.348866146027,"BASIC_EPS":0.249,"DILUTED_EPS":0.249,"OPERATE_INCOME":1138889000,"OPERATE_INCOME_YOY":23.1271284474,"GROSS_PROFIT":431134000,"GROSS_PROFIT_YOY":14.4532639571,"HOLDER_PROFIT":203033000,"HOLDER_PROFIT_YOY":22.3871869989,"GROSS_PROFIT_RATIO":37.855664599447,"EPS_TTM":0.249387686918,"OPERATE_INCOME_QOQ":10.119615675058,"NET_PROFIT_RATIO":19.5171785837,"ROE_AVG":19.798478397813,"GROSS_PROFIT_QOQ":4.140659722893,"ROA":12.264549855447,"HOLDER_PROFIT_QOQ":-1.860955225901,"ROE_YEARLY":19.798478397813,"ROIC_YEARLY":37.307635062007,"TOTAL_ASSETS":1819925000,"TOTAL_LIABILITIES":646092000,"TAX_EBT":16.568200585542,"OCF_SALES":15.700213102418,"TOTAL_PARENT_EQUITY":1098147000,"DEBT_ASSET_RATIO":35.5010233938,"OPERATE_PROFIT":246902000,"PRETAX_PROFIT":266420000,"NETCASH_OPERATE":178808000,"NETCASH_INVEST":-170099000,"NETCASH_FINANCE":-74499000,"END_CASH":1039740000,"DIVI_RATIO":0.693367260977,"DIVIDEND_RATE":9.5085,"CURRENT_RATIO":2.537243474945,"COMMON_ACS":2500000000,"CURRENTDEBT_DEBT":88.067798394037,"ISSUED_COMMON_SHARES":814126000,"HK_COMMON_SHARES":814126000,"PER_SHARES":1000,"TOTAL_MARKET_CAP":1628252000,"HKSK_MARKET_CAP":1628252000,"PE_TTM":6.56857155276,"PB_TTM":1.23368870181,"REPORT_DATE_SQ":"2021-12-31 00:00:00","REPORT_TYPE_SQ":"2021年年报","OPERATE_INCOME_SQ":924970000,"DPS_HKD":0.19017,"OPERATE_INCOME_QOQ_SQ":21.424267525372,"NET_PROFIT_RATIO_SQ":17.9334464902,"HOLDER_PROFIT_SQ":165894000,"HOLDER_PROFIT_QOQ_SQ":32.588975295519,"ROE_AVG_SQ":30.213441369871,"PE_TTM_SQ":3.870751260594,"PB_TTM_SQ":0.737115962356,"ROA_SQ":15.934928580794,"START_DATE":"2022-01-01 00:00:00","FISCAL_YEAR":"12-31","CURRENCY":"HKD","IS_CNY_CODE":0,"DPS_HKD_LY":0.08293,"ORG_TYPE":"一般企业","PREMIUM_INCOME":null,"PREMIUM_INCOME_YOY":null,"NET_INTEREST_INCOME":null,"NET_INTEREST_INCOME_YOY":null,"FEE_COMMISSION_INCOME":null,"FEE_COMMISSION_INCOME_YOY":null,"ACCOUNTS_RECE_TDAYS":4.431095392612,"INVENTORY_TDAYS":2246.84126984127,"CURRENT_ASSETS_TDAYS":0.814865482218,"TOTAL_ASSETS_TDAYS":0.687965055943,"PREMIUM_EXPENSE":null,"LOAN_DEPOSIT":null,"LOAN_EQUITY":null,"LOAN_ASSETS":null,"DEPOSIT_EQUITY":null,"DEPOSIT_ASSETS":null,"EQUITY_MULTIPLIER":1.550412196624,"EQUITY_RATIO":0.588347461679},{"SECUCODE":"03658.HK","SECURITY_CODE":"03658","SECURITY_NAME_ABBR":"新希望服务","ORG_CODE":"10000158110","STD_REPORT_DATE":"2022-06-30 00:00:00","REPORT_DATE":"2022-06-30 00:00:00","DATE_TYPE_CODE":"002","REPORT_TYPE":"2022年中报","PER_NETCASH_OPERATE":0.02011359421,"PER_OI":0.629025482542,"BPS":1.22177279684,"BASIC_EPS":0.12,"DILUTED_EPS":0.12,"OPERATE_INCOME":512106000,"OPERATE_INCOME_YOY":27.1217112204,"GROSS_PROFIT":209142000,"GROSS_PROFIT_YOY":21.707402234637,"HOLDER_PROFIT":99886000,"HOLDER_PROFIT_YOY":69.5943766236,"GROSS_PROFIT_RATIO":40.83959180326,"EPS_TTM":0.254116684641,"OPERATE_INCOME_QOQ":11.812166881088,"NET_PROFIT_RATIO":20.3684393465,"ROE_AVG":10.257732117569,"GROSS_PROFIT_QOQ":9.902572407019,"ROA":6.2679074554,"HOLDER_PROFIT_QOQ":24.707946037831,"ROE_YEARLY":20.515464235137,"ROIC_YEARLY":37.921540004954,"TOTAL_ASSETS":1696253000,"TOTAL_LIABILITIES":640314000,"TAX_EBT":14.51074885463,"OCF_SALES":3.197580188477,"TOTAL_PARENT_EQUITY":994677000,"DEBT_ASSET_RATIO":37.7487320582,"OPERATE_PROFIT":112143000,"PRETAX_PROFIT":122013000,"NETCASH_OPERATE":16375000,"NETCASH_INVEST":-155895000,"NETCASH_FINANCE":-700000,"END_CASH":965311000,"DIVI_RATIO":0.6804640067,"DIVIDEND_RATE":9.5085,"CURRENT_RATIO":2.385446421248,"COMMON_ACS":2500000000,"CURRENTDEBT_DEBT":87.587964654841,"ISSUED_COMMON_SHARES":814126000,"HK_COMMON_SHARES":814126000,"PER_SHARES":1000,"TOTAL_MARKET_CAP":1628252000,"HKSK_MARKET_CAP":1628252000,"PE_TTM":6.56857155276,"PB_TTM":1.23368870181,"REPORT_DATE_SQ":"2021-06-30 00:00:00","REPORT_TYPE_SQ":"2021年中报","OPERATE_INCOME_SQ":402847000,"DPS_HKD":0.19017,"OPERATE_INCOME_QOQ_SQ":29.494290818902,"NET_PROFIT_RATIO_SQ":14.620190792,"HOLDER_PROFIT_SQ":58897000,"HOLDER_PROFIT_QOQ_SQ":13.982873280496,"ROE_AVG_SQ":11.884578519901,"PE_TTM_SQ":3.870751260594,"PB_TTM_SQ":0.737115962356,"ROA_SQ":5.758627871028,"START_DATE":"2022-01-01 00:00:00","FISCAL_YEAR":"12-31","CURRENCY":"HKD","IS_CNY_CODE":0,"DPS_HKD_LY":0.08293,"ORG_TYPE":"一般企业","PREMIUM_INCOME":null,"PREMIUM_INCOME_YOY":null,"NET_INTEREST_INCOME":null,"NET_INTEREST_INCOME_YOY":null,"FEE_COMMISSION_INCOME":null,"FEE_COMMISSION_INCOME_YOY":null,"ACCOUNTS_RECE_TDAYS":2.096994588663,"INVENTORY_TDAYS":998.233937397035,"CURRENT_ASSETS_TDAYS":0.380827093809,"TOTAL_ASSETS_TDAYS":0.321349640125,"PREMIUM_EXPENSE":null,"LOAN_DEPOSIT":null,"LOAN_EQUITY":null,"LOAN_ASSETS":null,"DEPOSIT_EQUITY":null,"DEPOSIT_ASSETS":null,"EQUITY_MULTIPLIER":1.606392982927,"EQUITY_RATIO":0.643740631381},{"SECUCODE":"03658.HK","SECURITY_CODE":"03658","SECURITY_NAME_ABBR":"新希望服务","ORG_CODE":"10000158110","STD_REPORT_DATE":"2021-12-31 00:00:00","REPORT_DATE":"2021-12-31 00:00:00","DATE_TYPE_CODE":"001","REPORT_TYPE":"2021年年报","PER_NETCASH_OPERATE":0.290145505733,"PER_OI":1.136150915215,"BPS":1.170395000283,"BASIC_EPS":0.23,"DILUTED_EPS":0.23,"OPERATE_INCOME":924970000,"OPERATE_INCOME_YOY":57.237494114,"GROSS_PROFIT":376690000,"GROSS_PROFIT_YOY":52.27673301748,"HOLDER_PROFIT":165894000,"HOLDER_PROFIT_YOY":51.128723695,"GROSS_PROFIT_RATIO":40.724564039915,"EPS_TTM":0.203769441094,"OPERATE_INCOME_QOQ":21.424267525372,"NET_PROFIT_RATIO":17.9334464902,"ROE_AVG":30.213441369871,"GROSS_PROFIT_QOQ":17.781140759547,"ROA":15.934928580794,"HOLDER_PROFIT_QOQ":32.588975295519,"ROE_YEARLY":30.213441369871,"ROIC_YEARLY":38.468664527895,"TOTAL_ASSETS":1490967000,"TOTAL_LIABILITIES":536608000,"TAX_EBT":17.967776393092,"OCF_SALES":25.537585002757,"TOTAL_PARENT_EQUITY":952849000,"DEBT_ASSET_RATIO":35.9906020723,"OPERATE_PROFIT":198394000,"PRETAX_PROFIT":202212000,"NETCASH_OPERATE":236215000,"NETCASH_INVEST":144066000,"NETCASH_FINANCE":612635000,"END_CASH":1105530000,"DIVI_RATIO":0.848592686282,"DIVIDEND_RATE":9.5085,"CURRENT_RATIO":2.883334755525,"COMMON_ACS":2500000000,"CURRENTDEBT_DEBT":87.356133341285,"ISSUED_COMMON_SHARES":814126000,"HK_COMMON_SHARES":814126000,"PER_SHARES":1000,"TOTAL_MARKET_CAP":1628252000,"HKSK_MARKET_CAP":1628252000,"PE_TTM":6.56857155276,"PB_TTM":1.23368870181,"REPORT_DATE_SQ":"2020-12-31 00:00:00","REPORT_TYPE_SQ":"2020年年报","OPERATE_INCOME_SQ":588263000,"DPS_HKD":0.19017,"OPERATE_INCOME_QOQ_SQ":25.621527199423,"NET_PROFIT_RATIO_SQ":18.660021113,"HOLDER_PROFIT_SQ":109770000,"HOLDER_PROFIT_QOQ_SQ":30.934204876187,"ROE_AVG_SQ":38.61524065488,"PE_TTM_SQ":3.870751260594,"PB_TTM_SQ":0.737115962356,"ROA_SQ":11.50024986878,"START_DATE":"2021-01-01 00:00:00","FISCAL_YEAR":"12-31","CURRENCY":"HKD","IS_CNY_CODE":0,"DPS_HKD_LY":null,"ORG_TYPE":"一般企业","PREMIUM_INCOME":null,"PREMIUM_INCOME_YOY":null,"NET_INTEREST_INCOME":null,"NET_INTEREST_INCOME_YOY":null,"FEE_COMMISSION_INCOME":null,"FEE_COMMISSION_INCOME_YOY":null,"ACCOUNTS_RECE_TDAYS":5.249724735235,"INVENTORY_TDAYS":1937.3851590106,"CURRENT_ASSETS_TDAYS":1.005876685306,"TOTAL_ASSETS_TDAYS":0.888478841271,"PREMIUM_EXPENSE":null,"LOAN_DEPOSIT":null,"LOAN_EQUITY":null,"LOAN_ASSETS":null,"DEPOSIT_EQUITY":null,"DEPOSIT_ASSETS":null,"EQUITY_MULTIPLIER":1.562270592093,"EQUITY_RATIO":0.563161634215},{"SECUCODE":"03658.HK","SECURITY_CODE":"03658","SECURITY_NAME_ABBR":"新希望服务","ORG_CODE":"10000158110","STD_REPORT_DATE":"2021-06-30 00:00:00","REPORT_DATE":"2021-06-30 00:00:00","DATE_TYPE_CODE":"002","REPORT_TYPE":"2021年中报","PER_NETCASH_OPERATE":0.196539601978,"PER_OI":0.494821440416,"BPS":1.038969397857,"BASIC_EPS":0.09,"DILUTED_EPS":0.09,"OPERATE_INCOME":402847000,"OPERATE_INCOME_YOY":75.6526251074,"GROSS_PROFIT":171840000,"GROSS_PROFIT_YOY":72.894657410202,"HOLDER_PROFIT":58897000,"HOLDER_PROFIT_YOY":35.2461651511,"GROSS_PROFIT_RATIO":42.656393121955,"EPS_TTM":0.153685056122,"OPERATE_INCOME_QOQ":29.494290818902,"NET_PROFIT_RATIO":14.620190792,"ROE_AVG":11.884578519901,"GROSS_PROFIT_QOQ":29.287874132885,"ROA":5.758627871028,"HOLDER_PROFIT_QOQ":13.982873280496,"ROE_YEARLY":23.769157039802,"ROIC_YEARLY":27.423577329464,"TOTAL_ASSETS":1454346000,"TOTAL_LIABILITIES":608494000,"TAX_EBT":15.625179072833,"OCF_SALES":39.719297897217,"TOTAL_PARENT_EQUITY":845852000,"DEBT_ASSET_RATIO":41.8396997688,"OPERATE_PROFIT":70386000,"PRETAX_PROFIT":69804000,"NETCASH_OPERATE":160008000,"NETCASH_INVEST":154813000,"NETCASH_FINANCE":646294000,"END_CASH":1073837000,"DIVI_RATIO":1.125140347174,"DIVIDEND_RATE":9.5085,"CURRENT_RATIO":2.440456443455,"COMMON_ACS":2500000000,"CURRENTDEBT_DEBT":88.671868580463,"ISSUED_COMMON_SHARES":814126000,"HK_COMMON_SHARES":814126000,"PER_SHARES":1000,"TOTAL_MARKET_CAP":1628252000,"HKSK_MARKET_CAP":1628252000,"PE_TTM":6.56857155276,"PB_TTM":1.23368870181,"REPORT_DATE_SQ":"2020-06-30 00:00:00","REPORT_TYPE_SQ":"2020年中报","OPERATE_INCOME_SQ":229343000,"DPS_HKD":0.19017,"OPERATE_INCOME_QOQ_SQ":0,"NET_PROFIT_RATIO_SQ":18.9881531156,"HOLDER_PROFIT_SQ":43548000,"HOLDER_PROFIT_QOQ_SQ":0,"ROE_AVG_SQ":null,"PE_TTM_SQ":3.870751260594,"PB_TTM_SQ":0.737115962356,"ROA_SQ":null,"START_DATE":"2021-01-01 00:00:00","FISCAL_YEAR":"12-31","CURRENCY":"HKD","IS_CNY_CODE":0,"DPS_HKD_LY":null,"ORG_TYPE":"一般企业","PREMIUM_INCOME":null,"PREMIUM_INCOME_YOY":null,"NET_INTEREST_INCOME":null,"NET_INTEREST_INCOME_YOY":null,"FEE_COMMISSION_INCOME":null,"FEE_COMMISSION_INCOME_YOY":null,"ACCOUNTS_RECE_TDAYS":2.406824115619,"INVENTORY_TDAYS":629.446866485014,"CURRENT_ASSETS_TDAYS":0.446536091159,"TOTAL_ASSETS_TDAYS":0.393881855096,"PREMIUM_EXPENSE":null,"LOAN_DEPOSIT":null,"LOAN_EQUITY":null,"LOAN_ASSETS":null,"DEPOSIT_EQUITY":null,"DEPOSIT_ASSETS":null,"EQUITY_MULTIPLIER":1.719385897296,"EQUITY_RATIO":0.719385897296},{"SECUCODE":"03658.HK","SECURITY_CODE":"03658","SECURITY_NAME_ABBR":"新希望服务","ORG_CODE":"10000158110","STD_REPORT_DATE":"2020-12-31 00:00:00","REPORT_DATE":"2020-12-31 00:00:00","DATE_TYPE_CODE":"001","REPORT_TYPE":"2020年年报","PER_NETCASH_OPERATE":null,"PER_OI":null,"BPS":0.178471145744,"BASIC_EPS":0.19,"DILUTED_EPS":0.19,"OPERATE_INCOME":588263000,"OPERATE_INCOME_YOY":54.585158576,"GROSS_PROFIT":247372000,"GROSS_PROFIT_YOY":55.08827364831,"HOLDER_PROFIT":109770000,"HOLDER_PROFIT_YOY":71.695368589,"GROSS_PROFIT_RATIO":42.051259385683,"EPS_TTM":null,"OPERATE_INCOME_QOQ":25.621527199423,"NET_PROFIT_RATIO":18.660021113,"ROE_AVG":38.61524065488,"GROSS_PROFIT_QOQ":22.20970674255,"ROA":11.50024986878,"HOLDER_PROFIT_QOQ":30.934204876187,"ROE_YEARLY":38.61524065488,"ROIC_YEARLY":12.566390828836,"TOTAL_ASSETS":591176000,"TOTAL_LIABILITIES":445878000,"TAX_EBT":17.215945941869,"OCF_SALES":28.082337321912,"TOTAL_PARENT_EQUITY":145298000,"DEBT_ASSET_RATIO":75.4222092913,"OPERATE_PROFIT":134804000,"PRETAX_PROFIT":132598000,"NETCASH_OPERATE":165198000,"NETCASH_INVEST":288507000,"NETCASH_FINANCE":-390438000,"END_CASH":112614000,"DIVI_RATIO":null,"DIVIDEND_RATE":9.5085,"CURRENT_RATIO":1.22807282693,"COMMON_ACS":2500000000,"CURRENTDEBT_DEBT":89.036911442143,"ISSUED_COMMON_SHARES":814126000,"HK_COMMON_SHARES":814126000,"PER_SHARES":1000,"TOTAL_MARKET_CAP":1628252000,"HKSK_MARKET_CAP":1628252000,"PE_TTM":6.56857155276,"PB_TTM":1.23368870181,"REPORT_DATE_SQ":"2019-12-31 00:00:00","REPORT_TYPE_SQ":"2019年年报","OPERATE_INCOME_SQ":380543000,"DPS_HKD":0.19017,"OPERATE_INCOME_QOQ_SQ":47.517870710642,"NET_PROFIT_RATIO_SQ":16.8288471999,"HOLDER_PROFIT_SQ":63933000,"HOLDER_PROFIT_QOQ_SQ":55.577456563002,"ROE_AVG_SQ":16.138359810731,"PE_TTM_SQ":3.870751260594,"PB_TTM_SQ":0.737115962356,"ROA_SQ":6.737502140608,"START_DATE":"2020-01-01 00:00:00","FISCAL_YEAR":"12-31","CURRENCY":"HKD","IS_CNY_CODE":0,"DPS_HKD_LY":null,"ORG_TYPE":"一般企业","PREMIUM_INCOME":null,"PREMIUM_INCOME_YOY":null,"NET_INTEREST_INCOME":null,"NET_INTEREST_INCOME_YOY":null,"FEE_COMMISSION_INCOME":null,"FEE_COMMISSION_INCOME_YOY":null,"ACCOUNTS_RECE_TDAYS":4.778100417085,"INVENTORY_TDAYS":1993.51461988304,"CURRENT_ASSETS_TDAYS":0.672233348094,"TOTAL_ASSETS_TDAYS":0.616304225978,"PREMIUM_EXPENSE":null,"LOAN_DEPOSIT":null,"LOAN_EQUITY":null,"LOAN_ASSETS":null,"DEPOSIT_EQUITY":null,"DEPOSIT_ASSETS":null,"EQUITY_MULTIPLIER":4.068713953391,"EQUITY_RATIO":3.068713953392},{"SECUCODE":"03658.HK","SECURITY_CODE":"03658","SECURITY_NAME_ABBR":"新希望服务","ORG_CODE":"10000158110","STD_REPORT_DATE":"2020-09-30 00:00:00","REPORT_DATE":"2020-09-30 00:00:00","DATE_TYPE_CODE":"004","REPORT_TYPE":"2020年三季报","PER_NETCASH_OPERATE":null,"PER_OI":null,"BPS":0.279478852168,"BASIC_EPS":null,"DILUTED_EPS":null,"OPERATE_INCOME":368172000,"OPERATE_INCOME_YOY":31.2869740722,"GROSS_PROFIT":165331000,"GROSS_PROFIT_YOY":35.053382236418,"HOLDER_PROFIT":79361000,"HOLDER_PROFIT_YOY":33.4740489085,"GROSS_PROFIT_RATIO":44.905913540411,"EPS_TTM":null,"OPERATE_INCOME_QOQ":23.056264338064,"NET_PROFIT_RATIO":21.5554143172,"ROE_AVG":24.390064001598,"GROSS_PROFIT_QOQ":26.903400541679,"ROA":5.864207907788,"HOLDER_PROFIT_QOQ":31.131027794723,"ROE_YEARLY":32.520085335464,"ROIC_YEARLY":6.304008070554,"TOTAL_ASSETS":1388797000,"TOTAL_LIABILITIES":1161266000,"TAX_EBT":15.910656198014,"OCF_SALES":10.425833577784,"TOTAL_PARENT_EQUITY":227531000,"DEBT_ASSET_RATIO":83.6166840798,"OPERATE_PROFIT":null,"PRETAX_PROFIT":94377000,"NETCASH_OPERATE":38385000,"NETCASH_INVEST":154521000,"NETCASH_FINANCE":-100990000,"END_CASH":139481000,"DIVI_RATIO":null,"DIVIDEND_RATE":9.5085,"CURRENT_RATIO":1.948456749879,"COMMON_ACS":2500000000,"CURRENTDEBT_DEBT":58.776628266048,"ISSUED_COMMON_SHARES":814126000,"HK_COMMON_SHARES":814126000,"PER_SHARES":1000,"TOTAL_MARKET_CAP":1628252000,"HKSK_MARKET_CAP":1628252000,"PE_TTM":6.56857155276,"PB_TTM":1.23368870181,"REPORT_DATE_SQ":"2019-09-30 00:00:00","REPORT_TYPE_SQ":"2019年三季报","OPERATE_INCOME_SQ":280433000,"DPS_HKD":0.19017,"OPERATE_INCOME_QOQ_SQ":0,"NET_PROFIT_RATIO_SQ":21.2407241658,"HOLDER_PROFIT_SQ":59458000,"HOLDER_PROFIT_QOQ_SQ":0,"ROE_AVG_SQ":null,"PE_TTM_SQ":3.870751260594,"PB_TTM_SQ":0.737115962356,"ROA_SQ":null,"START_DATE":"2020-01-01 00:00:00","FISCAL_YEAR":"12-31","CURRENCY":"HKD","IS_CNY_CODE":0,"DPS_HKD_LY":null,"ORG_TYPE":"一般企业","PREMIUM_INCOME":null,"PREMIUM_INCOME_YOY":null,"NET_INTEREST_INCOME":null,"NET_INTEREST_INCOME_YOY":null,"FEE_COMMISSION_INCOME":null,"FEE_COMMISSION_INCOME_YOY":null,"ACCOUNTS_RECE_TDAYS":2.999841115289,"INVENTORY_TDAYS":1233.07598784195,"CURRENT_ASSETS_TDAYS":0.284021970562,"TOTAL_ASSETS_TDAYS":0.272052664889,"PREMIUM_EXPENSE":null,"LOAN_DEPOSIT":null,"LOAN_EQUITY":null,"LOAN_ASSETS":null,"DEPOSIT_EQUITY":null,"DEPOSIT_ASSETS":null,"EQUITY_MULTIPLIER":6.103770475225,"EQUITY_RATIO":5.103770475232}],"count":13},"success":true,"message":"ok","code":0}