{"version":"46208848e56233fd8419a0072ed2f07d","result":{"pages":2,"data":[{"SECUCODE":"03660.HK","SECURITY_CODE":"03660","SECURITY_NAME_ABBR":"奇富科技-S","ORG_CODE":"10990157","STD_REPORT_DATE":"2024-09-30 00:00:00","REPORT_DATE":"2024-09-30 00:00:00","DATE_TYPE_CODE":"004","REPORT_TYPE":"2024年三季报","PER_NETCASH_OPERATE":19.267054831709,"PER_OI":38.840320758955,"BPS":69.940587563218,"BASIC_EPS":14.39,"DILUTED_EPS":14.11,"OPERATE_INCOME":12683404000,"OPERATE_INCOME_YOY":7.5363787466,"GROSS_PROFIT":12683404000,"GROSS_PROFIT_YOY":7.536378746612,"HOLDER_PROFIT":4347677000,"HOLDER_PROFIT_YOY":36.9952886253,"GROSS_PROFIT_RATIO":null,"EPS_TTM":16.718343706224,"OPERATE_INCOME_QOQ":0.521551629556,"NET_PROFIT_RATIO":34.1820618503,"ROE_AVG":19.419347408299,"GROSS_PROFIT_QOQ":0.521551629556,"ROA":9.369278016451,"HOLDER_PROFIT_QOQ":13.770989967495,"ROE_YEARLY":25.892463211066,"ROIC_YEARLY":10.326016046629,"TOTAL_ASSETS":46988515000,"TOTAL_LIABILITIES":24089095000,"TAX_EBT":27.254064079931,"OCF_SALES":49.605807715342,"TOTAL_PARENT_EQUITY":22839274000,"DEBT_ASSET_RATIO":51.2659210447,"OPERATE_PROFIT":5638241000,"PRETAX_PROFIT":5959713000,"NETCASH_OPERATE":6291705000,"NETCASH_INVEST":-7048470000,"NETCASH_FINANCE":-240947000,"END_CASH":6541857000,"DIVI_RATIO":0.250546462517,"DIVIDEND_RATE":2.628726598174,"CURRENT_RATIO":2.562140752417,"COMMON_ACS":5000000000,"CURRENTDEBT_DEBT":67.496641114994,"ISSUED_COMMON_SHARES":326552504,"HK_COMMON_SHARES":326552504,"PER_SHARES":50,"TOTAL_MARKET_CAP":57211998700.8,"HKSK_MARKET_CAP":57211998700.8,"PE_TTM":9.392109035044,"PB_TTM":2.258968840621,"REPORT_DATE_SQ":"2023-09-30 00:00:00","REPORT_TYPE_SQ":"2023年三季报","OPERATE_INCOME_SQ":11794524000,"DPS_HKD":4.605529,"OPERATE_INCOME_QOQ_SQ":0.879564374151,"NET_PROFIT_RATIO_SQ":26.7996317613,"HOLDER_PROFIT_SQ":3173596000,"HOLDER_PROFIT_QOQ_SQ":3.829498368359,"ROE_AVG_SQ":15.907601859331,"PE_TTM_SQ":4.298622829778,"PB_TTM_SQ":0.839046492463,"ROA_SQ":7.347797417617,"START_DATE":"2024-01-01 00:00:00","FISCAL_YEAR":"12-31","CURRENCY":"HKD","IS_CNY_CODE":0,"DPS_HKD_LY":4.605529,"ORG_TYPE":"一般企业","PREMIUM_INCOME":null,"PREMIUM_INCOME_YOY":null,"NET_INTEREST_INCOME":null,"NET_INTEREST_INCOME_YOY":null,"FEE_COMMISSION_INCOME":null,"FEE_COMMISSION_INCOME_YOY":null,"ACCOUNTS_RECE_TDAYS":3.396942581233,"INVENTORY_TDAYS":null,"CURRENT_ASSETS_TDAYS":0.311422198738,"TOTAL_ASSETS_TDAYS":0.273328350452,"PREMIUM_EXPENSE":null,"LOAN_DEPOSIT":null,"LOAN_EQUITY":null,"LOAN_ASSETS":null,"DEPOSIT_EQUITY":null,"DEPOSIT_ASSETS":null,"EQUITY_MULTIPLIER":2.05195218918,"EQUITY_RATIO":1.054722448708},{"SECUCODE":"03660.HK","SECURITY_CODE":"03660","SECURITY_NAME_ABBR":"奇富科技-S","ORG_CODE":"10990157","STD_REPORT_DATE":"2024-06-30 00:00:00","REPORT_DATE":"2024-06-30 00:00:00","DATE_TYPE_CODE":"002","REPORT_TYPE":"2024年中报","PER_NETCASH_OPERATE":12.00383690826,"PER_OI":25.457609107784,"BPS":69.112218474981,"BASIC_EPS":8.27,"DILUTED_EPS":8.1,"OPERATE_INCOME":8313246000,"OPERATE_INCOME_YOY":10.644150035,"GROSS_PROFIT":8313246000,"GROSS_PROFIT_YOY":10.644150035044,"HOLDER_PROFIT":2544815000,"HOLDER_PROFIT_YOY":25.2647610272,"GROSS_PROFIT_RATIO":null,"EPS_TTM":14.694733438639,"OPERATE_INCOME_QOQ":1.458908066926,"NET_PROFIT_RATIO":30.5133758823,"ROE_AVG":11.43576438285,"GROSS_PROFIT_QOQ":1.458908066926,"ROA":5.484419286167,"HOLDER_PROFIT_QOQ":6.269230922548,"ROE_YEARLY":22.871528765701,"ROIC_YEARLY":12.391063314756,"TOTAL_ASSETS":46983049000,"TOTAL_LIABILITIES":24350070000,"TAX_EBT":29.591658867117,"OCF_SALES":47.152255569004,"TOTAL_PARENT_EQUITY":22568768000,"DEBT_ASSET_RATIO":51.827351605,"OPERATE_PROFIT":3349087000,"PRETAX_PROFIT":3602772000,"NETCASH_OPERATE":3919883000,"NETCASH_INVEST":-4118578000,"NETCASH_FINANCE":1007802000,"END_CASH":8372314000,"DIVI_RATIO":0.285049190734,"DIVIDEND_RATE":2.733251632047,"CURRENT_RATIO":2.45301288325,"COMMON_ACS":5000000000,"CURRENTDEBT_DEBT":69.337081987855,"ISSUED_COMMON_SHARES":326552504,"HK_COMMON_SHARES":326552504,"PER_SHARES":50,"TOTAL_MARKET_CAP":55024096924,"HKSK_MARKET_CAP":55024096924,"PE_TTM":9.032935915554,"PB_TTM":2.172581333588,"REPORT_DATE_SQ":"2023-06-30 00:00:00","REPORT_TYPE_SQ":"2023年中报","OPERATE_INCOME_SQ":7513498000,"DPS_HKD":4.605529,"OPERATE_INCOME_QOQ_SQ":-1.698187532578,"NET_PROFIT_RATIO_SQ":26.9275243036,"HOLDER_PROFIT_SQ":2031549000,"HOLDER_PROFIT_QOQ_SQ":3.112138719757,"ROE_AVG_SQ":10.245618855377,"PE_TTM_SQ":4.036111511929,"PB_TTM_SQ":0.787807012007,"ROA_SQ":4.851733559728,"START_DATE":"2024-01-01 00:00:00","FISCAL_YEAR":"12-31","CURRENCY":"HKD","IS_CNY_CODE":0,"DPS_HKD_LY":4.605529,"ORG_TYPE":"一般企业","PREMIUM_INCOME":null,"PREMIUM_INCOME_YOY":null,"NET_INTEREST_INCOME":null,"NET_INTEREST_INCOME_YOY":null,"FEE_COMMISSION_INCOME":null,"FEE_COMMISSION_INCOME_YOY":null,"ACCOUNTS_RECE_TDAYS":1.982990391261,"INVENTORY_TDAYS":null,"CURRENT_ASSETS_TDAYS":0.204730040104,"TOTAL_ASSETS_TDAYS":0.179161654946,"PREMIUM_EXPENSE":null,"LOAN_DEPOSIT":null,"LOAN_EQUITY":null,"LOAN_ASSETS":null,"DEPOSIT_EQUITY":null,"DEPOSIT_ASSETS":null,"EQUITY_MULTIPLIER":2.075866769459,"EQUITY_RATIO":1.078927746521},{"SECUCODE":"03660.HK","SECURITY_CODE":"03660","SECURITY_NAME_ABBR":"奇富科技-S","ORG_CODE":"10990157","STD_REPORT_DATE":"2024-03-31 00:00:00","REPORT_DATE":"2024-03-31 00:00:00","DATE_TYPE_CODE":"003","REPORT_TYPE":"2024年一季报","PER_NETCASH_OPERATE":5.996790641667,"PER_OI":12.718270260148,"BPS":67.593972576,"BASIC_EPS":3.73,"DILUTED_EPS":3.65,"OPERATE_INCOME":4153183000,"OPERATE_INCOME_YOY":15.3926706517,"GROSS_PROFIT":4153183000,"GROSS_PROFIT_YOY":15.392670651655,"HOLDER_PROFIT":1164287000,"HOLDER_PROFIT_YOY":24.6414497666,"GROSS_PROFIT_RATIO":null,"EPS_TTM":13.827834558574,"OPERATE_INCOME_QOQ":3.400909034712,"NET_PROFIT_RATIO":27.9338521804,"ROE_AVG":5.290955350982,"GROSS_PROFIT_QOQ":3.400909034712,"ROA":2.497261786117,"HOLDER_PROFIT_QOQ":5.371294106226,"ROE_YEARLY":21.163821403928,"ROIC_YEARLY":11.138130709643,"TOTAL_ASSETS":47426518000,"TOTAL_LIABILITIES":25285306000,"TAX_EBT":23.985247105737,"OCF_SALES":47.150992383432,"TOTAL_PARENT_EQUITY":22072981000,"DEBT_ASSET_RATIO":53.3147004383,"OPERATE_PROFIT":1364101000,"PRETAX_PROFIT":1526209000,"NETCASH_OPERATE":1958267000,"NETCASH_INVEST":-3138175000,"NETCASH_FINANCE":1775409000,"END_CASH":8156593000,"DIVI_RATIO":0.302919582744,"DIVIDEND_RATE":2.733251632047,"CURRENT_RATIO":2.1156023626,"COMMON_ACS":5000000000,"CURRENTDEBT_DEBT":78.17064187398,"ISSUED_COMMON_SHARES":326552504,"HK_COMMON_SHARES":326552504,"PER_SHARES":50,"TOTAL_MARKET_CAP":55024096924,"HKSK_MARKET_CAP":55024096924,"PE_TTM":9.032935915554,"PB_TTM":2.172581333588,"REPORT_DATE_SQ":"2023-03-31 00:00:00","REPORT_TYPE_SQ":"2023年一季报","OPERATE_INCOME_SQ":3599174000,"DPS_HKD":4.605529,"OPERATE_INCOME_QOQ_SQ":-4.354694021299,"NET_PROFIT_RATIO_SQ":25.8343164293,"HOLDER_PROFIT_SQ":934109000,"HOLDER_PROFIT_QOQ_SQ":-6.097874022812,"ROE_AVG_SQ":4.853190959197,"PE_TTM_SQ":4.036111511929,"PB_TTM_SQ":0.787807012007,"ROA_SQ":2.300122714711,"START_DATE":"2024-01-01 00:00:00","FISCAL_YEAR":"12-31","CURRENCY":"HKD","IS_CNY_CODE":0,"DPS_HKD_LY":4.605529,"ORG_TYPE":"一般企业","PREMIUM_INCOME":null,"PREMIUM_INCOME_YOY":null,"NET_INTEREST_INCOME":null,"NET_INTEREST_INCOME_YOY":null,"FEE_COMMISSION_INCOME":null,"FEE_COMMISSION_INCOME_YOY":null,"ACCOUNTS_RECE_TDAYS":0.976148292791,"INVENTORY_TDAYS":null,"CURRENT_ASSETS_TDAYS":0.101778284564,"TOTAL_ASSETS_TDAYS":0.089081001477,"PREMIUM_EXPENSE":null,"LOAN_DEPOSIT":null,"LOAN_EQUITY":null,"LOAN_ASSETS":null,"DEPOSIT_EQUITY":null,"DEPOSIT_ASSETS":null,"EQUITY_MULTIPLIER":2.14200189222,"EQUITY_RATIO":1.145531996788},{"SECUCODE":"03660.HK","SECURITY_CODE":"03660","SECURITY_NAME_ABBR":"奇富科技-S","ORG_CODE":"10990157","STD_REPORT_DATE":"2023-12-31 00:00:00","REPORT_DATE":"2023-12-31 00:00:00","DATE_TYPE_CODE":"001","REPORT_TYPE":"2023年年报","PER_NETCASH_OPERATE":21.798485428242,"PER_OI":49.884863231672,"BPS":67.179037769681,"BASIC_EPS":13.36,"DILUTED_EPS":13.04,"OPERATE_INCOME":16290027000,"OPERATE_INCOME_YOY":-1.5942014978,"GROSS_PROFIT":16290027000,"GROSS_PROFIT_YOY":-1.594201497771,"HOLDER_PROFIT":4285336000,"HOLDER_PROFIT_YOY":6.4898551827,"GROSS_PROFIT_RATIO":null,"EPS_TTM":13.122961690718,"OPERATE_INCOME_QOQ":3.75100335461,"NET_PROFIT_RATIO":26.2036213936,"ROE_AVG":21.01446086111,"GROSS_PROFIT_QOQ":3.75100335461,"ROA":9.94718978639,"HOLDER_PROFIT_QOQ":5.925923911848,"ROE_YEARLY":21.01446086111,"ROIC_YEARLY":11.479334003851,"TOTAL_ASSETS":45818572000,"TOTAL_LIABILITIES":23808715000,"TAX_EBT":19.116690993436,"OCF_SALES":43.697594853587,"TOTAL_PARENT_EQUITY":21937483000,"DEBT_ASSET_RATIO":51.9630227673,"OPERATE_PROFIT":4856964000,"PRETAX_PROFIT":5277451000,"NETCASH_OPERATE":7118350000,"NETCASH_INVEST":-11147789000,"NETCASH_FINANCE":1066458000,"END_CASH":7558997000,"DIVI_RATIO":0.319190284439,"DIVIDEND_RATE":2.733251632047,"CURRENT_RATIO":1.999838690379,"COMMON_ACS":5000000000,"CURRENTDEBT_DEBT":83.581239054691,"ISSUED_COMMON_SHARES":326552504,"HK_COMMON_SHARES":326552504,"PER_SHARES":50,"TOTAL_MARKET_CAP":55024096924,"HKSK_MARKET_CAP":55024096924,"PE_TTM":9.032935915554,"PB_TTM":2.172581333588,"REPORT_DATE_SQ":"2022-12-31 00:00:00","REPORT_TYPE_SQ":"2022年年报","OPERATE_INCOME_SQ":16553930000,"DPS_HKD":4.605529,"OPERATE_INCOME_QOQ_SQ":-3.020075643958,"NET_PROFIT_RATIO_SQ":24.1970819014,"HOLDER_PROFIT_SQ":4024173000,"HOLDER_PROFIT_QOQ_SQ":-10.06898065203,"ROE_AVG_SQ":23.636138466223,"PE_TTM_SQ":4.036111511929,"PB_TTM_SQ":0.787807012007,"ROA_SQ":10.898505061026,"START_DATE":"2023-01-01 00:00:00","FISCAL_YEAR":"12-31","CURRENCY":"HKD","IS_CNY_CODE":0,"DPS_HKD_LY":2.586031,"ORG_TYPE":"一般企业","PREMIUM_INCOME":null,"PREMIUM_INCOME_YOY":null,"NET_INTEREST_INCOME":null,"NET_INTEREST_INCOME_YOY":null,"FEE_COMMISSION_INCOME":null,"FEE_COMMISSION_INCOME_YOY":null,"ACCOUNTS_RECE_TDAYS":4.413870531285,"INVENTORY_TDAYS":null,"CURRENT_ASSETS_TDAYS":0.440905582297,"TOTAL_ASSETS_TDAYS":0.378126686436,"PREMIUM_EXPENSE":null,"LOAN_DEPOSIT":null,"LOAN_EQUITY":null,"LOAN_ASSETS":null,"DEPOSIT_EQUITY":null,"DEPOSIT_ASSETS":null,"EQUITY_MULTIPLIER":2.081729654128,"EQUITY_RATIO":1.085298390887},{"SECUCODE":"03660.HK","SECURITY_CODE":"03660","SECURITY_NAME_ABBR":"奇富科技-S","ORG_CODE":"10990157","STD_REPORT_DATE":"2023-09-30 00:00:00","REPORT_DATE":"2023-09-30 00:00:00","DATE_TYPE_CODE":"004","REPORT_TYPE":"2023年三季报","PER_NETCASH_OPERATE":14.639678736849,"PER_OI":36.22488302653,"BPS":64.471145503756,"BASIC_EPS":9.85,"DILUTED_EPS":9.61,"OPERATE_INCOME":11794524000,"OPERATE_INCOME_YOY":-6.7433044406,"GROSS_PROFIT":11794524000,"GROSS_PROFIT_YOY":-6.743304440645,"HOLDER_PROFIT":3173596000,"HOLDER_PROFIT_YOY":0.6796583435,"GROSS_PROFIT_RATIO":null,"EPS_TTM":12.425366051015,"OPERATE_INCOME_QOQ":0.879564374151,"NET_PROFIT_RATIO":26.7996317613,"ROE_AVG":15.907601859331,"GROSS_PROFIT_QOQ":0.879564374151,"ROA":7.347797417617,"HOLDER_PROFIT_QOQ":3.829498368359,"ROE_YEARLY":21.210135812442,"ROIC_YEARLY":8.56365511487,"TOTAL_ASSETS":46039070000,"TOTAL_LIABILITIES":24909430000,"TAX_EBT":19.907052430416,"OCF_SALES":40.413322318052,"TOTAL_PARENT_EQUITY":21053214000,"DEBT_ASSET_RATIO":54.1049808348,"OPERATE_PROFIT":3577403000,"PRETAX_PROFIT":3946526000,"NETCASH_OPERATE":4766559000,"NETCASH_INVEST":-9262095000,"NETCASH_FINANCE":1978079000,"END_CASH":8005398000,"DIVI_RATIO":0.337110541254,"DIVIDEND_RATE":2.733251632047,"CURRENT_RATIO":2.106224510729,"COMMON_ACS":5000000000,"CURRENTDEBT_DEBT":76.260207479657,"ISSUED_COMMON_SHARES":326552504,"HK_COMMON_SHARES":326552504,"PER_SHARES":50,"TOTAL_MARKET_CAP":55024096924,"HKSK_MARKET_CAP":55024096924,"PE_TTM":9.032935915554,"PB_TTM":2.172581333588,"REPORT_DATE_SQ":"2022-09-30 00:00:00","REPORT_TYPE_SQ":"2022年三季报","OPERATE_INCOME_SQ":12647375000,"DPS_HKD":4.605529,"OPERATE_INCOME_QOQ_SQ":-2.672372484081,"NET_PROFIT_RATIO_SQ":24.808839779,"HOLDER_PROFIT_SQ":3152172000,"HOLDER_PROFIT_QOQ_SQ":-11.320745742894,"ROE_AVG_SQ":19.043402179148,"PE_TTM_SQ":4.036111511929,"PB_TTM_SQ":0.787807012007,"ROA_SQ":8.581148104767,"START_DATE":"2023-01-01 00:00:00","FISCAL_YEAR":"12-31","CURRENCY":"HKD","IS_CNY_CODE":0,"DPS_HKD_LY":2.586031,"ORG_TYPE":"一般企业","PREMIUM_INCOME":null,"PREMIUM_INCOME_YOY":null,"NET_INTEREST_INCOME":null,"NET_INTEREST_INCOME_YOY":null,"FEE_COMMISSION_INCOME":null,"FEE_COMMISSION_INCOME_YOY":null,"ACCOUNTS_RECE_TDAYS":3.198306822064,"INVENTORY_TDAYS":null,"CURRENT_ASSETS_TDAYS":0.318309494894,"TOTAL_ASSETS_TDAYS":0.273077521491,"PREMIUM_EXPENSE":null,"LOAN_DEPOSIT":null,"LOAN_EQUITY":null,"LOAN_ASSETS":null,"DEPOSIT_EQUITY":null,"DEPOSIT_ASSETS":null,"EQUITY_MULTIPLIER":2.178885679077,"EQUITY_RATIO":1.183165192735},{"SECUCODE":"03660.HK","SECURITY_CODE":"03660","SECURITY_NAME_ABBR":"奇富科技-S","ORG_CODE":"10990157","STD_REPORT_DATE":"2023-06-30 00:00:00","REPORT_DATE":"2023-06-30 00:00:00","DATE_TYPE_CODE":"002","REPORT_TYPE":"2023年中报","PER_NETCASH_OPERATE":10.819272044513,"PER_OI":23.076436672651,"BPS":63.725663545976,"BASIC_EPS":6.29,"DILUTED_EPS":6.14,"OPERATE_INCOME":7513498000,"OPERATE_INCOME_YOY":-11.639649141,"GROSS_PROFIT":7513498000,"GROSS_PROFIT_YOY":-11.639649141046,"HOLDER_PROFIT":2031549000,"HOLDER_PROFIT_YOY":-5.9179275861,"GROSS_PROFIT_RATIO":null,"EPS_TTM":11.967086662533,"OPERATE_INCOME_QOQ":-1.698187532578,"NET_PROFIT_RATIO":26.9275243036,"ROE_AVG":10.245618855377,"GROSS_PROFIT_QOQ":-1.698187532578,"ROA":4.851733559728,"HOLDER_PROFIT_QOQ":3.112138719757,"ROE_YEARLY":20.491237710755,"ROIC_YEARLY":11.419067986797,"TOTAL_ASSETS":43402113000,"TOTAL_LIABILITIES":22516546000,"TAX_EBT":18.036812152207,"OCF_SALES":46.88450040181,"TOTAL_PARENT_EQUITY":20809775000,"DEBT_ASSET_RATIO":51.8789165864,"OPERATE_PROFIT":2188530000,"PRETAX_PROFIT":2468424000,"NETCASH_OPERATE":3522666000,"NETCASH_INVEST":-7001173000,"NETCASH_FINANCE":1275127000,"END_CASH":8314541000,"DIVI_RATIO":0.350020183931,"DIVIDEND_RATE":2.733251632047,"CURRENT_RATIO":2.320344437239,"COMMON_ACS":5000000000,"CURRENTDEBT_DEBT":71.886189826806,"ISSUED_COMMON_SHARES":326552504,"HK_COMMON_SHARES":326552504,"PER_SHARES":50,"TOTAL_MARKET_CAP":55024096924,"HKSK_MARKET_CAP":55024096924,"PE_TTM":9.032935915554,"PB_TTM":2.172581333588,"REPORT_DATE_SQ":"2022-06-30 00:00:00","REPORT_TYPE_SQ":"2022年中报","OPERATE_INCOME_SQ":8503246000,"DPS_HKD":4.605529,"OPERATE_INCOME_QOQ_SQ":5.424971499452,"NET_PROFIT_RATIO_SQ":25.2763826896,"HOLDER_PROFIT_SQ":2159337000,"HOLDER_PROFIT_QOQ_SQ":-12.725440936745,"ROE_AVG_SQ":13.402824314565,"PE_TTM_SQ":4.036111511929,"PB_TTM_SQ":0.787807012007,"ROA_SQ":6.068016116035,"START_DATE":"2023-01-01 00:00:00","FISCAL_YEAR":"12-31","CURRENCY":"HKD","IS_CNY_CODE":0,"DPS_HKD_LY":2.586031,"ORG_TYPE":"一般企业","PREMIUM_INCOME":null,"PREMIUM_INCOME_YOY":null,"NET_INTEREST_INCOME":null,"NET_INTEREST_INCOME_YOY":null,"FEE_COMMISSION_INCOME":null,"FEE_COMMISSION_INCOME_YOY":null,"ACCOUNTS_RECE_TDAYS":2.190244511051,"INVENTORY_TDAYS":null,"CURRENT_ASSETS_TDAYS":0.209712488944,"TOTAL_ASSETS_TDAYS":0.179436924227,"PREMIUM_EXPENSE":null,"LOAN_DEPOSIT":null,"LOAN_EQUITY":null,"LOAN_ASSETS":null,"DEPOSIT_EQUITY":null,"DEPOSIT_ASSETS":null,"EQUITY_MULTIPLIER":2.078091200493,"EQUITY_RATIO":1.082017753676},{"SECUCODE":"03660.HK","SECURITY_CODE":"03660","SECURITY_NAME_ABBR":"奇富科技-S","ORG_CODE":"10990157","STD_REPORT_DATE":"2023-03-31 00:00:00","REPORT_DATE":"2023-03-31 00:00:00","DATE_TYPE_CODE":"003","REPORT_TYPE":"2023年一季报","PER_NETCASH_OPERATE":5.40889276024,"PER_OI":11.054253409644,"BPS":60.166361486544,"BASIC_EPS":2.89,"DILUTED_EPS":2.82,"OPERATE_INCOME":3599174000,"OPERATE_INCOME_YOY":-16.686693455,"GROSS_PROFIT":3599174000,"GROSS_PROFIT_YOY":-16.686693454956,"HOLDER_PROFIT":934109000,"HOLDER_PROFIT_YOY":-20.8045287063,"GROSS_PROFIT_RATIO":null,"EPS_TTM":11.60589510713,"OPERATE_INCOME_QOQ":-4.354694021299,"NET_PROFIT_RATIO":25.8343164293,"ROE_AVG":4.853190959197,"GROSS_PROFIT_QOQ":-4.354694021299,"ROA":2.300122714711,"HOLDER_PROFIT_QOQ":-6.097874022812,"ROE_YEARLY":19.412763836786,"ROIC_YEARLY":10.867320856753,"TOTAL_ASSETS":40879366000,"TOTAL_LIABILITIES":21152035000,"TAX_EBT":15.632789015283,"OCF_SALES":48.930421257766,"TOTAL_PARENT_EQUITY":19647476000,"DEBT_ASSET_RATIO":51.7425710565,"OPERATE_PROFIT":1007030000,"PRETAX_PROFIT":1102113000,"NETCASH_OPERATE":1761091000,"NETCASH_INVEST":-3564207000,"NETCASH_FINANCE":38940000,"END_CASH":8745344000,"DIVI_RATIO":0.360913297602,"DIVIDEND_RATE":2.733251632047,"CURRENT_RATIO":1.926554923369,"COMMON_ACS":5000000000,"CURRENTDEBT_DEBT":85.933953872523,"ISSUED_COMMON_SHARES":326552504,"HK_COMMON_SHARES":326552504,"PER_SHARES":50,"TOTAL_MARKET_CAP":55024096924,"HKSK_MARKET_CAP":55024096924,"PE_TTM":9.032935915554,"PB_TTM":2.172581333588,"REPORT_DATE_SQ":"2022-03-31 00:00:00","REPORT_TYPE_SQ":"2022年一季报","OPERATE_INCOME_SQ":4320047000,"DPS_HKD":4.605529,"OPERATE_INCOME_QOQ_SQ":0,"NET_PROFIT_RATIO_SQ":27.1838940641,"HOLDER_PROFIT_SQ":1179498000,"HOLDER_PROFIT_QOQ_SQ":0,"ROE_AVG_SQ":null,"PE_TTM_SQ":4.036111511929,"PB_TTM_SQ":0.787807012007,"ROA_SQ":null,"START_DATE":"2023-01-01 00:00:00","FISCAL_YEAR":"12-31","CURRENCY":"HKD","IS_CNY_CODE":0,"DPS_HKD_LY":2.586031,"ORG_TYPE":"一般企业","PREMIUM_INCOME":null,"PREMIUM_INCOME_YOY":null,"NET_INTEREST_INCOME":null,"NET_INTEREST_INCOME_YOY":null,"FEE_COMMISSION_INCOME":null,"FEE_COMMISSION_INCOME_YOY":null,"ACCOUNTS_RECE_TDAYS":1.072494149468,"INVENTORY_TDAYS":null,"CURRENT_ASSETS_TDAYS":0.10414874662,"TOTAL_ASSETS_TDAYS":0.088625009197,"PREMIUM_EXPENSE":null,"LOAN_DEPOSIT":null,"LOAN_EQUITY":null,"LOAN_ASSETS":null,"DEPOSIT_EQUITY":null,"DEPOSIT_ASSETS":null,"EQUITY_MULTIPLIER":2.072219805102,"EQUITY_RATIO":1.076577724284},{"SECUCODE":"03660.HK","SECURITY_CODE":"03660","SECURITY_NAME_ABBR":"奇富科技-S","ORG_CODE":"10990157","STD_REPORT_DATE":"2022-12-31 00:00:00","REPORT_DATE":"2022-12-31 00:00:00","DATE_TYPE_CODE":"001","REPORT_TYPE":"2022年年报","PER_NETCASH_OPERATE":18.19000182609,"PER_OI":50.842592535261,"BPS":57.715545797805,"BASIC_EPS":12.87,"DILUTED_EPS":12.5,"OPERATE_INCOME":16553930000,"OPERATE_INCOME_YOY":-0.4912042785,"GROSS_PROFIT":16553930000,"GROSS_PROFIT_YOY":-0.491204278524,"HOLDER_PROFIT":4024173000,"HOLDER_PROFIT_YOY":-30.398401861,"GROSS_PROFIT_RATIO":null,"EPS_TTM":12.359565863236,"OPERATE_INCOME_QOQ":-3.020075643958,"NET_PROFIT_RATIO":24.1970819014,"ROE_AVG":23.636138466223,"GROSS_PROFIT_QOQ":-3.020075643958,"ROA":10.898505061026,"HOLDER_PROFIT_QOQ":-10.06898065203,"ROE_YEARLY":23.636138466223,"ROIC_YEARLY":13.309797657107,"TOTAL_ASSETS":40343170000,"TOTAL_LIABILITIES":21411873000,"TAX_EBT":15.536613323459,"OCF_SALES":35.77709341528,"TOTAL_PARENT_EQUITY":18847156000,"DEBT_ASSET_RATIO":53.0743444305,"OPERATE_PROFIT":4472184000,"PRETAX_PROFIT":4742372000,"NETCASH_OPERATE":5922515000,"NETCASH_INVEST":-7355975000,"NETCASH_FINANCE":3204068000,"END_CASH":10512363000,"DIVI_RATIO":0.338905259383,"DIVIDEND_RATE":2.733251632047,"CURRENT_RATIO":2.035679577655,"COMMON_ACS":5000000000,"CURRENTDEBT_DEBT":78.227243361662,"ISSUED_COMMON_SHARES":326552504,"HK_COMMON_SHARES":326552504,"PER_SHARES":50,"TOTAL_MARKET_CAP":55024096924,"HKSK_MARKET_CAP":55024096924,"PE_TTM":9.032935915554,"PB_TTM":2.172581333588,"REPORT_DATE_SQ":"2021-12-31 00:00:00","REPORT_TYPE_SQ":"2021年年报","OPERATE_INCOME_SQ":16635645000,"DPS_HKD":4.605529,"OPERATE_INCOME_QOQ_SQ":22.64598508665,"NET_PROFIT_RATIO_SQ":34.6515749765,"HOLDER_PROFIT_SQ":5781725000,"HOLDER_PROFIT_QOQ_SQ":65.352487526476,"ROE_AVG_SQ":46.845095661676,"PE_TTM_SQ":4.036111511929,"PB_TTM_SQ":0.787807012007,"ROA_SQ":19.974072545054,"START_DATE":"2022-01-01 00:00:00","FISCAL_YEAR":"12-31","CURRENCY":"HKD","IS_CNY_CODE":0,"DPS_HKD_LY":0.621518,"ORG_TYPE":"一般企业","PREMIUM_INCOME":null,"PREMIUM_INCOME_YOY":null,"NET_INTEREST_INCOME":null,"NET_INTEREST_INCOME_YOY":null,"FEE_COMMISSION_INCOME":null,"FEE_COMMISSION_INCOME_YOY":null,"ACCOUNTS_RECE_TDAYS":5.549535952707,"INVENTORY_TDAYS":null,"CURRENT_ASSETS_TDAYS":0.535252226391,"TOTAL_ASSETS_TDAYS":0.448323394359,"PREMIUM_EXPENSE":null,"LOAN_DEPOSIT":null,"LOAN_EQUITY":null,"LOAN_ASSETS":null,"DEPOSIT_EQUITY":null,"DEPOSIT_ASSETS":null,"EQUITY_MULTIPLIER":2.131030430718,"EQUITY_RATIO":1.136079788378},{"SECUCODE":"03660.HK","SECURITY_CODE":"03660","SECURITY_NAME_ABBR":"奇富科技-S","ORG_CODE":"10990157","STD_REPORT_DATE":"2022-09-30 00:00:00","REPORT_DATE":"2022-09-30 00:00:00","DATE_TYPE_CODE":"004","REPORT_TYPE":"2022年三季报","PER_NETCASH_OPERATE":13.093232998202,"PER_OI":40.095279435839,"BPS":54.818970244368,"BASIC_EPS":10.12,"DILUTED_EPS":9.81,"OPERATE_INCOME":12647375000,"OPERATE_INCOME_YOY":3.5517432235,"GROSS_PROFIT":12647375000,"GROSS_PROFIT_YOY":3.551743223527,"HOLDER_PROFIT":3152172000,"HOLDER_PROFIT_YOY":-29.3102473917,"GROSS_PROFIT_RATIO":null,"EPS_TTM":14.186000655138,"OPERATE_INCOME_QOQ":-2.672372484081,"NET_PROFIT_RATIO":24.808839779,"ROE_AVG":19.043402179148,"GROSS_PROFIT_QOQ":-2.672372484081,"ROA":8.581148104767,"HOLDER_PROFIT_QOQ":-11.320745742894,"ROE_YEARLY":25.391202905531,"ROIC_YEARLY":10.50193214846,"TOTAL_ASSETS":39962377000,"TOTAL_LIABILITIES":21972864000,"TAX_EBT":15.598707538658,"OCF_SALES":32.655298036154,"TOTAL_PARENT_EQUITY":17901272000,"DEBT_ASSET_RATIO":54.9838764596,"OPERATE_PROFIT":3528303000,"PRETAX_PROFIT":3717558000,"NETCASH_OPERATE":4130038000,"NETCASH_INVEST":-5675628000,"NETCASH_FINANCE":3010269000,"END_CASH":10229330000,"DIVI_RATIO":0.29527151285,"DIVIDEND_RATE":2.733251632047,"CURRENT_RATIO":1.854647947169,"COMMON_ACS":5000000000,"CURRENTDEBT_DEBT":81.659505105934,"ISSUED_COMMON_SHARES":326552504,"HK_COMMON_SHARES":326552504,"PER_SHARES":50,"TOTAL_MARKET_CAP":55024096924,"HKSK_MARKET_CAP":55024096924,"PE_TTM":9.032935915554,"PB_TTM":2.172581333588,"REPORT_DATE_SQ":"2021-09-30 00:00:00","REPORT_TYPE_SQ":"2021年三季报","OPERATE_INCOME_SQ":12213580000,"DPS_HKD":4.605529,"OPERATE_INCOME_QOQ_SQ":0,"NET_PROFIT_RATIO_SQ":36.5102287781,"HOLDER_PROFIT_SQ":4459164000,"HOLDER_PROFIT_QOQ_SQ":0,"ROE_AVG_SQ":null,"PE_TTM_SQ":4.036111511929,"PB_TTM_SQ":0.787807012007,"ROA_SQ":null,"START_DATE":"2022-01-01 00:00:00","FISCAL_YEAR":"12-31","CURRENCY":"HKD","IS_CNY_CODE":0,"DPS_HKD_LY":0.621518,"ORG_TYPE":"一般企业","PREMIUM_INCOME":null,"PREMIUM_INCOME_YOY":null,"NET_INTEREST_INCOME":null,"NET_INTEREST_INCOME_YOY":null,"FEE_COMMISSION_INCOME":null,"FEE_COMMISSION_INCOME_YOY":null,"ACCOUNTS_RECE_TDAYS":1.193557321989,"INVENTORY_TDAYS":null,"CURRENT_ASSETS_TDAYS":0.41442993939,"TOTAL_ASSETS_TDAYS":0.344299099197,"PREMIUM_EXPENSE":null,"LOAN_DEPOSIT":null,"LOAN_EQUITY":null,"LOAN_ASSETS":null,"DEPOSIT_EQUITY":null,"DEPOSIT_ASSETS":null,"EQUITY_MULTIPLIER":2.221426283191,"EQUITY_RATIO":1.227447077504}],"count":16},"success":true,"message":"ok","code":0}