{"version":"fadcbde3ae1bd862113eea20afdb13ef","result":{"pages":2,"data":[{"SECUCODE":"03668.HK","SECURITY_CODE":"03668","SECURITY_NAME_ABBR":"兖煤澳大利亚","ORG_CODE":"10982394","STD_REPORT_DATE":"2024-06-30 00:00:00","REPORT_DATE":"2024-06-30 00:00:00","DATE_TYPE_CODE":"002","REPORT_TYPE":"2024年中报","PER_NETCASH_OPERATE":3.070958717511,"PER_OI":11.323934730374,"BPS":30.449764580911,"BASIC_EPS":1.520035,"DILUTED_EPS":1.51527,"OPERATE_INCOME":14952570000,"OPERATE_INCOME_YOY":-21.0764587525,"GROSS_PROFIT":12117395000,"GROSS_PROFIT_YOY":-25.913201153635,"HOLDER_PROFIT":2001300000,"HOLDER_PROFIT_YOY":-56.8345323741,"GROSS_PROFIT_RATIO":81.038878266412,"EPS_TTM":4.658235605243,"OPERATE_INCOME_QOQ":-10.949232463972,"NET_PROFIT_RATIO":13.3843212237,"ROE_AVG":4.976892996801,"GROSS_PROFIT_QOQ":-13.01608485787,"ROA":3.752512843422,"HOLDER_PROFIT_QOQ":-30.255687803289,"ROE_YEARLY":9.953785993601,"ROIC_YEARLY":8.642864492232,"TOTAL_ASSETS":53039215000,"TOTAL_LIABILITIES":12822615000,"TAX_EBT":26.444833625219,"OCF_SALES":27.119184193754,"TOTAL_PARENT_EQUITY":40207070000,"DEBT_ASSET_RATIO":24.1757254514,"OPERATE_PROFIT":2797055000,"PRETAX_PROFIT":2720815000,"NETCASH_OPERATE":4055015000,"NETCASH_INVEST":-1329435000,"NETCASH_FINANCE":-2177605000,"END_CASH":7366690000,"DIVI_RATIO":0.324387200639,"DIVIDEND_RATE":5.976505376344,"CURRENT_RATIO":2.594650205761,"COMMON_ACS":null,"CURRENTDEBT_DEBT":36.120401337793,"ISSUED_COMMON_SHARES":1320439437,"HK_COMMON_SHARES":1320439437,"PER_SHARES":100,"TOTAL_MARKET_CAP":36840260292.3,"HKSK_MARKET_CAP":36840260292.3,"PE_TTM":5.370382967439,"PB_TTM":0.836255136028,"REPORT_DATE_SQ":"2023-06-30 00:00:00","REPORT_TYPE_SQ":"2023年中报","OPERATE_INCOME_SQ":19081619200,"DPS_HKD":1.667445,"OPERATE_INCOME_QOQ_SQ":-5.947634080252,"NET_PROFIT_RATIO_SQ":24.4718309859,"HOLDER_PROFIT_SQ":4669621600,"HOLDER_PROFIT_QOQ_SQ":-19.820406279653,"ROE_AVG_SQ":12.072709225138,"PE_TTM_SQ":2.878552344507,"PB_TTM_SQ":0.998569675606,"ROA_SQ":8.206122965337,"START_DATE":"2024-01-01 00:00:00","FISCAL_YEAR":"12-31","CURRENCY":"HKD","IS_CNY_CODE":0,"DPS_HKD_LY":1.667445,"ORG_TYPE":"一般企业","PREMIUM_INCOME":null,"PREMIUM_INCOME_YOY":null,"NET_INTEREST_INCOME":null,"NET_INTEREST_INCOME_YOY":null,"FEE_COMMISSION_INCOME":null,"FEE_COMMISSION_INCOME_YOY":null,"ACCOUNTS_RECE_TDAYS":5.345826235094,"INVENTORY_TDAYS":1.413301662708,"CURRENT_ASSETS_TDAYS":1.241543026706,"TOTAL_ASSETS_TDAYS":0.28036631673,"PREMIUM_EXPENSE":null,"LOAN_DEPOSIT":null,"LOAN_EQUITY":null,"LOAN_ASSETS":null,"DEPOSIT_EQUITY":null,"DEPOSIT_ASSETS":null,"EQUITY_MULTIPLIER":1.318838862559,"EQUITY_RATIO":0.3189144347},{"SECUCODE":"03668.HK","SECURITY_CODE":"03668","SECURITY_NAME_ABBR":"兖煤澳大利亚","ORG_CODE":"10982394","STD_REPORT_DATE":"2023-12-31 00:00:00","REPORT_DATE":"2023-12-31 00:00:00","DATE_TYPE_CODE":"001","REPORT_TYPE":"2023年年报","PER_NETCASH_OPERATE":4.630149803682,"PER_OI":28.559322103919,"BPS":30.990058955654,"BASIC_EPS":6.6810952,"DILUTED_EPS":6.6471564,"OPERATE_INCOME":37710855200,"OPERATE_INCOME_YOY":-26.2609025408,"GROSS_PROFIT":32561854400,"GROSS_PROFIT_YOY":-28.148827396948,"HOLDER_PROFIT":8819239600,"HOLDER_PROFIT_YOY":-49.2749581707,"GROSS_PROFIT_RATIO":86.346104397017,"EPS_TTM":6.679018630371,"OPERATE_INCOME_QOQ":-19.359096802678,"NET_PROFIT_RATIO":23.3864746722,"ROE_AVG":22.091328637357,"GROSS_PROFIT_QOQ":-13.521768300511,"ROA":15.123674911661,"HOLDER_PROFIT_QOQ":-34.929243912818,"ROE_YEARLY":22.091328637357,"ROIC_YEARLY":18.231019794538,"TOTAL_ASSETS":54563893600,"TOTAL_LIABILITIES":13633700800,"TAX_EBT":29.578010065815,"OCF_SALES":16.212393931602,"TOTAL_PARENT_EQUITY":40920496000,"DEBT_ASSET_RATIO":24.9866714057,"OPERATE_PROFIT":12639778800,"PRETAX_PROFIT":12523417200,"NETCASH_OPERATE":6113832400,"NETCASH_INVEST":-2889646400,"NETCASH_FINANCE":-9604680400,"END_CASH":6773214800,"DIVI_RATIO":0.22624162194,"DIVIDEND_RATE":5.301891891892,"CURRENT_RATIO":2.416984732824,"COMMON_ACS":null,"CURRENTDEBT_DEBT":37.268847795164,"ISSUED_COMMON_SHARES":1320439437,"HK_COMMON_SHARES":1320439437,"PER_SHARES":100,"TOTAL_MARKET_CAP":41527820293.65,"HKSK_MARKET_CAP":41527820293.65,"PE_TTM":6.053711266163,"PB_TTM":0.942660359429,"REPORT_DATE_SQ":"2022-12-31 00:00:00","REPORT_TYPE_SQ":"2022年年报","OPERATE_INCOME_SQ":49721162400,"DPS_HKD":1.667445,"OPERATE_INCOME_QOQ_SQ":29.47403418847,"NET_PROFIT_RATIO_SQ":33.9969662495,"HOLDER_PROFIT_SQ":16903686800,"HOLDER_PROFIT_QOQ_SQ":37.405846922206,"ROE_AVG_SQ":50.606830369743,"PE_TTM_SQ":2.263979159494,"PB_TTM_SQ":0.785374266058,"ROA_SQ":29.15328645177,"START_DATE":"2023-01-01 00:00:00","FISCAL_YEAR":"12-31","CURRENCY":"HKD","IS_CNY_CODE":0,"DPS_HKD_LY":5.62794,"ORG_TYPE":"一般企业","PREMIUM_INCOME":null,"PREMIUM_INCOME_YOY":null,"NET_INTEREST_INCOME":null,"NET_INTEREST_INCOME_YOY":null,"FEE_COMMISSION_INCOME":null,"FEE_COMMISSION_INCOME_YOY":null,"ACCOUNTS_RECE_TDAYS":10.802777777778,"INVENTORY_TDAYS":2.847184986595,"CURRENT_ASSETS_TDAYS":2.452467286773,"TOTAL_ASSETS_TDAYS":0.64668468094,"PREMIUM_EXPENSE":null,"LOAN_DEPOSIT":null,"LOAN_EQUITY":null,"LOAN_ASSETS":null,"DEPOSIT_EQUITY":null,"DEPOSIT_ASSETS":null,"EQUITY_MULTIPLIER":1.333096422648,"EQUITY_RATIO":0.33317535545},{"SECUCODE":"03668.HK","SECURITY_CODE":"03668","SECURITY_NAME_ABBR":"兖煤澳大利亚","ORG_CODE":"10982394","STD_REPORT_DATE":"2023-06-30 00:00:00","REPORT_DATE":"2023-06-30 00:00:00","DATE_TYPE_CODE":"002","REPORT_TYPE":"2023年中报","PER_NETCASH_OPERATE":0.323474737297,"PER_OI":14.450961297667,"BPS":29.407124713134,"BASIC_EPS":3.5370104,"DILUTED_EPS":3.5226128,"OPERATE_INCOME":19081619200,"OPERATE_INCOME_YOY":-16.7504187605,"GROSS_PROFIT":16355673600,"GROSS_PROFIT_YOY":-18.067299468644,"HOLDER_PROFIT":4669621600,"HOLDER_PROFIT_YOY":-44.0161104718,"GROSS_PROFIT_RATIO":85.714285714286,"EPS_TTM":10.264240085704,"OPERATE_INCOME_QOQ":-5.947634080252,"NET_PROFIT_RATIO":24.4718309859,"ROE_AVG":12.072709225138,"GROSS_PROFIT_QOQ":-8.741306090786,"ROA":8.206122965337,"HOLDER_PROFIT_QOQ":-19.820406279653,"ROE_YEARLY":24.145418450276,"ROIC_YEARLY":19.5312892056,"TOTAL_ASSETS":52373669600,"TOTAL_LIABILITIES":13533744000,"TAX_EBT":29.899135446686,"OCF_SALES":2.238430583501,"TOTAL_PARENT_EQUITY":38830327200,"DEBT_ASSET_RATIO":25.8407404014,"OPERATE_PROFIT":6723679200,"PRETAX_PROFIT":6661289600,"NETCASH_OPERATE":427128800,"NETCASH_INVEST":-1353374400,"NETCASH_FINANCE":-6944442400,"END_CASH":5202332800,"DIVI_RATIO":0.14721713398,"DIVIDEND_RATE":5.301891891892,"CURRENT_RATIO":2.025615763547,"COMMON_ACS":null,"CURRENTDEBT_DEBT":35.992907801418,"ISSUED_COMMON_SHARES":1320439437,"HK_COMMON_SHARES":1320439437,"PER_SHARES":100,"TOTAL_MARKET_CAP":41527820293.65,"HKSK_MARKET_CAP":41527820293.65,"PE_TTM":6.053711266163,"PB_TTM":0.942660359429,"REPORT_DATE_SQ":"2022-06-30 00:00:00","REPORT_TYPE_SQ":"2022年中报","OPERATE_INCOME_SQ":22038852000,"DPS_HKD":1.667445,"OPERATE_INCOME_QOQ_SQ":53.749358216953,"NET_PROFIT_RATIO_SQ":36.3902847571,"HOLDER_PROFIT_SQ":8020001000,"HOLDER_PROFIT_QOQ_SQ":236.488169317194,"ROE_AVG_SQ":26.564768819259,"PE_TTM_SQ":2.263979159494,"PB_TTM_SQ":0.785374266058,"ROA_SQ":13.659763429874,"START_DATE":"2023-01-01 00:00:00","FISCAL_YEAR":"12-31","CURRENCY":"HKD","IS_CNY_CODE":0,"DPS_HKD_LY":5.62794,"ORG_TYPE":"一般企业","PREMIUM_INCOME":null,"PREMIUM_INCOME_YOY":null,"NET_INTEREST_INCOME":null,"NET_INTEREST_INCOME_YOY":null,"FEE_COMMISSION_INCOME":null,"FEE_COMMISSION_INCOME_YOY":null,"ACCOUNTS_RECE_TDAYS":5.85136129507,"INVENTORY_TDAYS":1.747692307692,"CURRENT_ASSETS_TDAYS":1.355608591885,"TOTAL_ASSETS_TDAYS":0.335329341317,"PREMIUM_EXPENSE":null,"LOAN_DEPOSIT":null,"LOAN_EQUITY":null,"LOAN_ASSETS":null,"DEPOSIT_EQUITY":null,"DEPOSIT_ASSETS":null,"EQUITY_MULTIPLIER":1.348449277154,"EQUITY_RATIO":0.348535409714},{"SECUCODE":"03668.HK","SECURITY_CODE":"03668","SECURITY_NAME_ABBR":"兖煤澳大利亚","ORG_CODE":"10982394","STD_REPORT_DATE":"2022-12-31 00:00:00","REPORT_DATE":"2022-12-31 00:00:00","DATE_TYPE_CODE":"001","REPORT_TYPE":"2022年年报","PER_NETCASH_OPERATE":23.304125534082,"PER_OI":37.655011662606,"BPS":28.658933790994,"BASIC_EPS":12.8026808,"DILUTED_EPS":12.7366876,"OPERATE_INCOME":49721162400,"OPERATE_INCOME_YOY":95.1887490748,"GROSS_PROFIT":45318473200,"GROSS_PROFIT_YOY":159.184477049105,"HOLDER_PROFIT":16903686800,"HOLDER_PROFIT_YOY":353.3501896334,"GROSS_PROFIT_RATIO":82.982555934774,"EPS_TTM":12.801561606191,"OPERATE_INCOME_QOQ":29.47403418847,"NET_PROFIT_RATIO":33.9969662495,"ROE_AVG":50.606830369743,"GROSS_PROFIT_QOQ":22.650669148557,"ROA":29.15328645177,"HOLDER_PROFIT_QOQ":37.405846922206,"ROE_YEARLY":50.606830369743,"ROIC_YEARLY":35.151693378425,"TOTAL_ASSETS":60341353800,"TOTAL_LIABILITIES":22489539800,"TAX_EBT":29.561972107641,"OCF_SALES":61.88850967008,"TOTAL_PARENT_EQUITY":37842386400,"DEBT_ASSET_RATIO":37.2705257402,"OPERATE_PROFIT":25473375200,"PRETAX_PROFIT":23997955800,"NETCASH_OPERATE":30771686400,"NETCASH_INVEST":-1404712400,"NETCASH_FINANCE":-24195935400,"END_CASH":12722546200,"DIVI_RATIO":0.118038099912,"DIVIDEND_RATE":5.301891891892,"CURRENT_RATIO":1.504739336493,"COMMON_ACS":null,"CURRENTDEBT_DEBT":53.070635086984,"ISSUED_COMMON_SHARES":1320439437,"HK_COMMON_SHARES":1320439437,"PER_SHARES":100,"TOTAL_MARKET_CAP":41527820293.65,"HKSK_MARKET_CAP":41527820293.65,"PE_TTM":6.053711266163,"PB_TTM":0.942660359429,"REPORT_DATE_SQ":"2021-12-31 00:00:00","REPORT_TYPE_SQ":"2021年年报","OPERATE_INCOME_SQ":24977288000,"DPS_HKD":1.667445,"OPERATE_INCOME_QOQ_SQ":51.793632855297,"NET_PROFIT_RATIO_SQ":14.6373056995,"HOLDER_PROFIT_SQ":3656002000,"HOLDER_PROFIT_QOQ_SQ":141.608307235117,"ROE_AVG_SQ":13.956771063079,"PE_TTM_SQ":2.263979159494,"PB_TTM_SQ":0.785374266058,"ROA_SQ":6.921898928025,"START_DATE":"2022-01-01 00:00:00","FISCAL_YEAR":"12-31","CURRENCY":"HKD","IS_CNY_CODE":0,"DPS_HKD_LY":4.055241,"ORG_TYPE":"一般企业","PREMIUM_INCOME":null,"PREMIUM_INCOME_YOY":null,"NET_INTEREST_INCOME":null,"NET_INTEREST_INCOME_YOY":null,"FEE_COMMISSION_INCOME":null,"FEE_COMMISSION_INCOME_YOY":null,"ACCOUNTS_RECE_TDAYS":14.196500672948,"INVENTORY_TDAYS":6.043771043771,"CURRENT_ASSETS_TDAYS":3.326920044157,"TOTAL_ASSETS_TDAYS":0.857526116825,"PREMIUM_EXPENSE":null,"LOAN_DEPOSIT":null,"LOAN_EQUITY":null,"LOAN_ASSETS":null,"DEPOSIT_EQUITY":null,"DEPOSIT_ASSETS":null,"EQUITY_MULTIPLIER":1.594146948942,"EQUITY_RATIO":0.594294967613},{"SECUCODE":"03668.HK","SECURITY_CODE":"03668","SECURITY_NAME_ABBR":"兖煤澳大利亚","ORG_CODE":"10982394","STD_REPORT_DATE":"2022-06-30 00:00:00","REPORT_DATE":"2022-06-30 00:00:00","DATE_TYPE_CODE":"002","REPORT_TYPE":"2022年中报","PER_NETCASH_OPERATE":9.610342318184,"PER_OI":16.690543604235,"BPS":24.256504011096,"BASIC_EPS":6.072682,"DILUTED_EPS":6.054224,"OPERATE_INCOME":22038852000,"OPERATE_INCOME_YOY":169.0704225352,"GROSS_PROFIT":19962327000,"GROSS_PROFIT_YOY":194.668256981229,"HOLDER_PROFIT":8020001000,"HOLDER_PROFIT_YOY":1447.2868217054,"GROSS_PROFIT_RATIO":90.577889447236,"EPS_TTM":9.316606165558,"OPERATE_INCOME_QOQ":53.749358216953,"NET_PROFIT_RATIO":36.3902847571,"ROE_AVG":26.564768819259,"GROSS_PROFIT_QOQ":64.480698795004,"ROA":13.659763429874,"HOLDER_PROFIT_QOQ":236.488169317194,"ROE_YEARLY":53.129537638517,"ROIC_YEARLY":33.805008509604,"TOTAL_ASSETS":62974081500,"TOTAL_LIABILITIES":30935608000,"TAX_EBT":29.205702647658,"OCF_SALES":57.579564489112,"TOTAL_PARENT_EQUITY":32029244500,"DEBT_ASSET_RATIO":49.1243496739,"OPERATE_PROFIT":11577780500,"PRETAX_PROFIT":11328597500,"NETCASH_OPERATE":12689875000,"NETCASH_INVEST":346087500,"NETCASH_FINANCE":-4485294000,"END_CASH":15610853500,"DIVI_RATIO":0.162191250875,"DIVIDEND_RATE":5.301891891892,"CURRENT_RATIO":3.108695652174,"COMMON_ACS":null,"CURRENTDEBT_DEBT":21.957040572792,"ISSUED_COMMON_SHARES":1320439437,"HK_COMMON_SHARES":1320439437,"PER_SHARES":100,"TOTAL_MARKET_CAP":41527820293.65,"HKSK_MARKET_CAP":41527820293.65,"PE_TTM":6.053711266163,"PB_TTM":0.942660359429,"REPORT_DATE_SQ":"2021-06-30 00:00:00","REPORT_TYPE_SQ":"2021年中报","OPERATE_INCOME_SQ":8613720000,"DPS_HKD":1.667445,"OPERATE_INCOME_QOQ_SQ":-5.549678276288,"NET_PROFIT_RATIO_SQ":-7.2676056338,"HOLDER_PROFIT_SQ":-626011200,"HOLDER_PROFIT_QOQ_SQ":-68.426155732313,"ROE_AVG_SQ":-2.477434223161,"PE_TTM_SQ":2.263979159494,"PB_TTM_SQ":0.785374266058,"ROA_SQ":-1.17636330476,"START_DATE":"2022-01-01 00:00:00","FISCAL_YEAR":"12-31","CURRENCY":"HKD","IS_CNY_CODE":0,"DPS_HKD_LY":4.055241,"ORG_TYPE":"一般企业","PREMIUM_INCOME":null,"PREMIUM_INCOME_YOY":null,"NET_INTEREST_INCOME":null,"NET_INTEREST_INCOME_YOY":null,"FEE_COMMISSION_INCOME":null,"FEE_COMMISSION_INCOME_YOY":null,"ACCOUNTS_RECE_TDAYS":5.842201834862,"INVENTORY_TDAYS":1.754385964912,"CURRENT_ASSETS_TDAYS":1.344027015618,"TOTAL_ASSETS_TDAYS":0.37536841278,"PREMIUM_EXPENSE":null,"LOAN_DEPOSIT":null,"LOAN_EQUITY":null,"LOAN_ASSETS":null,"DEPOSIT_EQUITY":null,"DEPOSIT_ASSETS":null,"EQUITY_MULTIPLIER":1.965576839982,"EQUITY_RATIO":0.965855064112},{"SECUCODE":"03668.HK","SECURITY_CODE":"03668","SECURITY_NAME_ABBR":"兖煤澳大利亚","ORG_CODE":"10982394","STD_REPORT_DATE":"2021-12-31 00:00:00","REPORT_DATE":"2021-12-31 00:00:00","DATE_TYPE_CODE":"001","REPORT_TYPE":"2021年年报","PER_NETCASH_OPERATE":6.650664736243,"PER_OI":18.915890649819,"BPS":21.506149547092,"BASIC_EPS":2.768578,"DILUTED_EPS":2.759334,"OPERATE_INCOME":24977288000,"OPERATE_INCOME_YOY":55.6003455226,"GROSS_PROFIT":17485026000,"GROSS_PROFIT_YOY":38.483989156019,"HOLDER_PROFIT":3656002000,"HOLDER_PROFIT_YOY":176.0576923077,"GROSS_PROFIT_RATIO":81.883789785344,"EPS_TTM":2.768776740194,"OPERATE_INCOME_QOQ":51.793632855297,"NET_PROFIT_RATIO":14.6373056995,"ROE_AVG":13.956771063079,"GROSS_PROFIT_QOQ":76.597196390475,"ROA":6.921898928025,"HOLDER_PROFIT_QOQ":141.608307235117,"ROE_YEARLY":13.956771063079,"ROIC_YEARLY":7.635503643998,"TOTAL_ASSETS":54539600000,"TOTAL_LIABILITIES":26132788000,"TAX_EBT":28.286491387126,"OCF_SALES":35.159141376758,"TOTAL_PARENT_EQUITY":28397568000,"DEBT_ASSET_RATIO":47.9152542373,"OPERATE_PROFIT":6031710000,"PRETAX_PROFIT":5098066000,"NETCASH_OPERATE":8781800000,"NETCASH_INVEST":-1414332000,"NETCASH_FINANCE":-3517342000,"END_CASH":6909890000,"DIVI_RATIO":0.545754370861,"DIVIDEND_RATE":5.301891891892,"CURRENT_RATIO":3.06416464891,"COMMON_ACS":null,"CURRENTDEBT_DEBT":14.609126282278,"ISSUED_COMMON_SHARES":1320439437,"HK_COMMON_SHARES":1320439437,"PER_SHARES":100,"TOTAL_MARKET_CAP":41527820293.65,"HKSK_MARKET_CAP":41527820293.65,"PE_TTM":6.053711266163,"PB_TTM":0.942660359429,"REPORT_DATE_SQ":"2020-12-31 00:00:00","REPORT_TYPE_SQ":"2020年年报","OPERATE_INCOME_SQ":17421609900,"DPS_HKD":1.667445,"OPERATE_INCOME_QOQ_SQ":-13.184276837113,"NET_PROFIT_RATIO_SQ":-29.9452922545,"HOLDER_PROFIT_SQ":-5216952000,"HOLDER_PROFIT_QOQ_SQ":-239.507040637756,"ROE_AVG_SQ":-18.322762508809,"PE_TTM_SQ":2.263979159494,"PB_TTM_SQ":0.785374266058,"ROA_SQ":-9.391367166336,"START_DATE":"2021-01-01 00:00:00","FISCAL_YEAR":"12-31","CURRENCY":"HKD","IS_CNY_CODE":0,"DPS_HKD_LY":null,"ORG_TYPE":"一般企业","PREMIUM_INCOME":null,"PREMIUM_INCOME_YOY":null,"NET_INTEREST_INCOME":null,"NET_INTEREST_INCOME_YOY":null,"FEE_COMMISSION_INCOME":null,"FEE_COMMISSION_INCOME_YOY":null,"ACCOUNTS_RECE_TDAYS":9.879341864717,"INVENTORY_TDAYS":3.399305555556,"CURRENT_ASSETS_TDAYS":2.78988125968,"TOTAL_ASSETS_TDAYS":0.472894333844,"PREMIUM_EXPENSE":null,"LOAN_DEPOSIT":null,"LOAN_EQUITY":null,"LOAN_ASSETS":null,"DEPOSIT_EQUITY":null,"DEPOSIT_ASSETS":null,"EQUITY_MULTIPLIER":1.919947933616,"EQUITY_RATIO":0.920247395833},{"SECUCODE":"03668.HK","SECURITY_CODE":"03668","SECURITY_NAME_ABBR":"兖煤澳大利亚","ORG_CODE":"10982394","STD_REPORT_DATE":"2021-06-30 00:00:00","REPORT_DATE":"2021-06-30 00:00:00","DATE_TYPE_CODE":"002","REPORT_TYPE":"2021年中报","PER_NETCASH_OPERATE":0.657850088129,"PER_OI":6.523373778937,"BPS":19.195257040782,"BASIC_EPS":-0.4755744,"DILUTED_EPS":-0.4755744,"OPERATE_INCOME":8613720000,"OPERATE_INCOME_YOY":-9.8527171153,"GROSS_PROFIT":6774508800,"GROSS_PROFIT_YOY":-13.360366603152,"HOLDER_PROFIT":-626011200,"HOLDER_PROFIT_YOY":-121.3223140496,"GROSS_PROFIT_RATIO":78.647887323944,"EPS_TTM":-6.654384482762,"OPERATE_INCOME_QOQ":-5.549678276288,"NET_PROFIT_RATIO":-7.2676056338,"ROE_AVG":-2.477434223161,"GROSS_PROFIT_QOQ":-8.273949451605,"ROA":-1.17636330476,"HOLDER_PROFIT_QOQ":-68.426155732313,"ROE_YEARLY":-4.954868446322,"ROIC_YEARLY":-2.486507324595,"TOTAL_ASSETS":52783905600,"TOTAL_LIABILITIES":27428025600,"TAX_EBT":27.118644067797,"OCF_SALES":10.084507042254,"TOTAL_PARENT_EQUITY":25346174400,"DEBT_ASSET_RATIO":51.9628574055,"OPERATE_PROFIT":-203817600,"PRETAX_PROFIT":-858945600,"NETCASH_OPERATE":868651200,"NETCASH_INVEST":-1145260800,"NETCASH_FINANCE":-242640000,"END_CASH":2615659200,"DIVI_RATIO":-0.227079155377,"DIVIDEND_RATE":5.301891891892,"CURRENT_RATIO":1.227894257065,"COMMON_ACS":null,"CURRENTDEBT_DEBT":19.409058740269,"ISSUED_COMMON_SHARES":1320439437,"HK_COMMON_SHARES":1320439437,"PER_SHARES":100,"TOTAL_MARKET_CAP":41527820293.65,"HKSK_MARKET_CAP":41527820293.65,"PE_TTM":6.053711266163,"PB_TTM":0.942660359429,"REPORT_DATE_SQ":"2020-06-30 00:00:00","REPORT_TYPE_SQ":"2020年中报","OPERATE_INCOME_SQ":9580563300,"DPS_HKD":1.667445,"OPERATE_INCOME_QOQ_SQ":-7.880259060122,"NET_PROFIT_RATIO_SQ":30.6639635073,"HOLDER_PROFIT_SQ":2943748500,"HOLDER_PROFIT_QOQ_SQ":6.485259446,"ROE_AVG_SQ":9.569756406201,"PE_TTM_SQ":2.263979159494,"PB_TTM_SQ":0.785374266058,"ROA_SQ":5.352324501261,"START_DATE":"2021-01-01 00:00:00","FISCAL_YEAR":"12-31","CURRENCY":"HKD","IS_CNY_CODE":0,"DPS_HKD_LY":null,"ORG_TYPE":"一般企业","PREMIUM_INCOME":null,"PREMIUM_INCOME_YOY":null,"NET_INTEREST_INCOME":null,"NET_INTEREST_INCOME_YOY":null,"FEE_COMMISSION_INCOME":null,"FEE_COMMISSION_INCOME_YOY":null,"ACCOUNTS_RECE_TDAYS":4.251497005988,"INVENTORY_TDAYS":1.254966887417,"CURRENT_ASSETS_TDAYS":1.31970260223,"TOTAL_ASSETS_TDAYS":0.161863943097,"PREMIUM_EXPENSE":null,"LOAN_DEPOSIT":null,"LOAN_EQUITY":null,"LOAN_ASSETS":null,"DEPOSIT_EQUITY":null,"DEPOSIT_ASSETS":null,"EQUITY_MULTIPLIER":2.081722488037,"EQUITY_RATIO":1.082136703044},{"SECUCODE":"03668.HK","SECURITY_CODE":"03668","SECURITY_NAME_ABBR":"兖煤澳大利亚","ORG_CODE":"10982394","STD_REPORT_DATE":"2020-12-31 00:00:00","REPORT_DATE":"2020-12-31 00:00:00","DATE_TYPE_CODE":"001","REPORT_TYPE":"2020年年报","PER_NETCASH_OPERATE":2.298372356172,"PER_OI":13.193797013198,"BPS":19.720414712212,"BASIC_EPS":-3.9528444,"DILUTED_EPS":-3.9528444,"OPERATE_INCOME":17421609900,"OPERATE_INCOME_YOY":-22.1125812963,"GROSS_PROFIT":12626027100,"GROSS_PROFIT_YOY":-25.266757770472,"HOLDER_PROFIT":-5216952000,"HOLDER_PROFIT_YOY":-244.645340751,"GROSS_PROFIT_RATIO":72.473365966024,"EPS_TTM":-3.950921075072,"OPERATE_INCOME_QOQ":-13.184276837113,"NET_PROFIT_RATIO":-29.9452922545,"ROE_AVG":-18.322762508809,"GROSS_PROFIT_QOQ":-14.641077622916,"ROA":-9.391367166336,"HOLDER_PROFIT_QOQ":-239.507040637756,"ROE_YEARLY":-18.322762508809,"ROIC_YEARLY":-10.124117790217,"TOTAL_ASSETS":55455196500,"TOTAL_LIABILITIES":29405550600,"TAX_EBT":9.011373578303,"OCF_SALES":17.420097898071,"TOTAL_PARENT_EQUITY":26039613300,"DEBT_ASSET_RATIO":53.02578019,"OPERATE_PROFIT":2457987000,"PRETAX_PROFIT":-5733630900,"NETCASH_OPERATE":3034861500,"NETCASH_INVEST":-2964633300,"NETCASH_FINANCE":-1575118200,"END_CASH":3195383100,"DIVI_RATIO":-0.382460691871,"DIVIDEND_RATE":5.301891891892,"CURRENT_RATIO":1.120100083403,"COMMON_ACS":null,"CURRENTDEBT_DEBT":20.453770044354,"ISSUED_COMMON_SHARES":1320439437,"HK_COMMON_SHARES":1320439437,"PER_SHARES":100,"TOTAL_MARKET_CAP":41527820293.65,"HKSK_MARKET_CAP":41527820293.65,"PE_TTM":6.053711266163,"PB_TTM":0.942660359429,"REPORT_DATE_SQ":"2019-12-31 00:00:00","REPORT_TYPE_SQ":"2019年年报","OPERATE_INCOME_SQ":21779093700,"DPS_HKD":1.667445,"OPERATE_INCOME_QOQ_SQ":-6.521556541756,"NET_PROFIT_RATIO_SQ":16.1210762332,"HOLDER_PROFIT_SQ":3511811700,"HOLDER_PROFIT_QOQ_SQ":-30.75053077181,"ROE_AVG_SQ":11.986329915812,"PE_TTM_SQ":2.263979159494,"PB_TTM_SQ":0.785374266058,"ROA_SQ":6.118888557934,"START_DATE":"2020-01-01 00:00:00","FISCAL_YEAR":"12-31","CURRENCY":"HKD","IS_CNY_CODE":0,"DPS_HKD_LY":1.084,"ORG_TYPE":"一般企业","PREMIUM_INCOME":null,"PREMIUM_INCOME_YOY":null,"NET_INTEREST_INCOME":null,"NET_INTEREST_INCOME_YOY":null,"FEE_COMMISSION_INCOME":null,"FEE_COMMISSION_INCOME_YOY":null,"ACCOUNTS_RECE_TDAYS":8.249406175772,"INVENTORY_TDAYS":3.336823734729,"CURRENT_ASSETS_TDAYS":2.229139922978,"TOTAL_ASSETS_TDAYS":0.313617482391,"PREMIUM_EXPENSE":null,"LOAN_DEPOSIT":null,"LOAN_EQUITY":null,"LOAN_ASSETS":null,"DEPOSIT_EQUITY":null,"DEPOSIT_ASSETS":null,"EQUITY_MULTIPLIER":2.128827267477,"EQUITY_RATIO":1.12926218455},{"SECUCODE":"03668.HK","SECURITY_CODE":"03668","SECURITY_NAME_ABBR":"兖煤澳大利亚","ORG_CODE":"10982394","STD_REPORT_DATE":"2020-06-30 00:00:00","REPORT_DATE":"2020-06-30 00:00:00","DATE_TYPE_CODE":"002","REPORT_TYPE":"2020年中报","PER_NETCASH_OPERATE":1.860879364208,"PER_OI":7.255587065596,"BPS":23.889269144875,"BASIC_EPS":2.2284906,"DILUTED_EPS":2.2284906,"OPERATE_INCOME":9580563300,"OPERATE_INCOME_YOY":-16.0425531915,"GROSS_PROFIT":7819179900,"GROSS_PROFIT_YOY":-26.561794362803,"HOLDER_PROFIT":2943748500,"HOLDER_PROFIT_YOY":7.2695035461,"GROSS_PROFIT_RATIO":88.950836289914,"EPS_TTM":2.832058552035,"OPERATE_INCOME_QOQ":-7.880259060122,"NET_PROFIT_RATIO":30.6639635073,"ROE_AVG":9.569756406201,"GROSS_PROFIT_QOQ":-12.473540028396,"ROA":5.352324501261,"HOLDER_PROFIT_QOQ":6.485259446,"ROE_YEARLY":19.139512812401,"ROIC_YEARLY":11.405410500518,"TOTAL_ASSETS":56023669800,"TOTAL_LIABILITIES":24469605300,"TAX_EBT":-2.023608768971,"OCF_SALES":25.595539787126,"TOTAL_PARENT_EQUITY":31544333100,"DEBT_ASSET_RATIO":43.6772624631,"OPERATE_PROFIT":3586020900,"PRETAX_PROFIT":2885360100,"NETCASH_OPERATE":2457178500,"NETCASH_INVEST":-1678666500,"NETCASH_FINANCE":-3542229600,"END_CASH":2058191100,"DIVI_RATIO":0.533559592832,"DIVIDEND_RATE":5.301891891892,"CURRENT_RATIO":0.596546310832,"COMMON_ACS":null,"CURRENTDEBT_DEBT":37.999602306622,"ISSUED_COMMON_SHARES":1320439437,"HK_COMMON_SHARES":1320439437,"PER_SHARES":100,"TOTAL_MARKET_CAP":41527820293.65,"HKSK_MARKET_CAP":41527820293.65,"PE_TTM":6.053711266163,"PB_TTM":0.942660359429,"REPORT_DATE_SQ":"2019-06-30 00:00:00","REPORT_TYPE_SQ":"2019年中报","OPERATE_INCOME_SQ":11316660000,"DPS_HKD":1.667445,"OPERATE_INCOME_QOQ_SQ":-0.416666203728,"NET_PROFIT_RATIO_SQ":24,"HOLDER_PROFIT_SQ":2715998400,"HOLDER_PROFIT_QOQ_SQ":23.360993942932,"ROE_AVG_SQ":9.475806451613,"PE_TTM_SQ":2.263979159494,"PB_TTM_SQ":0.785374266058,"ROA_SQ":4.842864502834,"START_DATE":"2020-01-01 00:00:00","FISCAL_YEAR":"12-31","CURRENCY":"HKD","IS_CNY_CODE":0,"DPS_HKD_LY":1.084,"ORG_TYPE":"一般企业","PREMIUM_INCOME":null,"PREMIUM_INCOME_YOY":null,"NET_INTEREST_INCOME":null,"NET_INTEREST_INCOME_YOY":null,"FEE_COMMISSION_INCOME":null,"FEE_COMMISSION_INCOME_YOY":null,"ACCOUNTS_RECE_TDAYS":4.526436781609,"INVENTORY_TDAYS":0.848249027237,"CURRENT_ASSETS_TDAYS":1.354617233093,"TOTAL_ASSETS_TDAYS":0.174547706463,"PREMIUM_EXPENSE":null,"LOAN_DEPOSIT":null,"LOAN_EQUITY":null,"LOAN_ASSETS":null,"DEPOSIT_EQUITY":null,"DEPOSIT_ASSETS":null,"EQUITY_MULTIPLIER":1.775481881265,"EQUITY_RATIO":0.775721116767}],"count":17},"success":true,"message":"ok","code":0}