{"version":"9871fd7c027fc5e2226c62997044a91a","result":{"pages":4,"data":[{"SECUCODE":"03669.HK","SECURITY_CODE":"03669","SECURITY_NAME_ABBR":"永达汽车","ORG_CODE":"10185704","STD_REPORT_DATE":"2024-06-30 00:00:00","REPORT_DATE":"2024-06-30 00:00:00","DATE_TYPE_CODE":"002","REPORT_TYPE":"2024年中报","PER_NETCASH_OPERATE":0.362741642098,"PER_OI":16.100990100342,"BPS":7.354803142852,"BASIC_EPS":0.06,"DILUTED_EPS":0.06,"OPERATE_INCOME":31035834000,"OPERATE_INCOME_YOY":-13.0268418268,"GROSS_PROFIT":2584244000,"GROSS_PROFIT_YOY":-24.49550580313,"HOLDER_PROFIT":111450000,"HOLDER_PROFIT_YOY":-72.585993152,"GROSS_PROFIT_RATIO":8.326645902282,"EPS_TTM":0.143955636507,"OPERATE_INCOME_QOQ":-6.403356373745,"NET_PROFIT_RATIO":0.3268834342,"ROE_AVG":0.800223129062,"GROSS_PROFIT_QOQ":-16.78656709425,"ROA":0.35374434501,"HOLDER_PROFIT_QOQ":-51.5376917421,"ROE_YEARLY":1.600446258124,"ROIC_YEARLY":0.766142746245,"TOTAL_ASSETS":30318557000,"TOTAL_LIABILITIES":16011104000,"TAX_EBT":19.595644179559,"OCF_SALES":2.252915130297,"TOTAL_PARENT_EQUITY":13914611000,"DEBT_ASSET_RATIO":52.8095845722,"OPERATE_PROFIT":224178000,"PRETAX_PROFIT":126176000,"NETCASH_OPERATE":699211000,"NETCASH_INVEST":-229935000,"NETCASH_FINANCE":-1045510000,"END_CASH":1624843000,"DIVI_RATIO":0.769712764909,"DIVIDEND_RATE":4.814624505929,"CURRENT_RATIO":1.223616103347,"COMMON_ACS":2500000000,"CURRENTDEBT_DEBT":78.016737634082,"ISSUED_COMMON_SHARES":1891908013,"HK_COMMON_SHARES":1891908013,"PER_SHARES":500,"TOTAL_MARKET_CAP":4786527272.89,"HKSK_MARKET_CAP":4786527272.89,"PE_TTM":15.292494341831,"PB_TTM":0.313955432273,"REPORT_DATE_SQ":"2023-06-30 00:00:00","REPORT_TYPE_SQ":"2023年中报","OPERATE_INCOME_SQ":35684382000,"DPS_HKD":0.12181,"OPERATE_INCOME_QOQ_SQ":4.818256964967,"NET_PROFIT_RATIO_SQ":1.2185904401,"HOLDER_PROFIT_SQ":406544000,"HOLDER_PROFIT_QOQ_SQ":-18.184433006253,"ROE_AVG_SQ":2.881706556853,"PE_TTM_SQ":3.184378250388,"PB_TTM_SQ":0.263870496043,"ROA_SQ":1.303329793084,"START_DATE":"2024-01-01 00:00:00","FISCAL_YEAR":"12-31","CURRENCY":"HKD","IS_CNY_CODE":0,"DPS_HKD_LY":0.12181,"ORG_TYPE":"一般企业","PREMIUM_INCOME":null,"PREMIUM_INCOME_YOY":null,"NET_INTEREST_INCOME":null,"NET_INTEREST_INCOME_YOY":null,"FEE_COMMISSION_INCOME":null,"FEE_COMMISSION_INCOME_YOY":null,"ACCOUNTS_RECE_TDAYS":4.243698086258,"INVENTORY_TDAYS":6.841080835176,"CURRENT_ASSETS_TDAYS":1.893840737613,"TOTAL_ASSETS_TDAYS":0.985083065965,"PREMIUM_EXPENSE":null,"LOAN_DEPOSIT":null,"LOAN_EQUITY":null,"LOAN_ASSETS":null,"DEPOSIT_EQUITY":null,"DEPOSIT_ASSETS":null,"EQUITY_MULTIPLIER":2.119074373333,"EQUITY_RATIO":1.150668459219},{"SECUCODE":"03669.HK","SECURITY_CODE":"03669","SECURITY_NAME_ABBR":"永达汽车","ORG_CODE":"10185704","STD_REPORT_DATE":"2023-12-31 00:00:00","REPORT_DATE":"2023-12-31 00:00:00","DATE_TYPE_CODE":"001","REPORT_TYPE":"2023年年报","PER_NETCASH_OPERATE":0.946607019055,"PER_OI":37.505942949412,"BPS":7.368286356531,"BASIC_EPS":0.29,"DILUTED_EPS":0.29,"OPERATE_INCOME":72595491000,"OPERATE_INCOME_YOY":0.7936297468,"GROSS_PROFIT":4994422000,"GROSS_PROFIT_YOY":-21.83199430677,"HOLDER_PROFIT":572579000,"HOLDER_PROFIT_YOY":-59.4440241843,"GROSS_PROFIT_RATIO":6.879796432536,"EPS_TTM":0.295818858888,"OPERATE_INCOME_QOQ":-3.839624255029,"NET_PROFIT_RATIO":0.8068696718,"ROE_AVG":4.067163073862,"GROSS_PROFIT_QOQ":-15.474879679502,"ROA":1.759229005435,"HOLDER_PROFIT_QOQ":-50.903465951428,"ROE_YEARLY":4.067163073862,"ROIC_YEARLY":1.920516995572,"TOTAL_ASSETS":32693051000,"TOTAL_LIABILITIES":18294600000,"TAX_EBT":20.878353462098,"OCF_SALES":2.523885402194,"TOTAL_PARENT_EQUITY":13940120000,"DEBT_ASSET_RATIO":55.9586806383,"OPERATE_PROFIT":961472000,"PRETAX_PROFIT":740317000,"NETCASH_OPERATE":1832227000,"NETCASH_INVEST":-538391000,"NETCASH_FINANCE":-1278556000,"END_CASH":2201077000,"DIVI_RATIO":0.3745687189,"DIVIDEND_RATE":4.758203125,"CURRENT_RATIO":1.201351127849,"COMMON_ACS":2500000000,"CURRENTDEBT_DEBT":79.583002634657,"ISSUED_COMMON_SHARES":1891908013,"HK_COMMON_SHARES":1891908013,"PER_SHARES":500,"TOTAL_MARKET_CAP":4843284513.28,"HKSK_MARKET_CAP":4843284513.28,"PE_TTM":15.473828266833,"PB_TTM":0.31767822396,"REPORT_DATE_SQ":"2022-12-31 00:00:00","REPORT_TYPE_SQ":"2022年年报","OPERATE_INCOME_SQ":72023888000,"DPS_HKD":0.12181,"OPERATE_INCOME_QOQ_SQ":4.664293667795,"NET_PROFIT_RATIO_SQ":2.0626170584,"HOLDER_PROFIT_SQ":1411824000,"HOLDER_PROFIT_QOQ_SQ":-28.075188485886,"ROE_AVG_SQ":10.229481745317,"PE_TTM_SQ":3.076693961727,"PB_TTM_SQ":0.254947339172,"ROA_SQ":4.456732344089,"START_DATE":"2023-01-01 00:00:00","FISCAL_YEAR":"12-31","CURRENCY":"HKD","IS_CNY_CODE":0,"DPS_HKD_LY":0.44978,"ORG_TYPE":"一般企业","PREMIUM_INCOME":null,"PREMIUM_INCOME_YOY":null,"NET_INTEREST_INCOME":null,"NET_INTEREST_INCOME_YOY":null,"FEE_COMMISSION_INCOME":null,"FEE_COMMISSION_INCOME_YOY":null,"ACCOUNTS_RECE_TDAYS":9.539361607558,"INVENTORY_TDAYS":15.159663151332,"CURRENT_ASSETS_TDAYS":4.188969757568,"TOTAL_ASSETS_TDAYS":2.230471139022,"PREMIUM_EXPENSE":null,"LOAN_DEPOSIT":null,"LOAN_EQUITY":null,"LOAN_ASSETS":null,"DEPOSIT_EQUITY":null,"DEPOSIT_ASSETS":null,"EQUITY_MULTIPLIER":2.270595010534,"EQUITY_RATIO":1.312370338275},{"SECUCODE":"03669.HK","SECURITY_CODE":"03669","SECURITY_NAME_ABBR":"永达汽车","ORG_CODE":"10185704","STD_REPORT_DATE":"2023-06-30 00:00:00","REPORT_DATE":"2023-06-30 00:00:00","DATE_TYPE_CODE":"002","REPORT_TYPE":"2023年中报","PER_NETCASH_OPERATE":0.565248112506,"PER_OI":18.346485309059,"BPS":7.399639360796,"BASIC_EPS":0.21,"DILUTED_EPS":0.21,"OPERATE_INCOME":35684382000,"OPERATE_INCOME_YOY":11.0548476915,"GROSS_PROFIT":3422636000,"GROSS_PROFIT_YOY":11.098826797563,"HOLDER_PROFIT":406544000,"HOLDER_PROFIT_YOY":-38.9346182963,"GROSS_PROFIT_RATIO":7.458488084333,"EPS_TTM":0.599596762205,"OPERATE_INCOME_QOQ":4.818256964967,"NET_PROFIT_RATIO":1.2185904401,"ROE_AVG":2.881706556853,"GROSS_PROFIT_QOQ":-7.520976726402,"ROA":1.303329793084,"HOLDER_PROFIT_QOQ":-18.184433006253,"ROE_YEARLY":5.763413113706,"ROIC_YEARLY":2.838748946866,"TOTAL_ASSETS":29984178000,"TOTAL_LIABILITIES":15521653000,"TAX_EBT":23.039688118202,"OCF_SALES":3.153647484341,"TOTAL_PARENT_EQUITY":13999437000,"DEBT_ASSET_RATIO":51.7661447981,"OPERATE_PROFIT":667771000,"PRETAX_PROFIT":552004000,"NETCASH_OPERATE":1099422000,"NETCASH_INVEST":-130627000,"NETCASH_FINANCE":-1343017000,"END_CASH":1811575000,"DIVI_RATIO":0.184798347797,"DIVIDEND_RATE":4.758203125,"CURRENT_RATIO":1.221362276611,"COMMON_ACS":2500000000,"CURRENTDEBT_DEBT":77.461086135607,"ISSUED_COMMON_SHARES":1891908013,"HK_COMMON_SHARES":1891908013,"PER_SHARES":500,"TOTAL_MARKET_CAP":4843284513.28,"HKSK_MARKET_CAP":4843284513.28,"PE_TTM":15.473828266833,"PB_TTM":0.31767822396,"REPORT_DATE_SQ":"2022-06-30 00:00:00","REPORT_TYPE_SQ":"2022年中报","OPERATE_INCOME_SQ":31391622000,"DPS_HKD":0.12181,"OPERATE_INCOME_QOQ_SQ":-11.682192721203,"NET_PROFIT_RATIO_SQ":2.2404130631,"HOLDER_PROFIT_SQ":665752000,"HOLDER_PROFIT_QOQ_SQ":-20.090012572084,"ROE_AVG_SQ":4.957798034479,"PE_TTM_SQ":3.076693961727,"PB_TTM_SQ":0.254947339172,"ROA_SQ":2.161218030236,"START_DATE":"2023-01-01 00:00:00","FISCAL_YEAR":"12-31","CURRENCY":"HKD","IS_CNY_CODE":0,"DPS_HKD_LY":0.44978,"ORG_TYPE":"一般企业","PREMIUM_INCOME":null,"PREMIUM_INCOME_YOY":null,"NET_INTEREST_INCOME":null,"NET_INTEREST_INCOME_YOY":null,"FEE_COMMISSION_INCOME":null,"FEE_COMMISSION_INCOME_YOY":null,"ACCOUNTS_RECE_TDAYS":4.790684926762,"INVENTORY_TDAYS":7.494072488568,"CURRENT_ASSETS_TDAYS":2.18884973014,"TOTAL_ASSETS_TDAYS":1.117629982817,"PREMIUM_EXPENSE":null,"LOAN_DEPOSIT":null,"LOAN_EQUITY":null,"LOAN_ASSETS":null,"DEPOSIT_EQUITY":null,"DEPOSIT_ASSETS":null,"EQUITY_MULTIPLIER":2.073232578682,"EQUITY_RATIO":1.108734086949},{"SECUCODE":"03669.HK","SECURITY_CODE":"03669","SECURITY_NAME_ABBR":"永达汽车","ORG_CODE":"10185704","STD_REPORT_DATE":"2022-12-31 00:00:00","REPORT_DATE":"2022-12-31 00:00:00","DATE_TYPE_CODE":"001","REPORT_TYPE":"2022年年报","PER_NETCASH_OPERATE":2.152446987342,"PER_OI":36.628111002225,"BPS":7.48491253417,"BASIC_EPS":0.72,"DILUTED_EPS":0.72,"OPERATE_INCOME":72023888000,"OPERATE_INCOME_YOY":-7.5627908288,"GROSS_PROFIT":6389343000,"GROSS_PROFIT_YOY":-17.585417181273,"HOLDER_PROFIT":1411824000,"HOLDER_PROFIT_YOY":-42.5248921615,"GROSS_PROFIT_RATIO":8.871144251474,"EPS_TTM":0.724914182901,"OPERATE_INCOME_QOQ":4.664293667795,"NET_PROFIT_RATIO":2.0626170584,"ROE_AVG":10.229481745317,"GROSS_PROFIT_QOQ":-10.440112265542,"ROA":4.456732344089,"HOLDER_PROFIT_QOQ":-28.075188485886,"ROE_YEARLY":10.229481745317,"ROIC_YEARLY":4.891399338938,"TOTAL_ASSETS":32464731000,"TOTAL_LIABILITIES":17742135000,"TAX_EBT":29.014356864851,"OCF_SALES":5.876489200361,"TOTAL_PARENT_EQUITY":14216066000,"DEBT_ASSET_RATIO":54.7398002423,"OPERATE_PROFIT":2303862000,"PRETAX_PROFIT":2072667000,"NETCASH_OPERATE":4232476000,"NETCASH_INVEST":-1455241000,"NETCASH_FINANCE":-2841785000,"END_CASH":2185797000,"DIVI_RATIO":0.152851873523,"DIVIDEND_RATE":4.758203125,"CURRENT_RATIO":1.197374326844,"COMMON_ACS":2500000000,"CURRENTDEBT_DEBT":80.819923870493,"ISSUED_COMMON_SHARES":1891908013,"HK_COMMON_SHARES":1891908013,"PER_SHARES":500,"TOTAL_MARKET_CAP":4843284513.28,"HKSK_MARKET_CAP":4843284513.28,"PE_TTM":15.473828266833,"PB_TTM":0.31767822396,"REPORT_DATE_SQ":"2021-12-31 00:00:00","REPORT_TYPE_SQ":"2021年年报","OPERATE_INCOME_SQ":77916554000,"DPS_HKD":0.12181,"OPERATE_INCOME_QOQ_SQ":-4.136121212342,"NET_PROFIT_RATIO_SQ":3.3600985485,"HOLDER_PROFIT_SQ":2480098000,"HOLDER_PROFIT_QOQ_SQ":9.423892733526,"ROE_AVG_SQ":19.421130655114,"PE_TTM_SQ":3.076693961727,"PB_TTM_SQ":0.254947339172,"ROA_SQ":7.480976033936,"START_DATE":"2022-01-01 00:00:00","FISCAL_YEAR":"12-31","CURRENCY":"HKD","IS_CNY_CODE":0,"DPS_HKD_LY":0.56389,"ORG_TYPE":"一般企业","PREMIUM_INCOME":null,"PREMIUM_INCOME_YOY":null,"NET_INTEREST_INCOME":null,"NET_INTEREST_INCOME_YOY":null,"FEE_COMMISSION_INCOME":null,"FEE_COMMISSION_INCOME_YOY":null,"ACCOUNTS_RECE_TDAYS":8.402051823816,"INVENTORY_TDAYS":15.276114749821,"CURRENT_ASSETS_TDAYS":4.263448672672,"TOTAL_ASSETS_TDAYS":2.251876026941,"PREMIUM_EXPENSE":null,"LOAN_DEPOSIT":null,"LOAN_EQUITY":null,"LOAN_ASSETS":null,"DEPOSIT_EQUITY":null,"DEPOSIT_ASSETS":null,"EQUITY_MULTIPLIER":2.209446722183,"EQUITY_RATIO":1.248034090444},{"SECUCODE":"03669.HK","SECURITY_CODE":"03669","SECURITY_NAME_ABBR":"永达汽车","ORG_CODE":"10185704","STD_REPORT_DATE":"2022-06-30 00:00:00","REPORT_DATE":"2022-06-30 00:00:00","DATE_TYPE_CODE":"002","REPORT_TYPE":"2022年中报","PER_NETCASH_OPERATE":1.60170371659,"PER_OI":15.949767075139,"BPS":7.109780659299,"BASIC_EPS":0.34,"DILUTED_EPS":0.34,"OPERATE_INCOME":31391622000,"OPERATE_INCOME_YOY":-22.4783069011,"GROSS_PROFIT":3080713000,"GROSS_PROFIT_YOY":-16.720402915085,"HOLDER_PROFIT":665752000,"HOLDER_PROFIT_YOY":-42.5307872155,"GROSS_PROFIT_RATIO":9.813806371649,"EPS_TTM":1.006955998604,"OPERATE_INCOME_QOQ":-11.682192721203,"NET_PROFIT_RATIO":2.2404130631,"ROE_AVG":4.957798034479,"GROSS_PROFIT_QOQ":-7.978242376673,"ROA":2.161218030236,"HOLDER_PROFIT_QOQ":-20.090012572084,"ROE_YEARLY":9.915596068958,"ROIC_YEARLY":4.884990506656,"TOTAL_ASSETS":30736840000,"TOTAL_LIABILITIES":16723581000,"TAX_EBT":26.374361694581,"OCF_SALES":10.042176221414,"TOTAL_PARENT_EQUITY":13451051000,"DEBT_ASSET_RATIO":54.4089145143,"OPERATE_PROFIT":1069319000,"PRETAX_PROFIT":944493000,"NETCASH_OPERATE":3152402000,"NETCASH_INVEST":-599783000,"NETCASH_FINANCE":-1218146000,"END_CASH":3584820000,"DIVI_RATIO":0.110039059456,"DIVIDEND_RATE":4.758203125,"CURRENT_RATIO":1.215984336687,"COMMON_ACS":2500000000,"CURRENTDEBT_DEBT":77.050794324493,"ISSUED_COMMON_SHARES":1891908013,"HK_COMMON_SHARES":1891908013,"PER_SHARES":500,"TOTAL_MARKET_CAP":4843284513.28,"HKSK_MARKET_CAP":4843284513.28,"PE_TTM":15.473828266833,"PB_TTM":0.31767822396,"REPORT_DATE_SQ":"2021-06-30 00:00:00","REPORT_TYPE_SQ":"2021年中报","OPERATE_INCOME_SQ":40493984000,"DPS_HKD":0.12181,"OPERATE_INCOME_QOQ_SQ":18.595882180849,"NET_PROFIT_RATIO_SQ":3.0782130037,"HOLDER_PROFIT_SQ":1171509000,"HOLDER_PROFIT_QOQ_SQ":39.48057830311,"ROE_AVG_SQ":9.6448539316,"PE_TTM_SQ":3.076693961727,"PB_TTM_SQ":0.254947339172,"ROA_SQ":3.477204959534,"START_DATE":"2022-01-01 00:00:00","FISCAL_YEAR":"12-31","CURRENCY":"HKD","IS_CNY_CODE":0,"DPS_HKD_LY":0.56389,"ORG_TYPE":"一般企业","PREMIUM_INCOME":null,"PREMIUM_INCOME_YOY":null,"NET_INTEREST_INCOME":null,"NET_INTEREST_INCOME_YOY":null,"FEE_COMMISSION_INCOME":null,"FEE_COMMISSION_INCOME_YOY":null,"ACCOUNTS_RECE_TDAYS":3.875684730141,"INVENTORY_TDAYS":7.506810932811,"CURRENT_ASSETS_TDAYS":1.94459262843,"TOTAL_ASSETS_TDAYS":1.007700468985,"PREMIUM_EXPENSE":null,"LOAN_DEPOSIT":null,"LOAN_EQUITY":null,"LOAN_ASSETS":null,"DEPOSIT_EQUITY":null,"DEPOSIT_ASSETS":null,"EQUITY_MULTIPLIER":2.193411254298,"EQUITY_RATIO":1.243291769543},{"SECUCODE":"03669.HK","SECURITY_CODE":"03669","SECURITY_NAME_ABBR":"永达汽车","ORG_CODE":"10185704","STD_REPORT_DATE":"2021-12-31 00:00:00","REPORT_DATE":"2021-12-31 00:00:00","DATE_TYPE_CODE":"001","REPORT_TYPE":"2021年年报","PER_NETCASH_OPERATE":2.54614254223,"PER_OI":39.560184956979,"BPS":7.245841714187,"BASIC_EPS":1.26,"DILUTED_EPS":1.26,"OPERATE_INCOME":77916554000,"OPERATE_INCOME_YOY":14.2450660943,"GROSS_PROFIT":7752685000,"GROSS_PROFIT_YOY":26.446928542432,"HOLDER_PROFIT":2480098000,"HOLDER_PROFIT_YOY":52.6250783865,"GROSS_PROFIT_RATIO":9.949984441047,"EPS_TTM":1.259207839087,"OPERATE_INCOME_QOQ":-4.136121212342,"NET_PROFIT_RATIO":3.3600985485,"ROE_AVG":19.421130655114,"GROSS_PROFIT_QOQ":2.710253901903,"ROA":7.480976033936,"HOLDER_PROFIT_QOQ":9.423892733526,"ROE_YEARLY":19.421130655114,"ROIC_YEARLY":8.361543718677,"TOTAL_ASSETS":31566638000,"TOTAL_LIABILITIES":17277773000,"TAX_EBT":24.802549039014,"OCF_SALES":6.436123958973,"TOTAL_PARENT_EQUITY":13708466000,"DEBT_ASSET_RATIO":54.7342830744,"OPERATE_PROFIT":3808961000,"PRETAX_PROFIT":3374762000,"NETCASH_OPERATE":5014806000,"NETCASH_INVEST":-282154000,"NETCASH_FINANCE":-5562172000,"END_CASH":2250347000,"DIVI_RATIO":0.087995394851,"DIVIDEND_RATE":4.758203125,"CURRENT_RATIO":1.246844044269,"COMMON_ACS":2500000000,"CURRENTDEBT_DEBT":77.136677278953,"ISSUED_COMMON_SHARES":1891908013,"HK_COMMON_SHARES":1891908013,"PER_SHARES":500,"TOTAL_MARKET_CAP":4843284513.28,"HKSK_MARKET_CAP":4843284513.28,"PE_TTM":15.473828266833,"PB_TTM":0.31767822396,"REPORT_DATE_SQ":"2020-12-31 00:00:00","REPORT_TYPE_SQ":"2020年年报","OPERATE_INCOME_SQ":68201242000,"DPS_HKD":0.12181,"OPERATE_INCOME_QOQ_SQ":11.343680094256,"NET_PROFIT_RATIO_SQ":2.5288014609,"HOLDER_PROFIT_SQ":1624961000,"HOLDER_PROFIT_QOQ_SQ":28.068980790768,"ROE_AVG_SQ":14.967442038686,"PE_TTM_SQ":3.076693961727,"PB_TTM_SQ":0.254947339172,"ROA_SQ":4.628706978269,"START_DATE":"2021-01-01 00:00:00","FISCAL_YEAR":"12-31","CURRENCY":"HKD","IS_CNY_CODE":0,"DPS_HKD_LY":0.34693,"ORG_TYPE":"一般企业","PREMIUM_INCOME":null,"PREMIUM_INCOME_YOY":null,"NET_INTEREST_INCOME":null,"NET_INTEREST_INCOME_YOY":null,"FEE_COMMISSION_INCOME":null,"FEE_COMMISSION_INCOME_YOY":null,"ACCOUNTS_RECE_TDAYS":9.366534711536,"INVENTORY_TDAYS":15.778690654531,"CURRENT_ASSETS_TDAYS":4.232058965748,"TOTAL_ASSETS_TDAYS":2.35027758226,"PREMIUM_EXPENSE":null,"LOAN_DEPOSIT":null,"LOAN_EQUITY":null,"LOAN_ASSETS":null,"DEPOSIT_EQUITY":null,"DEPOSIT_ASSETS":null,"EQUITY_MULTIPLIER":2.209177425917,"EQUITY_RATIO":1.260372458888},{"SECUCODE":"03669.HK","SECURITY_CODE":"03669","SECURITY_NAME_ABBR":"永达汽车","ORG_CODE":"10185704","STD_REPORT_DATE":"2021-06-30 00:00:00","REPORT_DATE":"2021-06-30 00:00:00","DATE_TYPE_CODE":"002","REPORT_TYPE":"2021年中报","PER_NETCASH_OPERATE":1.936961964475,"PER_OI":20.493784163827,"BPS":6.586577103313,"BASIC_EPS":0.59,"DILUTED_EPS":0.59,"OPERATE_INCOME":40493984000,"OPERATE_INCOME_YOY":45.9076610963,"GROSS_PROFIT":3699241000,"GROSS_PROFIT_YOY":46.327957380556,"HOLDER_PROFIT":1171509000,"HOLDER_PROFIT_YOY":121.05403187,"GROSS_PROFIT_RATIO":9.161296027888,"EPS_TTM":1.147065803064,"OPERATE_INCOME_QOQ":18.595882180849,"NET_PROFIT_RATIO":3.0782130037,"ROE_AVG":9.6448539316,"GROSS_PROFIT_QOQ":18.581740693797,"ROA":3.477204959534,"HOLDER_PROFIT_QOQ":39.48057830311,"ROE_YEARLY":19.2897078632,"ROIC_YEARLY":7.958131379894,"TOTAL_ASSETS":32644732000,"TOTAL_LIABILITIES":19667611000,"TAX_EBT":24.679366318295,"OCF_SALES":9.448755194933,"TOTAL_PARENT_EQUITY":12461198000,"DEBT_ASSET_RATIO":60.2474267517,"OPERATE_PROFIT":1833668000,"PRETAX_PROFIT":1593797000,"NETCASH_OPERATE":3827273000,"NETCASH_INVEST":103562000,"NETCASH_FINANCE":-3096211000,"END_CASH":3914491000,"DIVI_RATIO":0.096598199252,"DIVIDEND_RATE":4.758203125,"CURRENT_RATIO":1.16857854555,"COMMON_ACS":2500000000,"CURRENTDEBT_DEBT":81.429427295466,"ISSUED_COMMON_SHARES":1891908013,"HK_COMMON_SHARES":1891908013,"PER_SHARES":500,"TOTAL_MARKET_CAP":4843284513.28,"HKSK_MARKET_CAP":4843284513.28,"PE_TTM":15.473828266833,"PB_TTM":0.31767822396,"REPORT_DATE_SQ":"2020-06-30 00:00:00","REPORT_TYPE_SQ":"2020年中报","OPERATE_INCOME_SQ":27761105000,"DPS_HKD":0.12181,"OPERATE_INCOME_QOQ_SQ":-1.843084498188,"NET_PROFIT_RATIO_SQ":2.0454919417,"HOLDER_PROFIT_SQ":529965000,"HOLDER_PROFIT_QOQ_SQ":-13.860775134014,"ROE_AVG_SQ":5.108123218575,"PE_TTM_SQ":3.076693961727,"PB_TTM_SQ":0.254947339172,"ROA_SQ":1.493345670122,"START_DATE":"2021-01-01 00:00:00","FISCAL_YEAR":"12-31","CURRENCY":"HKD","IS_CNY_CODE":0,"DPS_HKD_LY":0.34693,"ORG_TYPE":"一般企业","PREMIUM_INCOME":null,"PREMIUM_INCOME_YOY":null,"NET_INTEREST_INCOME":null,"NET_INTEREST_INCOME_YOY":null,"FEE_COMMISSION_INCOME":null,"FEE_COMMISSION_INCOME_YOY":null,"ACCOUNTS_RECE_TDAYS":5.850253588382,"INVENTORY_TDAYS":7.788932737296,"CURRENT_ASSETS_TDAYS":2.08149027126,"TOTAL_ASSETS_TDAYS":1.202263065735,"PREMIUM_EXPENSE":null,"LOAN_DEPOSIT":null,"LOAN_EQUITY":null,"LOAN_ASSETS":null,"DEPOSIT_EQUITY":null,"DEPOSIT_ASSETS":null,"EQUITY_MULTIPLIER":2.515560423608,"EQUITY_RATIO":1.578308201186},{"SECUCODE":"03669.HK","SECURITY_CODE":"03669","SECURITY_NAME_ABBR":"永达汽车","ORG_CODE":"10185704","STD_REPORT_DATE":"2020-12-31 00:00:00","REPORT_DATE":"2020-12-31 00:00:00","DATE_TYPE_CODE":"001","REPORT_TYPE":"2020年年报","PER_NETCASH_OPERATE":2.901006969627,"PER_OI":34.535099961113,"BPS":6.253864309839,"BASIC_EPS":0.85,"DILUTED_EPS":0.85,"OPERATE_INCOME":68201242000,"OPERATE_INCOME_YOY":9.2915219867,"GROSS_PROFIT":6131177000,"GROSS_PROFIT_YOY":4.557668685396,"HOLDER_PROFIT":1624961000,"HOLDER_PROFIT_YOY":10.3176273469,"GROSS_PROFIT_RATIO":9.287854104213,"EPS_TTM":0.822832384312,"OPERATE_INCOME_QOQ":11.343680094256,"NET_PROFIT_RATIO":2.5288014609,"ROE_AVG":14.967442038686,"GROSS_PROFIT_QOQ":10.627157141484,"ROA":4.628706978269,"HOLDER_PROFIT_QOQ":28.068980790768,"ROE_YEARLY":14.967442038686,"ROIC_YEARLY":5.167206138585,"TOTAL_ASSETS":34737491000,"TOTAL_LIABILITIES":22381832000,"TAX_EBT":24.477159343828,"OCF_SALES":8.359401959761,"TOTAL_PARENT_EQUITY":11831736000,"DEBT_ASSET_RATIO":64.4313430697,"OPERATE_PROFIT":2769349000,"PRETAX_PROFIT":2139562000,"NETCASH_OPERATE":5729020000,"NETCASH_INVEST":-1668367000,"NETCASH_FINANCE":-3191209000,"END_CASH":3079867000,"DIVI_RATIO":0.134662287378,"DIVIDEND_RATE":4.758203125,"CURRENT_RATIO":1.259366192543,"COMMON_ACS":2500000000,"CURRENTDEBT_DEBT":71.681259156981,"ISSUED_COMMON_SHARES":1891908013,"HK_COMMON_SHARES":1891908013,"PER_SHARES":500,"TOTAL_MARKET_CAP":4843284513.28,"HKSK_MARKET_CAP":4843284513.28,"PE_TTM":15.473828266833,"PB_TTM":0.31767822396,"REPORT_DATE_SQ":"2019-12-31 00:00:00","REPORT_TYPE_SQ":"2019年年报","OPERATE_INCOME_SQ":62707380000,"DPS_HKD":0.12181,"OPERATE_INCOME_QOQ_SQ":5.382405639524,"NET_PROFIT_RATIO_SQ":2.5021839535,"HOLDER_PROFIT_SQ":1472984000,"HOLDER_PROFIT_QOQ_SQ":16.546545144672,"ROE_AVG_SQ":15.61236565787,"PE_TTM_SQ":3.076693961727,"PB_TTM_SQ":0.254947339172,"ROA_SQ":4.430661351821,"START_DATE":"2020-01-01 00:00:00","FISCAL_YEAR":"12-31","CURRENCY":"HKD","IS_CNY_CODE":0,"DPS_HKD_LY":0.27,"ORG_TYPE":"一般企业","PREMIUM_INCOME":null,"PREMIUM_INCOME_YOY":null,"NET_INTEREST_INCOME":null,"NET_INTEREST_INCOME_YOY":null,"FEE_COMMISSION_INCOME":null,"FEE_COMMISSION_INCOME_YOY":null,"ACCOUNTS_RECE_TDAYS":9.500431551334,"INVENTORY_TDAYS":11.861283229719,"CURRENT_ASSETS_TDAYS":3.386045311615,"TOTAL_ASSETS_TDAYS":1.952189066339,"PREMIUM_EXPENSE":null,"LOAN_DEPOSIT":null,"LOAN_EQUITY":null,"LOAN_ASSETS":null,"DEPOSIT_EQUITY":null,"DEPOSIT_ASSETS":null,"EQUITY_MULTIPLIER":2.811464042512,"EQUITY_RATIO":1.891677772391},{"SECUCODE":"03669.HK","SECURITY_CODE":"03669","SECURITY_NAME_ABBR":"永达汽车","ORG_CODE":"10185704","STD_REPORT_DATE":"2020-06-30 00:00:00","REPORT_DATE":"2020-06-30 00:00:00","DATE_TYPE_CODE":"002","REPORT_TYPE":"2020年中报","PER_NETCASH_OPERATE":1.412845497593,"PER_OI":14.105425330562,"BPS":5.744650863213,"BASIC_EPS":0.29,"DILUTED_EPS":0.29,"OPERATE_INCOME":27761105000,"OPERATE_INCOME_YOY":-3.9708581785,"GROSS_PROFIT":2528048000,"GROSS_PROFIT_YOY":-8.80347232844,"HOLDER_PROFIT":529965000,"HOLDER_PROFIT_YOY":-27.8106662017,"GROSS_PROFIT_RATIO":9.524212283134,"EPS_TTM":0.644686277857,"OPERATE_INCOME_QOQ":-1.843084498188,"NET_PROFIT_RATIO":2.0454919417,"ROE_AVG":5.108123218575,"GROSS_PROFIT_QOQ":-1.877004099136,"ROA":1.493345670122,"HOLDER_PROFIT_QOQ":-13.860775134014,"ROE_YEARLY":10.21624643715,"ROIC_YEARLY":3.359662943962,"TOTAL_ASSETS":35502052000,"TOTAL_LIABILITIES":24043063000,"TAX_EBT":24.333174761319,"OCF_SALES":9.94861583248,"TOTAL_PARENT_EQUITY":10868351000,"DEBT_ASSET_RATIO":67.7230234466,"OPERATE_PROFIT":1019456000,"PRETAX_PROFIT":668466000,"NETCASH_OPERATE":2780643000,"NETCASH_INVEST":-268718000,"NETCASH_FINANCE":-833962000,"END_CASH":3888386000,"DIVI_RATIO":0.17187350624,"DIVIDEND_RATE":4.758203125,"CURRENT_RATIO":1.135384288055,"COMMON_ACS":2500000000,"CURRENTDEBT_DEBT":76.707876196972,"ISSUED_COMMON_SHARES":1891908013,"HK_COMMON_SHARES":1891908013,"PER_SHARES":500,"TOTAL_MARKET_CAP":4843284513.28,"HKSK_MARKET_CAP":4843284513.28,"PE_TTM":15.473828266833,"PB_TTM":0.31767822396,"REPORT_DATE_SQ":"2019-06-30 00:00:00","REPORT_TYPE_SQ":"2019年中报","OPERATE_INCOME_SQ":29105799000,"DPS_HKD":0.12181,"OPERATE_INCOME_QOQ_SQ":7.567298569957,"NET_PROFIT_RATIO_SQ":2.6876327978,"HOLDER_PROFIT_SQ":734132000,"HOLDER_PROFIT_QOQ_SQ":0.858671182405,"ROE_AVG_SQ":8.106651542861,"PE_TTM_SQ":3.076693961727,"PB_TTM_SQ":0.254947339172,"ROA_SQ":2.326702820423,"START_DATE":"2020-01-01 00:00:00","FISCAL_YEAR":"12-31","CURRENCY":"HKD","IS_CNY_CODE":0,"DPS_HKD_LY":0.27,"ORG_TYPE":"一般企业","PREMIUM_INCOME":null,"PREMIUM_INCOME_YOY":null,"NET_INTEREST_INCOME":null,"NET_INTEREST_INCOME_YOY":null,"FEE_COMMISSION_INCOME":null,"FEE_COMMISSION_INCOME_YOY":null,"ACCOUNTS_RECE_TDAYS":4.387739506355,"INVENTORY_TDAYS":4.584867921388,"CURRENT_ASSETS_TDAYS":1.356296895733,"TOTAL_ASSETS_TDAYS":0.787581909256,"PREMIUM_EXPENSE":null,"LOAN_DEPOSIT":null,"LOAN_EQUITY":null,"LOAN_ASSETS":null,"DEPOSIT_EQUITY":null,"DEPOSIT_ASSETS":null,"EQUITY_MULTIPLIER":3.098183618114,"EQUITY_RATIO":2.212208917434}],"count":29},"success":true,"message":"ok","code":0}