{"version":"7183c5fe0d1b38bd15ab0f8a7a696d65","result":{"pages":2,"data":[{"SECUCODE":"03662.HK","SECURITY_CODE":"03662","SECURITY_NAME_ABBR":"星悦康旅","ORG_CODE":"10971526","STD_REPORT_DATE":"2024-06-30 00:00:00","REPORT_DATE":"2024-06-30 00:00:00","DATE_TYPE_CODE":"002","REPORT_TYPE":"2024年中报","PER_NETCASH_OPERATE":0.045372805508,"PER_OI":0.963917383821,"BPS":1.630061273666,"BASIC_EPS":0.1124,"DILUTED_EPS":0.1124,"OPERATE_INCOME":700045000,"OPERATE_INCOME_YOY":-10.9968978056,"GROSS_PROFIT":218713000,"GROSS_PROFIT_YOY":7.58352353219,"HOLDER_PROFIT":81648000,"HOLDER_PROFIT_YOY":29.1490034799,"GROSS_PROFIT_RATIO":31.242705826054,"EPS_TTM":0.241741824441,"OPERATE_INCOME_QOQ":-5.53387374361,"NET_PROFIT_RATIO":10.7277389311,"ROE_AVG":7.14682422452,"GROSS_PROFIT_QOQ":3.857905365334,"ROA":3.516381290154,"HOLDER_PROFIT_QOQ":11.727346201086,"ROE_YEARLY":14.29364844904,"ROIC_YEARLY":12.569507306349,"TOTAL_ASSETS":2363393000,"TOTAL_LIABILITIES":1134163000,"TAX_EBT":24.980520648113,"OCF_SALES":4.707125970473,"TOTAL_PARENT_EQUITY":1183832000,"DEBT_ASSET_RATIO":47.9887602274,"OPERATE_PROFIT":102895000,"PRETAX_PROFIT":100106000,"NETCASH_OPERATE":32952000,"NETCASH_INVEST":11975000,"NETCASH_FINANCE":-18674000,"END_CASH":988426000,"DIVI_RATIO":null,"DIVIDEND_RATE":null,"CURRENT_RATIO":1.67916946832,"COMMON_ACS":10000000000,"CURRENTDEBT_DEBT":97.953380598732,"ISSUED_COMMON_SHARES":726250000,"HK_COMMON_SHARES":726250000,"PER_SHARES":1000,"TOTAL_MARKET_CAP":413962500,"HKSK_MARKET_CAP":413962500,"PE_TTM":2.130663305239,"PB_TTM":0.319146039725,"REPORT_DATE_SQ":"2023-06-30 00:00:00","REPORT_TYPE_SQ":"2023年中报","OPERATE_INCOME_SQ":786540000,"DPS_HKD":null,"OPERATE_INCOME_QOQ_SQ":-3.684243789389,"NET_PROFIT_RATIO_SQ":8.7372543037,"HOLDER_PROFIT_SQ":63220000,"HOLDER_PROFIT_QOQ_SQ":8.588153883559,"ROE_AVG_SQ":6.515614750107,"PE_TTM_SQ":1.793433822692,"PB_TTM_SQ":0.311870200645,"ROA_SQ":2.897518501357,"START_DATE":"2024-01-01 00:00:00","FISCAL_YEAR":"12-31","CURRENCY":"HKD","IS_CNY_CODE":0,"DPS_HKD_LY":null,"ORG_TYPE":"一般企业","PREMIUM_INCOME":null,"PREMIUM_INCOME_YOY":null,"NET_INTEREST_INCOME":null,"NET_INTEREST_INCOME_YOY":null,"FEE_COMMISSION_INCOME":null,"FEE_COMMISSION_INCOME_YOY":null,"ACCOUNTS_RECE_TDAYS":1.051729758884,"INVENTORY_TDAYS":38.50039993601,"CURRENT_ASSETS_TDAYS":0.385946602758,"TOTAL_ASSETS_TDAYS":0.301492399112,"PREMIUM_EXPENSE":null,"LOAN_DEPOSIT":null,"LOAN_EQUITY":null,"LOAN_ASSETS":null,"DEPOSIT_EQUITY":null,"DEPOSIT_ASSETS":null,"EQUITY_MULTIPLIER":1.922661340841,"EQUITY_RATIO":0.958043877848},{"SECUCODE":"03662.HK","SECURITY_CODE":"03662","SECURITY_NAME_ABBR":"星悦康旅","ORG_CODE":"10971526","STD_REPORT_DATE":"2023-12-31 00:00:00","REPORT_DATE":"2023-12-31 00:00:00","DATE_TYPE_CODE":"001","REPORT_TYPE":"2023年年报","PER_NETCASH_OPERATE":0.145970395869,"PER_OI":2.152165232358,"BPS":1.516066092943,"BASIC_EPS":0.2164,"DILUTED_EPS":0.2164,"OPERATE_INCOME":1563010000,"OPERATE_INCOME_YOY":-4.0951654578,"GROSS_PROFIT":399621000,"GROSS_PROFIT_YOY":0.605717306748,"HOLDER_PROFIT":157137000,"HOLDER_PROFIT_YOY":-2.0385644018,"GROSS_PROFIT_RATIO":25.567398801031,"EPS_TTM":0.216367641997,"OPERATE_INCOME_QOQ":-0.426640130929,"NET_PROFIT_RATIO":9.5462601007,"ROE_AVG":15.46229848887,"GROSS_PROFIT_QOQ":11.839034137659,"ROA":6.981542588712,"HOLDER_PROFIT_QOQ":-9.786259279034,"ROE_YEARLY":15.46229848887,"ROIC_YEARLY":12.075005705653,"TOTAL_ASSETS":2280472000,"TOTAL_LIABILITIES":1127971000,"TAX_EBT":23.316613388975,"OCF_SALES":6.7824901952,"TOTAL_PARENT_EQUITY":1101043000,"DEBT_ASSET_RATIO":49.4621727432,"OPERATE_PROFIT":202583000,"PRETAX_PROFIT":194578000,"NETCASH_OPERATE":106011000,"NETCASH_INVEST":67927000,"NETCASH_FINANCE":-48342000,"END_CASH":960295000,"DIVI_RATIO":null,"DIVIDEND_RATE":null,"CURRENT_RATIO":1.597057656021,"COMMON_ACS":10000000000,"CURRENTDEBT_DEBT":97.822195783402,"ISSUED_COMMON_SHARES":726250000,"HK_COMMON_SHARES":726250000,"PER_SHARES":1000,"TOTAL_MARKET_CAP":286868750,"HKSK_MARKET_CAP":286868750,"PE_TTM":1.476512290472,"PB_TTM":0.221162606476,"REPORT_DATE_SQ":"2022-12-31 00:00:00","REPORT_TYPE_SQ":"2022年年报","OPERATE_INCOME_SQ":1629751000,"DPS_HKD":null,"OPERATE_INCOME_QOQ_SQ":-8.668974761887,"NET_PROFIT_RATIO_SQ":10.0115907277,"HOLDER_PROFIT_SQ":160407000,"HOLDER_PROFIT_QOQ_SQ":150.187255371273,"ROE_AVG_SQ":19.109835059775,"PE_TTM_SQ":1.812512905912,"PB_TTM_SQ":0.315187968737,"ROA_SQ":7.106660830362,"START_DATE":"2023-01-01 00:00:00","FISCAL_YEAR":"12-31","CURRENCY":"HKD","IS_CNY_CODE":0,"DPS_HKD_LY":null,"ORG_TYPE":"一般企业","PREMIUM_INCOME":null,"PREMIUM_INCOME_YOY":null,"NET_INTEREST_INCOME":null,"NET_INTEREST_INCOME_YOY":null,"FEE_COMMISSION_INCOME":null,"FEE_COMMISSION_INCOME_YOY":null,"ACCOUNTS_RECE_TDAYS":2.343998734279,"INVENTORY_TDAYS":106.250422393717,"CURRENT_ASSETS_TDAYS":0.911574619895,"TOTAL_ASSETS_TDAYS":0.694439939771,"PREMIUM_EXPENSE":null,"LOAN_DEPOSIT":null,"LOAN_EQUITY":null,"LOAN_ASSETS":null,"DEPOSIT_EQUITY":null,"DEPOSIT_ASSETS":null,"EQUITY_MULTIPLIER":1.978715853609,"EQUITY_RATIO":1.024456810497},{"SECUCODE":"03662.HK","SECURITY_CODE":"03662","SECURITY_NAME_ABBR":"星悦康旅","ORG_CODE":"10971526","STD_REPORT_DATE":"2023-06-30 00:00:00","REPORT_DATE":"2023-06-30 00:00:00","DATE_TYPE_CODE":"002","REPORT_TYPE":"2023年中报","PER_NETCASH_OPERATE":-0.036521858864,"PER_OI":1.083015490534,"BPS":1.389458175559,"BASIC_EPS":0.087,"DILUTED_EPS":0.087,"OPERATE_INCOME":786540000,"OPERATE_INCOME_YOY":-7.09250352,"GROSS_PROFIT":203296000,"GROSS_PROFIT_YOY":-16.405488644821,"HOLDER_PROFIT":63220000,"HOLDER_PROFIT_YOY":27.8618234771,"GROSS_PROFIT_RATIO":25.846873649147,"EPS_TTM":0.239838898451,"OPERATE_INCOME_QOQ":-3.684243789389,"NET_PROFIT_RATIO":8.7372543037,"ROE_AVG":6.515614750107,"GROSS_PROFIT_QOQ":-10.044182621502,"ROA":2.897518501357,"HOLDER_PROFIT_QOQ":8.588153883559,"ROE_YEARLY":13.031229500214,"ROIC_YEARLY":9.966067762009,"TOTAL_ASSETS":2142708000,"TOTAL_LIABILITIES":1064058000,"TAX_EBT":21.463264116659,"OCF_SALES":-3.372237902713,"TOTAL_PARENT_EQUITY":1009094000,"DEBT_ASSET_RATIO":49.6594963009,"OPERATE_PROFIT":91360000,"PRETAX_PROFIT":87503000,"NETCASH_OPERATE":-26524000,"NETCASH_INVEST":65847000,"NETCASH_FINANCE":-14385000,"END_CASH":869705000,"DIVI_RATIO":null,"DIVIDEND_RATE":null,"CURRENT_RATIO":1.515408422745,"COMMON_ACS":10000000000,"CURRENTDEBT_DEBT":97.716101941811,"ISSUED_COMMON_SHARES":726250000,"HK_COMMON_SHARES":726250000,"PER_SHARES":1000,"TOTAL_MARKET_CAP":286868750,"HKSK_MARKET_CAP":286868750,"PE_TTM":1.476512290472,"PB_TTM":0.221162606476,"REPORT_DATE_SQ":"2022-06-30 00:00:00","REPORT_TYPE_SQ":"2022年中报","OPERATE_INCOME_SQ":846584000,"DPS_HKD":null,"OPERATE_INCOME_QOQ_SQ":-8.101106889827,"NET_PROFIT_RATIO_SQ":6.1109116166,"HOLDER_PROFIT_SQ":49444000,"HOLDER_PROFIT_QOQ_SQ":-67.391327118467,"ROE_AVG_SQ":6.384438930822,"PE_TTM_SQ":1.812512905912,"PB_TTM_SQ":0.315187968737,"ROA_SQ":2.211923018422,"START_DATE":"2023-01-01 00:00:00","FISCAL_YEAR":"12-31","CURRENCY":"HKD","IS_CNY_CODE":0,"DPS_HKD_LY":null,"ORG_TYPE":"一般企业","PREMIUM_INCOME":null,"PREMIUM_INCOME_YOY":null,"NET_INTEREST_INCOME":null,"NET_INTEREST_INCOME_YOY":null,"FEE_COMMISSION_INCOME":null,"FEE_COMMISSION_INCOME_YOY":null,"ACCOUNTS_RECE_TDAYS":1.197298338177,"INVENTORY_TDAYS":57.641350002471,"CURRENT_ASSETS_TDAYS":0.485113508629,"TOTAL_ASSETS_TDAYS":0.360489434049,"PREMIUM_EXPENSE":null,"LOAN_DEPOSIT":null,"LOAN_EQUITY":null,"LOAN_ASSETS":null,"DEPOSIT_EQUITY":null,"DEPOSIT_ASSETS":null,"EQUITY_MULTIPLIER":1.986471978861,"EQUITY_RATIO":1.054468661988},{"SECUCODE":"03662.HK","SECURITY_CODE":"03662","SECURITY_NAME_ABBR":"星悦康旅","ORG_CODE":"10971526","STD_REPORT_DATE":"2022-12-31 00:00:00","REPORT_DATE":"2022-12-31 00:00:00","DATE_TYPE_CODE":"001","REPORT_TYPE":"2022年年报","PER_NETCASH_OPERATE":-0.145517383821,"PER_OI":2.244063339071,"BPS":1.282581755594,"BASIC_EPS":0.2209,"DILUTED_EPS":0.2209,"OPERATE_INCOME":1629751000,"OPERATE_INCOME_YOY":-16.06779874,"GROSS_PROFIT":397215000,"GROSS_PROFIT_YOY":-15.409678965022,"HOLDER_PROFIT":160407000,"HOLDER_PROFIT_YOY":184.0091128103,"GROSS_PROFIT_RATIO":24.372741602858,"EPS_TTM":0.220870223752,"OPERATE_INCOME_QOQ":-8.668974761887,"NET_PROFIT_RATIO":10.0115907277,"ROE_AVG":19.109835059775,"GROSS_PROFIT_QOQ":8.820959023826,"ROA":7.106660830362,"HOLDER_PROFIT_QOQ":150.187255371273,"ROE_YEARLY":19.109835059775,"ROIC_YEARLY":13.54097506805,"TOTAL_ASSETS":2221026000,"TOTAL_LIABILITIES":1228668000,"TAX_EBT":18.253689916733,"OCF_SALES":-6.484548866667,"TOTAL_PARENT_EQUITY":931475000,"DEBT_ASSET_RATIO":55.3198386692,"OPERATE_PROFIT":214878000,"PRETAX_PROFIT":199598000,"NETCASH_OPERATE":-105682000,"NETCASH_INVEST":-50652000,"NETCASH_FINANCE":-272098000,"END_CASH":826180000,"DIVI_RATIO":null,"DIVIDEND_RATE":null,"CURRENT_RATIO":1.399721407538,"COMMON_ACS":10000000000,"CURRENTDEBT_DEBT":96.933182926551,"ISSUED_COMMON_SHARES":726250000,"HK_COMMON_SHARES":726250000,"PER_SHARES":1000,"TOTAL_MARKET_CAP":286868750,"HKSK_MARKET_CAP":286868750,"PE_TTM":1.476512290472,"PB_TTM":0.221162606476,"REPORT_DATE_SQ":"2021-12-31 00:00:00","REPORT_TYPE_SQ":"2021年年报","OPERATE_INCOME_SQ":1941747000,"DPS_HKD":null,"OPERATE_INCOME_QOQ_SQ":4.213578726926,"NET_PROFIT_RATIO_SQ":-10.1602319973,"HOLDER_PROFIT_SQ":-190940000,"HOLDER_PROFIT_QOQ_SQ":-160.199825334119,"ROE_AVG_SQ":-21.52005234059,"PE_TTM_SQ":1.812512905912,"PB_TTM_SQ":0.315187968737,"ROA_SQ":-7.886186803172,"START_DATE":"2022-01-01 00:00:00","FISCAL_YEAR":"12-31","CURRENCY":"HKD","IS_CNY_CODE":0,"DPS_HKD_LY":null,"ORG_TYPE":"一般企业","PREMIUM_INCOME":null,"PREMIUM_INCOME_YOY":null,"NET_INTEREST_INCOME":null,"NET_INTEREST_INCOME_YOY":null,"FEE_COMMISSION_INCOME":null,"FEE_COMMISSION_INCOME_YOY":null,"ACCOUNTS_RECE_TDAYS":2.75562262492,"INVENTORY_TDAYS":194.253112687155,"CURRENT_ASSETS_TDAYS":0.954966172626,"TOTAL_ASSETS_TDAYS":0.722043775829,"PREMIUM_EXPENSE":null,"LOAN_DEPOSIT":null,"LOAN_EQUITY":null,"LOAN_ASSETS":null,"DEPOSIT_EQUITY":null,"DEPOSIT_ASSETS":null,"EQUITY_MULTIPLIER":2.238129787841,"EQUITY_RATIO":1.319056335382},{"SECUCODE":"03662.HK","SECURITY_CODE":"03662","SECURITY_NAME_ABBR":"星悦康旅","ORG_CODE":"10971526","STD_REPORT_DATE":"2022-06-30 00:00:00","REPORT_DATE":"2022-06-30 00:00:00","DATE_TYPE_CODE":"002","REPORT_TYPE":"2022年中报","PER_NETCASH_OPERATE":-0.186014457831,"PER_OI":1.165692254733,"BPS":1.103719104991,"BASIC_EPS":0.0681,"DILUTED_EPS":0.0681,"OPERATE_INCOME":846584000,"OPERATE_INCOME_YOY":-15.6693930691,"GROSS_PROFIT":243193000,"GROSS_PROFIT_YOY":-30.066915695426,"HOLDER_PROFIT":49444000,"HOLDER_PROFIT_YOY":-72.24134156,"GROSS_PROFIT_RATIO":28.726387458303,"EPS_TTM":-0.440092254733,"OPERATE_INCOME_QOQ":-8.101106889827,"NET_PROFIT_RATIO":6.1109116166,"ROE_AVG":6.384438930822,"GROSS_PROFIT_QOQ":-22.266517595698,"ROA":2.211923018422,"HOLDER_PROFIT_QOQ":-67.391327118467,"ROE_YEARLY":12.768877861644,"ROIC_YEARLY":8.786978765186,"TOTAL_ASSETS":2177434000,"TOTAL_LIABILITIES":1323400000,"TAX_EBT":18.125563802681,"OCF_SALES":-15.957424189448,"TOTAL_PARENT_EQUITY":801576000,"DEBT_ASSET_RATIO":60.7779615823,"OPERATE_PROFIT":73071000,"PRETAX_PROFIT":63187000,"NETCASH_OPERATE":-135093000,"NETCASH_INVEST":3884000,"NETCASH_FINANCE":-190674000,"END_CASH":909437000,"DIVI_RATIO":null,"DIVIDEND_RATE":null,"CURRENT_RATIO":1.262918948312,"COMMON_ACS":10000000000,"CURRENTDEBT_DEBT":96.717621278525,"ISSUED_COMMON_SHARES":726250000,"HK_COMMON_SHARES":726250000,"PER_SHARES":1000,"TOTAL_MARKET_CAP":286868750,"HKSK_MARKET_CAP":286868750,"PE_TTM":1.476512290472,"PB_TTM":0.221162606476,"REPORT_DATE_SQ":"2021-06-30 00:00:00","REPORT_TYPE_SQ":"2021年中报","OPERATE_INCOME_SQ":1003887000,"DPS_HKD":null,"OPERATE_INCOME_QOQ_SQ":32.323880095647,"NET_PROFIT_RATIO_SQ":18.4924244538,"HOLDER_PROFIT_SQ":178121000,"HOLDER_PROFIT_QOQ_SQ":26.679766911497,"ROE_AVG_SQ":16.588981410573,"PE_TTM_SQ":1.812512905912,"PB_TTM_SQ":0.315187968737,"ROA_SQ":6.860635481773,"START_DATE":"2022-01-01 00:00:00","FISCAL_YEAR":"12-31","CURRENCY":"HKD","IS_CNY_CODE":0,"DPS_HKD_LY":null,"ORG_TYPE":"一般企业","PREMIUM_INCOME":null,"PREMIUM_INCOME_YOY":null,"NET_INTEREST_INCOME":null,"NET_INTEREST_INCOME_YOY":null,"FEE_COMMISSION_INCOME":null,"FEE_COMMISSION_INCOME_YOY":null,"ACCOUNTS_RECE_TDAYS":1.468182279333,"INVENTORY_TDAYS":221.590525156078,"CURRENT_ASSETS_TDAYS":0.503522074412,"TOTAL_ASSETS_TDAYS":0.378727173495,"PREMIUM_EXPENSE":null,"LOAN_DEPOSIT":null,"LOAN_EQUITY":null,"LOAN_ASSETS":null,"DEPOSIT_EQUITY":null,"DEPOSIT_ASSETS":null,"EQUITY_MULTIPLIER":2.549587018784,"EQUITY_RATIO":1.650997534856},{"SECUCODE":"03662.HK","SECURITY_CODE":"03662","SECURITY_NAME_ABBR":"星悦康旅","ORG_CODE":"10971526","STD_REPORT_DATE":"2021-12-31 00:00:00","REPORT_DATE":"2021-12-31 00:00:00","DATE_TYPE_CODE":"001","REPORT_TYPE":"2021年年报","PER_NETCASH_OPERATE":-0.118884681583,"PER_OI":2.673661962134,"BPS":1.029005163511,"BASIC_EPS":-0.2629,"DILUTED_EPS":-0.2629,"OPERATE_INCOME":1941747000,"OPERATE_INCOME_YOY":37.1692268567,"GROSS_PROFIT":469575000,"GROSS_PROFIT_YOY":-3.908724799253,"HOLDER_PROFIT":-190940000,"HOLDER_PROFIT_YOY":-176.0371783333,"GROSS_PROFIT_RATIO":24.18311963402,"EPS_TTM":-0.26291222031,"OPERATE_INCOME_QOQ":4.213578726926,"NET_PROFIT_RATIO":-10.1602319973,"ROE_AVG":-21.52005234059,"GROSS_PROFIT_QOQ":-22.739440686695,"ROA":-7.886186803172,"HOLDER_PROFIT_QOQ":-160.199825334119,"ROE_YEARLY":-21.52005234059,"ROIC_YEARLY":-18.585383113037,"TOTAL_ASSETS":2293246000,"TOTAL_LIABILITIES":1497153000,"TAX_EBT":-13.196699677542,"OCF_SALES":-4.446511311721,"TOTAL_PARENT_EQUITY":747315000,"DEBT_ASSET_RATIO":65.2853204584,"OPERATE_PROFIT":-116371000,"PRETAX_PROFIT":-174286000,"NETCASH_OPERATE":-86340000,"NETCASH_INVEST":31095000,"NETCASH_FINANCE":-245321000,"END_CASH":1209222000,"DIVI_RATIO":null,"DIVIDEND_RATE":null,"CURRENT_RATIO":1.204050364078,"COMMON_ACS":10000000000,"CURRENTDEBT_DEBT":96.866519320337,"ISSUED_COMMON_SHARES":726250000,"HK_COMMON_SHARES":726250000,"PER_SHARES":1000,"TOTAL_MARKET_CAP":286868750,"HKSK_MARKET_CAP":286868750,"PE_TTM":1.476512290472,"PB_TTM":0.221162606476,"REPORT_DATE_SQ":"2020-12-31 00:00:00","REPORT_TYPE_SQ":"2020年年报","OPERATE_INCOME_SQ":1415585000,"DPS_HKD":null,"OPERATE_INCOME_QOQ_SQ":33.375736811745,"NET_PROFIT_RATIO_SQ":17.9668330624,"HOLDER_PROFIT_SQ":251114000,"HOLDER_PROFIT_QOQ_SQ":36.362002483498,"ROE_AVG_SQ":26.612664072473,"PE_TTM_SQ":1.812512905912,"PB_TTM_SQ":0.315187968737,"ROA_SQ":12.724057233026,"START_DATE":"2021-01-01 00:00:00","FISCAL_YEAR":"12-31","CURRENCY":"HKD","IS_CNY_CODE":0,"DPS_HKD_LY":0.166,"ORG_TYPE":"一般企业","PREMIUM_INCOME":null,"PREMIUM_INCOME_YOY":null,"NET_INTEREST_INCOME":null,"NET_INTEREST_INCOME_YOY":null,"FEE_COMMISSION_INCOME":null,"FEE_COMMISSION_INCOME_YOY":null,"ACCOUNTS_RECE_TDAYS":4.580661522384,"INVENTORY_TDAYS":710.679217958002,"CURRENT_ASSETS_TDAYS":1.024210544361,"TOTAL_ASSETS_TDAYS":0.801978609327,"PREMIUM_EXPENSE":null,"LOAN_DEPOSIT":null,"LOAN_EQUITY":null,"LOAN_ASSETS":null,"DEPOSIT_EQUITY":null,"DEPOSIT_ASSETS":null,"EQUITY_MULTIPLIER":2.880625756034,"EQUITY_RATIO":2.003376086389},{"SECUCODE":"03662.HK","SECURITY_CODE":"03662","SECURITY_NAME_ABBR":"星悦康旅","ORG_CODE":"10971526","STD_REPORT_DATE":"2021-06-30 00:00:00","REPORT_DATE":"2021-06-30 00:00:00","DATE_TYPE_CODE":"002","REPORT_TYPE":"2021年中报","PER_NETCASH_OPERATE":0.206470223752,"PER_OI":1.382288468158,"BPS":1.537908433735,"BASIC_EPS":0.2453,"DILUTED_EPS":0.2453,"OPERATE_INCOME":1003887000,"OPERATE_INCOME_YOY":83.0044333565,"GROSS_PROFIT":347751000,"GROSS_PROFIT_YOY":57.386865079904,"HOLDER_PROFIT":178121000,"HOLDER_PROFIT_YOY":60.156334426,"GROSS_PROFIT_RATIO":34.614725378977,"EPS_TTM":0.43673253012,"OPERATE_INCOME_QOQ":32.323880095647,"NET_PROFIT_RATIO":18.4924244538,"ROE_AVG":16.588981410573,"GROSS_PROFIT_QOQ":26.258574342824,"ROA":6.860635481773,"HOLDER_PROFIT_QOQ":26.679766911497,"ROE_YEARLY":33.177962821145,"ROIC_YEARLY":33.988845510851,"TOTAL_ASSETS":2635331000,"TOTAL_LIABILITIES":1487226000,"TAX_EBT":22.869064258844,"OCF_SALES":14.942720021684,"TOTAL_PARENT_EQUITY":1116906000,"DEBT_ASSET_RATIO":56.4341253528,"OPERATE_PROFIT":259325000,"PRETAX_PROFIT":241103000,"NETCASH_OPERATE":-182100000,"NETCASH_INVEST":288910000,"NETCASH_FINANCE":-84261000,"END_CASH":1530650000,"DIVI_RATIO":null,"DIVIDEND_RATE":null,"CURRENT_RATIO":1.604122780031,"COMMON_ACS":10000000000,"CURRENTDEBT_DEBT":85.894073933619,"ISSUED_COMMON_SHARES":726250000,"HK_COMMON_SHARES":726250000,"PER_SHARES":1000,"TOTAL_MARKET_CAP":286868750,"HKSK_MARKET_CAP":286868750,"PE_TTM":1.476512290472,"PB_TTM":0.221162606476,"REPORT_DATE_SQ":"2020-06-30 00:00:00","REPORT_TYPE_SQ":"2020年中报","OPERATE_INCOME_SQ":548343000,"DPS_HKD":null,"OPERATE_INCOME_QOQ_SQ":17.19926731794,"NET_PROFIT_RATIO_SQ":20.4160967796,"HOLDER_PROFIT_SQ":111044000,"HOLDER_PROFIT_QOQ_SQ":13.007299449772,"ROE_AVG_SQ":12.79694647518,"PE_TTM_SQ":1.812512905912,"PB_TTM_SQ":0.315187968737,"ROA_SQ":7.384245347743,"START_DATE":"2021-01-01 00:00:00","FISCAL_YEAR":"12-31","CURRENCY":"HKD","IS_CNY_CODE":0,"DPS_HKD_LY":0.166,"ORG_TYPE":"一般企业","PREMIUM_INCOME":null,"PREMIUM_INCOME_YOY":null,"NET_INTEREST_INCOME":null,"NET_INTEREST_INCOME_YOY":null,"FEE_COMMISSION_INCOME":null,"FEE_COMMISSION_INCOME_YOY":null,"ACCOUNTS_RECE_TDAYS":2.520593862517,"INVENTORY_TDAYS":427.45016286645,"CURRENT_ASSETS_TDAYS":0.490141651334,"TOTAL_ASSETS_TDAYS":0.387114146155,"PREMIUM_EXPENSE":null,"LOAN_DEPOSIT":null,"LOAN_EQUITY":null,"LOAN_ASSETS":null,"DEPOSIT_EQUITY":null,"DEPOSIT_ASSETS":null,"EQUITY_MULTIPLIER":2.295374551982,"EQUITY_RATIO":1.331558788296},{"SECUCODE":"03662.HK","SECURITY_CODE":"03662","SECURITY_NAME_ABBR":"星悦康旅","ORG_CODE":"10971526","STD_REPORT_DATE":"2020-12-31 00:00:00","REPORT_DATE":"2020-12-31 00:00:00","DATE_TYPE_CODE":"001","REPORT_TYPE":"2020年年报","PER_NETCASH_OPERATE":0.731285370052,"PER_OI":1.949170395869,"BPS":1.427290877797,"BASIC_EPS":0.3458,"DILUTED_EPS":0.3458,"OPERATE_INCOME":1415585000,"OPERATE_INCOME_YOY":56.3153863233,"GROSS_PROFIT":488676000,"GROSS_PROFIT_YOY":44.984483198538,"HOLDER_PROFIT":251114000,"HOLDER_PROFIT_YOY":54.0990164822,"GROSS_PROFIT_RATIO":34.186617465231,"EPS_TTM":0.344753184165,"OPERATE_INCOME_QOQ":33.375736811745,"NET_PROFIT_RATIO":17.9668330624,"ROE_AVG":26.612664072473,"GROSS_PROFIT_QOQ":19.905047999083,"ROA":12.724057233026,"HOLDER_PROFIT_QOQ":36.362002483498,"ROE_YEARLY":26.612664072473,"ROIC_YEARLY":31.659367525809,"TOTAL_ASSETS":2652718000,"TOTAL_LIABILITIES":1572752000,"TAX_EBT":22.247828018939,"OCF_SALES":37.717502231748,"TOTAL_PARENT_EQUITY":1027216000,"DEBT_ASSET_RATIO":58.415468716,"OPERATE_PROFIT":342269000,"PRETAX_PROFIT":326315000,"NETCASH_OPERATE":536126000,"NETCASH_INVEST":-230572000,"NETCASH_FINANCE":377164000,"END_CASH":1506273000,"DIVI_RATIO":null,"DIVIDEND_RATE":null,"CURRENT_RATIO":1.417361304547,"COMMON_ACS":10000000000,"CURRENTDEBT_DEBT":97.081739524095,"ISSUED_COMMON_SHARES":726250000,"HK_COMMON_SHARES":726250000,"PER_SHARES":1000,"TOTAL_MARKET_CAP":286868750,"HKSK_MARKET_CAP":286868750,"PE_TTM":1.476512290472,"PB_TTM":0.221162606476,"REPORT_DATE_SQ":"2019-12-31 00:00:00","REPORT_TYPE_SQ":"2019年年报","OPERATE_INCOME_SQ":900800000,"DPS_HKD":null,"OPERATE_INCOME_QOQ_SQ":21.159298653367,"NET_PROFIT_RATIO_SQ":18.1072380107,"HOLDER_PROFIT_SQ":162478000,"HOLDER_PROFIT_QOQ_SQ":22.746262342391,"ROE_AVG_SQ":33.474977414208,"PE_TTM_SQ":1.812512905912,"PB_TTM_SQ":0.315187968737,"ROA_SQ":17.198981047332,"START_DATE":"2020-01-01 00:00:00","FISCAL_YEAR":"12-31","CURRENCY":"HKD","IS_CNY_CODE":0,"DPS_HKD_LY":0.098,"ORG_TYPE":"一般企业","PREMIUM_INCOME":null,"PREMIUM_INCOME_YOY":null,"NET_INTEREST_INCOME":null,"NET_INTEREST_INCOME_YOY":null,"FEE_COMMISSION_INCOME":null,"FEE_COMMISSION_INCOME_YOY":null,"ACCOUNTS_RECE_TDAYS":6.10573874787,"INVENTORY_TDAYS":1410.51902587519,"CURRENT_ASSETS_TDAYS":0.914425745432,"TOTAL_ASSETS_TDAYS":0.715585098679,"PREMIUM_EXPENSE":null,"LOAN_DEPOSIT":null,"LOAN_EQUITY":null,"LOAN_ASSETS":null,"DEPOSIT_EQUITY":null,"DEPOSIT_ASSETS":null,"EQUITY_MULTIPLIER":2.404740342438,"EQUITY_RATIO":1.531082070373},{"SECUCODE":"03662.HK","SECURITY_CODE":"03662","SECURITY_NAME_ABBR":"星悦康旅","ORG_CODE":"10971526","STD_REPORT_DATE":"2020-06-30 00:00:00","REPORT_DATE":"2020-06-30 00:00:00","DATE_TYPE_CODE":"002","REPORT_TYPE":"2020年中报","PER_NETCASH_OPERATE":0.146130120482,"PER_OI":0.755033390706,"BPS":1.22670292599,"BASIC_EPS":0.1529,"DILUTED_EPS":0.1529,"OPERATE_INCOME":548343000,"OPERATE_INCOME_YOY":39.5271468335,"GROSS_PROFIT":220953000,"GROSS_PROFIT_YOY":42.455658497901,"HOLDER_PROFIT":111044000,"HOLDER_PROFIT_YOY":23.4976262216,"GROSS_PROFIT_RATIO":40.138637976054,"EPS_TTM":0.252822030981,"OPERATE_INCOME_QOQ":17.19926731794,"NET_PROFIT_RATIO":20.4160967796,"ROE_AVG":12.79694647518,"GROSS_PROFIT_QOQ":19.11029093261,"ROA":7.384245347743,"HOLDER_PROFIT_QOQ":13.007299449772,"ROE_YEARLY":25.59389295036,"ROIC_YEARLY":37.194638547308,"TOTAL_ASSETS":1622087000,"TOTAL_LIABILITIES":729367000,"TAX_EBT":29.872716306888,"OCF_SALES":19.405476766894,"TOTAL_PARENT_EQUITY":890893000,"DEBT_ASSET_RATIO":44.9647275393,"OPERATE_PROFIT":169412000,"PRETAX_PROFIT":159172000,"NETCASH_OPERATE":105586000,"NETCASH_INVEST":-13439000,"NETCASH_FINANCE":71198000,"END_CASH":988487000,"DIVI_RATIO":null,"DIVIDEND_RATE":null,"CURRENT_RATIO":1.922329847236,"COMMON_ACS":10000000000,"CURRENTDEBT_DEBT":95.897538550551,"ISSUED_COMMON_SHARES":726250000,"HK_COMMON_SHARES":726250000,"PER_SHARES":1000,"TOTAL_MARKET_CAP":286868750,"HKSK_MARKET_CAP":286868750,"PE_TTM":1.476512290472,"PB_TTM":0.221162606476,"REPORT_DATE_SQ":"2019-06-30 00:00:00","REPORT_TYPE_SQ":"2019年中报","OPERATE_INCOME_SQ":391961000,"DPS_HKD":null,"OPERATE_INCOME_QOQ_SQ":20.142525875233,"NET_PROFIT_RATIO_SQ":22.9744796038,"HOLDER_PROFIT_SQ":89941000,"HOLDER_PROFIT_QOQ_SQ":69.391124078624,"ROE_AVG_SQ":20.026808994819,"PE_TTM_SQ":1.812512905912,"PB_TTM_SQ":0.315187968737,"ROA_SQ":10.33883624438,"START_DATE":"2020-01-01 00:00:00","FISCAL_YEAR":"12-31","CURRENCY":"HKD","IS_CNY_CODE":0,"DPS_HKD_LY":0.098,"ORG_TYPE":"一般企业","PREMIUM_INCOME":null,"PREMIUM_INCOME_YOY":null,"NET_INTEREST_INCOME":null,"NET_INTEREST_INCOME_YOY":null,"FEE_COMMISSION_INCOME":null,"FEE_COMMISSION_INCOME_YOY":null,"ACCOUNTS_RECE_TDAYS":3.142952125754,"INVENTORY_TDAYS":457.86993006993,"CURRENT_ASSETS_TDAYS":0.45981383531,"TOTAL_ASSETS_TDAYS":0.36357278476,"PREMIUM_EXPENSE":null,"LOAN_DEPOSIT":null,"LOAN_EQUITY":null,"LOAN_ASSETS":null,"DEPOSIT_EQUITY":null,"DEPOSIT_ASSETS":null,"EQUITY_MULTIPLIER":1.81701653374,"EQUITY_RATIO":0.818692031479}],"count":18},"success":true,"message":"ok","code":0}