{"version":"17e12decb914b663ee0355fe910144a3","result":{"pages":4,"data":[{"SECUCODE":"03666.HK","SECURITY_CODE":"03666","SECURITY_NAME_ABBR":"上海小南国","ORG_CODE":"10190915","STD_REPORT_DATE":"2024-06-30 00:00:00","REPORT_DATE":"2024-06-30 00:00:00","DATE_TYPE_CODE":"002","REPORT_TYPE":"2024年中报","PER_NETCASH_OPERATE":0.01022895748,"PER_OI":0.082411407703,"BPS":-0.048170134083,"BASIC_EPS":-0.0135,"DILUTED_EPS":-0.0135,"OPERATE_INCOME":182379000,"OPERATE_INCOME_YOY":-24.7201446332,"GROSS_PROFIT":118969000,"GROSS_PROFIT_YOY":-26.74051996995,"HOLDER_PROFIT":-29438000,"HOLDER_PROFIT_YOY":-837.217446673,"GROSS_PROFIT_RATIO":65.231742689674,"EPS_TTM":-0.032405781934,"OPERATE_INCOME_QOQ":-13.292744912205,"NET_PROFIT_RATIO":-16.1219219318,"ROE_AVG":32.358873737957,"GROSS_PROFIT_QOQ":-14.523799967892,"ROA":-13.103152047395,"HOLDER_PROFIT_QOQ":-57.899951561055,"ROE_YEARLY":64.717747475913,"ROIC_YEARLY":-28.237009397789,"TOTAL_ASSETS":193317000,"TOTAL_LIABILITIES":298298000,"TAX_EBT":-3.575454417359,"OCF_SALES":12.412064985552,"TOTAL_PARENT_EQUITY":-106602000,"DEBT_ASSET_RATIO":154.3051050865,"OPERATE_PROFIT":-24261000,"PRETAX_PROFIT":-28388000,"NETCASH_OPERATE":22637000,"NETCASH_INVEST":-7877000,"NETCASH_FINANCE":-26137000,"END_CASH":8442000,"DIVI_RATIO":null,"DIVIDEND_RATE":null,"CURRENT_RATIO":0.193548658282,"COMMON_ACS":10000000000,"CURRENTDEBT_DEBT":79.753803243736,"ISSUED_COMMON_SHARES":2213031000,"HK_COMMON_SHARES":2213031000,"PER_SHARES":2000,"TOTAL_MARKET_CAP":46473651,"HKSK_MARKET_CAP":46473651,"PE_TTM":-0.588529337099,"PB_TTM":-0.397887204693,"REPORT_DATE_SQ":"2023-06-30 00:00:00","REPORT_TYPE_SQ":"2023年中报","OPERATE_INCOME_SQ":242268000,"DPS_HKD":null,"OPERATE_INCOME_QOQ_SQ":29.836242798,"NET_PROFIT_RATIO_SQ":-1.4062938564,"HOLDER_PROFIT_SQ":-3141000,"HOLDER_PROFIT_QOQ_SQ":97.694574449645,"ROE_AVG_SQ":10.003025429531,"PE_TTM_SQ":77.724662183678,"PB_TTM_SQ":-4.008707256973,"ROA_SQ":-0.897914728117,"START_DATE":"2024-01-01 00:00:00","FISCAL_YEAR":"12-31","CURRENCY":"HKD","IS_CNY_CODE":0,"DPS_HKD_LY":null,"ORG_TYPE":"一般企业","PREMIUM_INCOME":null,"PREMIUM_INCOME_YOY":null,"NET_INTEREST_INCOME":null,"NET_INTEREST_INCOME_YOY":null,"FEE_COMMISSION_INCOME":null,"FEE_COMMISSION_INCOME_YOY":null,"ACCOUNTS_RECE_TDAYS":41.681864929722,"INVENTORY_TDAYS":11.679867378891,"CURRENT_ASSETS_TDAYS":3.287322344289,"TOTAL_ASSETS_TDAYS":0.811787406499,"PREMIUM_EXPENSE":null,"LOAN_DEPOSIT":null,"LOAN_EQUITY":null,"LOAN_ASSETS":null,"DEPOSIT_EQUITY":null,"DEPOSIT_ASSETS":null,"EQUITY_MULTIPLIER":-1.841447500023,"EQUITY_RATIO":-2.798240183111},{"SECUCODE":"03666.HK","SECURITY_CODE":"03666","SECURITY_NAME_ABBR":"上海小南国","ORG_CODE":"10190915","STD_REPORT_DATE":"2023-12-31 00:00:00","REPORT_DATE":"2023-12-31 00:00:00","DATE_TYPE_CODE":"001","REPORT_TYPE":"2023年年报","PER_NETCASH_OPERATE":0.021791380238,"PER_OI":0.203584586027,"BPS":-0.034046066232,"BASIC_EPS":-0.021,"DILUTED_EPS":-0.021,"OPERATE_INCOME":450539000,"OPERATE_INCOME_YOY":38.370228867,"GROSS_PROFIT":298992000,"GROSS_PROFIT_YOY":36.060068259386,"HOLDER_PROFIT":-45418000,"HOLDER_PROFIT_YOY":34.3935979661,"GROSS_PROFIT_RATIO":66.363178326405,"EPS_TTM":-0.020522984088,"OPERATE_INCOME_QOQ":6.572884338809,"NET_PROFIT_RATIO":-10.4696818699,"ROE_AVG":86.459423959186,"GROSS_PROFIT_QOQ":4.996786801656,"ROA":-14.319629981114,"HOLDER_PROFIT_QOQ":-2745.73934837093,"ROE_YEARLY":86.459423959186,"ROIC_YEARLY":-16.213099919145,"TOTAL_ASSETS":256010000,"TOTAL_LIABILITIES":329762000,"TAX_EBT":-17.449330212639,"OCF_SALES":10.703845837985,"TOTAL_PARENT_EQUITY":-75345000,"DEBT_ASSET_RATIO":128.8082496777,"OPERATE_PROFIT":-29252000,"PRETAX_PROFIT":-40162000,"NETCASH_OPERATE":48225000,"NETCASH_INVEST":11812000,"NETCASH_FINANCE":-86887000,"END_CASH":20658000,"DIVI_RATIO":null,"DIVIDEND_RATE":null,"CURRENT_RATIO":0.276450221244,"COMMON_ACS":10000000000,"CURRENTDEBT_DEBT":71.205596763727,"ISSUED_COMMON_SHARES":2213031000,"HK_COMMON_SHARES":2213031000,"PER_SHARES":2000,"TOTAL_MARKET_CAP":50899713,"HKSK_MARKET_CAP":50899713,"PE_TTM":-0.644579750156,"PB_TTM":-0.435781224188,"REPORT_DATE_SQ":"2022-12-31 00:00:00","REPORT_TYPE_SQ":"2022年年报","OPERATE_INCOME_SQ":325604000,"DPS_HKD":null,"OPERATE_INCOME_QOQ_SQ":-27.714716401409,"NET_PROFIT_RATIO_SQ":-20.4039262417,"HOLDER_PROFIT_SQ":-69228000,"HOLDER_PROFIT_QOQ_SQ":53.030097429913,"ROE_AVG_SQ":-1941.33482893999,"PE_TTM_SQ":53.809381511777,"PB_TTM_SQ":-2.775258870212,"ROA_SQ":-15.229990947101,"START_DATE":"2023-01-01 00:00:00","FISCAL_YEAR":"12-31","CURRENCY":"HKD","IS_CNY_CODE":0,"DPS_HKD_LY":null,"ORG_TYPE":"一般企业","PREMIUM_INCOME":null,"PREMIUM_INCOME_YOY":null,"NET_INTEREST_INCOME":null,"NET_INTEREST_INCOME_YOY":null,"FEE_COMMISSION_INCOME":null,"FEE_COMMISSION_INCOME_YOY":null,"ACCOUNTS_RECE_TDAYS":88.340980392157,"INVENTORY_TDAYS":23.019214703425,"CURRENT_ASSETS_TDAYS":5.354157877536,"TOTAL_ASSETS_TDAYS":1.420483458554,"PREMIUM_EXPENSE":null,"LOAN_DEPOSIT":null,"LOAN_EQUITY":null,"LOAN_ASSETS":null,"DEPOSIT_EQUITY":null,"DEPOSIT_ASSETS":null,"EQUITY_MULTIPLIER":-3.47122789891,"EQUITY_RATIO":-4.376693874842},{"SECUCODE":"03666.HK","SECURITY_CODE":"03666","SECURITY_NAME_ABBR":"上海小南国","ORG_CODE":"10190915","STD_REPORT_DATE":"2023-06-30 00:00:00","REPORT_DATE":"2023-06-30 00:00:00","DATE_TYPE_CODE":"002","REPORT_TYPE":"2023年中报","PER_NETCASH_OPERATE":0.019524353703,"PER_OI":0.109473387404,"BPS":-0.014949632427,"BASIC_EPS":-0.0014,"DILUTED_EPS":-0.0014,"OPERATE_INCOME":242268000,"OPERATE_INCOME_YOY":66.9432194046,"GROSS_PROFIT":162394000,"GROSS_PROFIT_YOY":66.761483246219,"HOLDER_PROFIT":-3141000,"HOLDER_PROFIT_YOY":95.5618668136,"GROSS_PROFIT_RATIO":67.030726303102,"EPS_TTM":-0.000721182848,"OPERATE_INCOME_QOQ":29.836242798,"NET_PROFIT_RATIO":-1.4062938564,"ROE_AVG":10.003025429531,"GROSS_PROFIT_QOQ":29.584982935154,"ROA":-0.897914728117,"HOLDER_PROFIT_QOQ":97.694574449645,"ROE_YEARLY":20.006050859063,"ROIC_YEARLY":-2.15833641119,"TOTAL_ASSETS":321285000,"TOTAL_LIABILITIES":355061000,"TAX_EBT":-115.088383838384,"OCF_SALES":17.834794525071,"TOTAL_PARENT_EQUITY":-33084000,"DEBT_ASSET_RATIO":110.5127845993,"OPERATE_PROFIT":4271000,"PRETAX_PROFIT":-1584000,"NETCASH_OPERATE":43208000,"NETCASH_INVEST":13173000,"NETCASH_FINANCE":-43023000,"END_CASH":66366000,"DIVI_RATIO":null,"DIVIDEND_RATE":null,"CURRENT_RATIO":0.393474773371,"COMMON_ACS":10000000000,"CURRENTDEBT_DEBT":73.384010071509,"ISSUED_COMMON_SHARES":2213031000,"HK_COMMON_SHARES":2213031000,"PER_SHARES":2000,"TOTAL_MARKET_CAP":50899713,"HKSK_MARKET_CAP":50899713,"PE_TTM":-0.644579750156,"PB_TTM":-0.435781224188,"REPORT_DATE_SQ":"2022-06-30 00:00:00","REPORT_TYPE_SQ":"2022年中报","OPERATE_INCOME_SQ":145120000,"DPS_HKD":null,"OPERATE_INCOME_QOQ_SQ":-34.861615838801,"NET_PROFIT_RATIO_SQ":-47.1940463065,"HOLDER_PROFIT_SQ":-70773000,"HOLDER_PROFIT_QOQ_SQ":-78.938422688423,"ROE_AVG_SQ":-5030.06396588486,"PE_TTM_SQ":53.809381511777,"PB_TTM_SQ":-2.775258870212,"ROA_SQ":-14.751274293915,"START_DATE":"2023-01-01 00:00:00","FISCAL_YEAR":"12-31","CURRENCY":"HKD","IS_CNY_CODE":0,"DPS_HKD_LY":null,"ORG_TYPE":"一般企业","PREMIUM_INCOME":null,"PREMIUM_INCOME_YOY":null,"NET_INTEREST_INCOME":null,"NET_INTEREST_INCOME_YOY":null,"FEE_COMMISSION_INCOME":null,"FEE_COMMISSION_INCOME_YOY":null,"ACCOUNTS_RECE_TDAYS":46.787949015064,"INVENTORY_TDAYS":11.06441335365,"CURRENT_ASSETS_TDAYS":2.353201719239,"TOTAL_ASSETS_TDAYS":0.692569262501,"PREMIUM_EXPENSE":null,"LOAN_DEPOSIT":null,"LOAN_EQUITY":null,"LOAN_ASSETS":null,"DEPOSIT_EQUITY":null,"DEPOSIT_ASSETS":null,"EQUITY_MULTIPLIER":-9.512227617282,"EQUITY_RATIO":-10.732106154032},{"SECUCODE":"03666.HK","SECURITY_CODE":"03666","SECURITY_NAME_ABBR":"上海小南国","ORG_CODE":"10190915","STD_REPORT_DATE":"2022-12-31 00:00:00","REPORT_DATE":"2022-12-31 00:00:00","DATE_TYPE_CODE":"001","REPORT_TYPE":"2022年年报","PER_NETCASH_OPERATE":0.032876629383,"PER_OI":0.147130338436,"BPS":-0.013428189664,"BASIC_EPS":-0.032,"DILUTED_EPS":-0.032,"OPERATE_INCOME":325604000,"OPERATE_INCOME_YOY":-52.9145342775,"GROSS_PROFIT":219750000,"GROSS_PROFIT_YOY":-53.126499792029,"HOLDER_PROFIT":-69228000,"HOLDER_PROFIT_YOY":15.9527972028,"GROSS_PROFIT_RATIO":67.489957125834,"EPS_TTM":-0.031281983849,"OPERATE_INCOME_QOQ":-27.714716401409,"NET_PROFIT_RATIO":-20.4039262417,"ROE_AVG":-1941.33482893999,"GROSS_PROFIT_QOQ":-29.026131948414,"ROA":-15.229990947101,"HOLDER_PROFIT_QOQ":53.030097429913,"ROE_YEARLY":-1941.33482893999,"ROIC_YEARLY":-17.751360942801,"TOTAL_ASSETS":378336000,"TOTAL_LIABILITIES":408476000,"TAX_EBT":28.358530851683,"OCF_SALES":22.34524145895,"TOTAL_PARENT_EQUITY":-29717000,"DEBT_ASSET_RATIO":107.9664636725,"OPERATE_PROFIT":-76875000,"PRETAX_PROFIT":-92734000,"NETCASH_OPERATE":71749000,"NETCASH_INVEST":-9162000,"NETCASH_FINANCE":-96057000,"END_CASH":47575000,"DIVI_RATIO":null,"DIVIDEND_RATE":null,"CURRENT_RATIO":0.368343980589,"COMMON_ACS":10000000000,"CURRENTDEBT_DEBT":68.710768808939,"ISSUED_COMMON_SHARES":2213031000,"HK_COMMON_SHARES":2213031000,"PER_SHARES":2000,"TOTAL_MARKET_CAP":50899713,"HKSK_MARKET_CAP":50899713,"PE_TTM":-0.644579750156,"PB_TTM":-0.435781224188,"REPORT_DATE_SQ":"2021-12-31 00:00:00","REPORT_TYPE_SQ":"2021年年报","OPERATE_INCOME_SQ":691517000,"DPS_HKD":null,"OPERATE_INCOME_QOQ_SQ":-11.153752264464,"NET_PROFIT_RATIO_SQ":-12.6935418797,"HOLDER_PROFIT_SQ":-82368000,"HOLDER_PROFIT_QOQ_SQ":59.287451313786,"ROE_AVG_SQ":-108.535323920649,"PE_TTM_SQ":53.809381511777,"PB_TTM_SQ":-2.775258870212,"ROA_SQ":-14.620470042574,"START_DATE":"2022-01-01 00:00:00","FISCAL_YEAR":"12-31","CURRENCY":"HKD","IS_CNY_CODE":0,"DPS_HKD_LY":null,"ORG_TYPE":"一般企业","PREMIUM_INCOME":null,"PREMIUM_INCOME_YOY":null,"NET_INTEREST_INCOME":null,"NET_INTEREST_INCOME_YOY":null,"FEE_COMMISSION_INCOME":null,"FEE_COMMISSION_INCOME_YOY":null,"ACCOUNTS_RECE_TDAYS":63.669143527571,"INVENTORY_TDAYS":11.746546080009,"CURRENT_ASSETS_TDAYS":2.128123764301,"TOTAL_ASSETS_TDAYS":0.716320848839,"PREMIUM_EXPENSE":null,"LOAN_DEPOSIT":null,"LOAN_EQUITY":null,"LOAN_ASSETS":null,"DEPOSIT_EQUITY":null,"DEPOSIT_ASSETS":null,"EQUITY_MULTIPLIER":-12.552621101531,"EQUITY_RATIO":-13.745532859979},{"SECUCODE":"03666.HK","SECURITY_CODE":"03666","SECURITY_NAME_ABBR":"上海小南国","ORG_CODE":"10190915","STD_REPORT_DATE":"2022-06-30 00:00:00","REPORT_DATE":"2022-06-30 00:00:00","DATE_TYPE_CODE":"002","REPORT_TYPE":"2022年中报","PER_NETCASH_OPERATE":0.016841607732,"PER_OI":0.065575222399,"BPS":-0.015379359801,"BASIC_EPS":null,"DILUTED_EPS":null,"OPERATE_INCOME":145120000,"OPERATE_INCOME_YOY":-62.4230309119,"GROSS_PROFIT":97381000,"GROSS_PROFIT_YOY":-62.045795576342,"HOLDER_PROFIT":-70773000,"HOLDER_PROFIT_YOY":-1130.1929428124,"GROSS_PROFIT_RATIO":67.103776185226,"EPS_TTM":-0.066600061183,"OPERATE_INCOME_QOQ":-34.861615838801,"NET_PROFIT_RATIO":-47.1940463065,"ROE_AVG":-5030.06396588486,"GROSS_PROFIT_QOQ":-33.956678007316,"ROA":-14.751274293915,"HOLDER_PROFIT_QOQ":-78.938422688423,"ROE_YEARLY":-10060.1279317697,"ROIC_YEARLY":-34.223375794407,"TOTAL_ASSETS":428786000,"TOTAL_LIABILITIES":461697000,"TAX_EBT":7.25312821624,"OCF_SALES":25.682883131202,"TOTAL_PARENT_EQUITY":-34035000,"DEBT_ASSET_RATIO":107.6753905211,"OPERATE_PROFIT":-66177000,"PRETAX_PROFIT":-73844000,"NETCASH_OPERATE":37271000,"NETCASH_INVEST":-5621000,"NETCASH_FINANCE":-56727000,"END_CASH":53943000,"DIVI_RATIO":null,"DIVIDEND_RATE":null,"CURRENT_RATIO":0.438991454043,"COMMON_ACS":10000000000,"CURRENTDEBT_DEBT":66.883908710691,"ISSUED_COMMON_SHARES":2213031000,"HK_COMMON_SHARES":2213031000,"PER_SHARES":2000,"TOTAL_MARKET_CAP":50899713,"HKSK_MARKET_CAP":50899713,"PE_TTM":-0.644579750156,"PB_TTM":-0.435781224188,"REPORT_DATE_SQ":"2021-06-30 00:00:00","REPORT_TYPE_SQ":"2021年中报","OPERATE_INCOME_SQ":386194000,"DPS_HKD":null,"OPERATE_INCOME_QOQ_SQ":20.786298895383,"NET_PROFIT_RATIO_SQ":-1.3894571122,"HOLDER_PROFIT_SQ":-5753000,"HOLDER_PROFIT_QOQ_SQ":36.528711976709,"ROE_AVG_SQ":-4.951607142089,"PE_TTM_SQ":53.809381511777,"PB_TTM_SQ":-2.775258870212,"ROA_SQ":-0.945739569001,"START_DATE":"2022-01-01 00:00:00","FISCAL_YEAR":"12-31","CURRENCY":"HKD","IS_CNY_CODE":0,"DPS_HKD_LY":null,"ORG_TYPE":"一般企业","PREMIUM_INCOME":null,"PREMIUM_INCOME_YOY":null,"NET_INTEREST_INCOME":null,"NET_INTEREST_INCOME_YOY":null,"FEE_COMMISSION_INCOME":null,"FEE_COMMISSION_INCOME_YOY":null,"ACCOUNTS_RECE_TDAYS":30.949029643847,"INVENTORY_TDAYS":4.917490729295,"CURRENT_ASSETS_TDAYS":0.85824117334,"TOTAL_ASSETS_TDAYS":0.302474803319,"PREMIUM_EXPENSE":null,"LOAN_DEPOSIT":null,"LOAN_EQUITY":null,"LOAN_ASSETS":null,"DEPOSIT_EQUITY":null,"DEPOSIT_ASSETS":null,"EQUITY_MULTIPLIER":-13.028653034018,"EQUITY_RATIO":-13.56535918907},{"SECUCODE":"03666.HK","SECURITY_CODE":"03666","SECURITY_NAME_ABBR":"上海小南国","ORG_CODE":"10190915","STD_REPORT_DATE":"2021-12-31 00:00:00","REPORT_DATE":"2021-12-31 00:00:00","DATE_TYPE_CODE":"001","REPORT_TYPE":"2021年年报","PER_NETCASH_OPERATE":0.041787936997,"PER_OI":0.312475062482,"BPS":0.016650919034,"BASIC_EPS":-0.039,"DILUTED_EPS":-0.039,"OPERATE_INCOME":691517000,"OPERATE_INCOME_YOY":7.3140943472,"GROSS_PROFIT":468815000,"GROSS_PROFIT_YOY":7.347135974794,"HOLDER_PROFIT":-82368000,"HOLDER_PROFIT_YOY":74.1592209618,"GROSS_PROFIT_RATIO":67.795151818394,"EPS_TTM":-0.037219541886,"OPERATE_INCOME_QOQ":-11.153752264464,"NET_PROFIT_RATIO":-12.6935418797,"ROE_AVG":-108.535323920649,"GROSS_PROFIT_QOQ":-10.666681910772,"ROA":-14.620470042574,"HOLDER_PROFIT_QOQ":59.287451313786,"ROE_YEARLY":-108.535323920649,"ROIC_YEARLY":-17.682765164729,"TOTAL_ASSETS":530765000,"TOTAL_LIABILITIES":495074000,"TAX_EBT":-0.713662857405,"OCF_SALES":13.373207021664,"TOTAL_PARENT_EQUITY":36849000,"DEBT_ASSET_RATIO":93.275555095,"OPERATE_PROFIT":-68373000,"PRETAX_PROFIT":-87156000,"NETCASH_OPERATE":92478000,"NETCASH_INVEST":3014000,"NETCASH_FINANCE":-132165000,"END_CASH":78453000,"DIVI_RATIO":null,"DIVIDEND_RATE":null,"CURRENT_RATIO":0.669065080786,"COMMON_ACS":10000000000,"CURRENTDEBT_DEBT":61.17045128607,"ISSUED_COMMON_SHARES":2213031000,"HK_COMMON_SHARES":2213031000,"PER_SHARES":2000,"TOTAL_MARKET_CAP":50899713,"HKSK_MARKET_CAP":50899713,"PE_TTM":-0.644579750156,"PB_TTM":-0.435781224188,"REPORT_DATE_SQ":"2020-12-31 00:00:00","REPORT_TYPE_SQ":"2020年年报","OPERATE_INCOME_SQ":644386000,"DPS_HKD":null,"OPERATE_INCOME_QOQ_SQ":-20.625695956799,"NET_PROFIT_RATIO_SQ":-49.7416144981,"HOLDER_PROFIT_SQ":-318752000,"HOLDER_PROFIT_QOQ_SQ":-23.268260990626,"ROE_AVG_SQ":-114.113464767353,"PE_TTM_SQ":53.809381511777,"PB_TTM_SQ":-2.775258870212,"ROA_SQ":-39.101127454769,"START_DATE":"2021-01-01 00:00:00","FISCAL_YEAR":"12-31","CURRENCY":"HKD","IS_CNY_CODE":0,"DPS_HKD_LY":null,"ORG_TYPE":"一般企业","PREMIUM_INCOME":null,"PREMIUM_INCOME_YOY":null,"NET_INTEREST_INCOME":null,"NET_INTEREST_INCOME_YOY":null,"FEE_COMMISSION_INCOME":null,"FEE_COMMISSION_INCOME_YOY":null,"ACCOUNTS_RECE_TDAYS":62.603385841028,"INVENTORY_TDAYS":17.109207544271,"CURRENT_ASSETS_TDAYS":3.055314636652,"TOTAL_ASSETS_TDAYS":1.22745527176,"PREMIUM_EXPENSE":null,"LOAN_DEPOSIT":null,"LOAN_EQUITY":null,"LOAN_ASSETS":null,"DEPOSIT_EQUITY":null,"DEPOSIT_ASSETS":null,"EQUITY_MULTIPLIER":14.871115967601,"EQUITY_RATIO":13.435208553828},{"SECUCODE":"03666.HK","SECURITY_CODE":"03666","SECURITY_NAME_ABBR":"上海小南国","ORG_CODE":"10190915","STD_REPORT_DATE":"2021-06-30 00:00:00","REPORT_DATE":"2021-06-30 00:00:00","DATE_TYPE_CODE":"002","REPORT_TYPE":"2021年中报","PER_NETCASH_OPERATE":0.028899278862,"PER_OI":0.174509078273,"BPS":0.053066134184,"BASIC_EPS":-0.0027,"DILUTED_EPS":null,"OPERATE_INCOME":386194000,"OPERATE_INCOME_YOY":53.0997026759,"GROSS_PROFIT":256575000,"GROSS_PROFIT_YOY":52.260993412854,"HOLDER_PROFIT":-5753000,"HOLDER_PROFIT_YOY":95.2917202039,"GROSS_PROFIT_RATIO":66.436816729416,"EPS_TTM":-0.09142031901,"OPERATE_INCOME_QOQ":20.786298895383,"NET_PROFIT_RATIO":-1.3894571122,"ROE_AVG":-4.951607142089,"GROSS_PROFIT_QOQ":20.164724954663,"ROA":-0.945739569001,"HOLDER_PROFIT_QOQ":36.528711976709,"ROE_YEARLY":-9.903214284177,"ROIC_YEARLY":-2.296104943131,"TOTAL_ASSETS":620630000,"TOTAL_LIABILITIES":498553000,"TAX_EBT":-31.005859375,"OCF_SALES":16.560329782441,"TOTAL_PARENT_EQUITY":117437000,"DEBT_ASSET_RATIO":80.3301483976,"OPERATE_PROFIT":5324000,"PRETAX_PROFIT":-4096000,"NETCASH_OPERATE":63955000,"NETCASH_INVEST":-2877000,"NETCASH_FINANCE":-85455000,"END_CASH":91920000,"DIVI_RATIO":null,"DIVIDEND_RATE":null,"CURRENT_RATIO":0.737875770068,"COMMON_ACS":10000000000,"CURRENTDEBT_DEBT":60.624647730532,"ISSUED_COMMON_SHARES":2213031000,"HK_COMMON_SHARES":2213031000,"PER_SHARES":2000,"TOTAL_MARKET_CAP":50899713,"HKSK_MARKET_CAP":50899713,"PE_TTM":-0.644579750156,"PB_TTM":-0.435781224188,"REPORT_DATE_SQ":"2020-06-30 00:00:00","REPORT_TYPE_SQ":"2020年中报","OPERATE_INCOME_SQ":252250000,"DPS_HKD":null,"OPERATE_INCOME_QOQ_SQ":-33.936007200187,"NET_PROFIT_RATIO_SQ":-48.124876115,"HOLDER_PROFIT_SQ":-122189000,"HOLDER_PROFIT_QOQ_SQ":-57.22163785713,"ROE_AVG_SQ":-32.444352395443,"PE_TTM_SQ":53.809381511777,"PB_TTM_SQ":-2.775258870212,"ROA_SQ":-12.94821466512,"START_DATE":"2021-01-01 00:00:00","FISCAL_YEAR":"12-31","CURRENCY":"HKD","IS_CNY_CODE":0,"DPS_HKD_LY":null,"ORG_TYPE":"一般企业","PREMIUM_INCOME":null,"PREMIUM_INCOME_YOY":null,"NET_INTEREST_INCOME":null,"NET_INTEREST_INCOME_YOY":null,"FEE_COMMISSION_INCOME":null,"FEE_COMMISSION_INCOME_YOY":null,"ACCOUNTS_RECE_TDAYS":29.042601992856,"INVENTORY_TDAYS":8.649627973708,"CURRENT_ASSETS_TDAYS":1.632727780056,"TOTAL_ASSETS_TDAYS":0.634866933966,"PREMIUM_EXPENSE":null,"LOAN_DEPOSIT":null,"LOAN_EQUITY":null,"LOAN_ASSETS":null,"DEPOSIT_EQUITY":null,"DEPOSIT_ASSETS":null,"EQUITY_MULTIPLIER":5.083922442394,"EQUITY_RATIO":4.24528044824},{"SECUCODE":"03666.HK","SECURITY_CODE":"03666","SECURITY_NAME_ABBR":"上海小南国","ORG_CODE":"10190915","STD_REPORT_DATE":"2020-12-31 00:00:00","REPORT_DATE":"2020-12-31 00:00:00","DATE_TYPE_CODE":"001","REPORT_TYPE":"2020年年报","PER_NETCASH_OPERATE":0.021024558626,"PER_OI":0.291178026878,"BPS":0.051934202458,"BASIC_EPS":-0.15,"DILUTED_EPS":-0.15,"OPERATE_INCOME":644386000,"OPERATE_INCOME_YOY":-47.562165492,"GROSS_PROFIT":436728000,"GROSS_PROFIT_YOY":-49.042463446992,"HOLDER_PROFIT":-318752000,"HOLDER_PROFIT_YOY":-93.8043788875,"GROSS_PROFIT_RATIO":67.774284357512,"EPS_TTM":-0.144034132373,"OPERATE_INCOME_QOQ":-20.625695956799,"NET_PROFIT_RATIO":-49.7416144981,"ROE_AVG":-114.113464767353,"GROSS_PROFIT_QOQ":-20.890347683379,"ROA":-39.101127454769,"HOLDER_PROFIT_QOQ":-23.268260990626,"ROE_YEARLY":-114.113464767353,"ROIC_YEARLY":-47.364577165142,"TOTAL_ASSETS":595984000,"TOTAL_LIABILITIES":476593000,"TAX_EBT":-12.546524529839,"OCF_SALES":7.220516895153,"TOTAL_PARENT_EQUITY":114932000,"DEBT_ASSET_RATIO":79.9674152326,"OPERATE_PROFIT":-133560000,"PRETAX_PROFIT":-284796000,"NETCASH_OPERATE":46528000,"NETCASH_INVEST":-6952000,"NETCASH_FINANCE":-82358000,"END_CASH":113200000,"DIVI_RATIO":null,"DIVIDEND_RATE":null,"CURRENT_RATIO":0.736434428161,"COMMON_ACS":10000000000,"CURRENTDEBT_DEBT":71.242338850969,"ISSUED_COMMON_SHARES":2213031000,"HK_COMMON_SHARES":2213031000,"PER_SHARES":2000,"TOTAL_MARKET_CAP":50899713,"HKSK_MARKET_CAP":50899713,"PE_TTM":-0.644579750156,"PB_TTM":-0.435781224188,"REPORT_DATE_SQ":"2019-12-31 00:00:00","REPORT_TYPE_SQ":"2019年年报","OPERATE_INCOME_SQ":1228857000,"DPS_HKD":null,"OPERATE_INCOME_QOQ_SQ":-12.022087960944,"NET_PROFIT_RATIO_SQ":-13.285516541,"HOLDER_PROFIT_SQ":-164471000,"HOLDER_PROFIT_QOQ_SQ":-22.373345436418,"ROE_AVG_SQ":-29.688281259872,"PE_TTM_SQ":53.809381511777,"PB_TTM_SQ":-2.775258870212,"ROA_SQ":-14.634246170068,"START_DATE":"2020-01-01 00:00:00","FISCAL_YEAR":"12-31","CURRENCY":"HKD","IS_CNY_CODE":0,"DPS_HKD_LY":null,"ORG_TYPE":"一般企业","PREMIUM_INCOME":null,"PREMIUM_INCOME_YOY":null,"NET_INTEREST_INCOME":null,"NET_INTEREST_INCOME_YOY":null,"FEE_COMMISSION_INCOME":null,"FEE_COMMISSION_INCOME_YOY":null,"ACCOUNTS_RECE_TDAYS":44.348657949071,"INVENTORY_TDAYS":10.816365861916,"CURRENT_ASSETS_TDAYS":2.153840497359,"TOTAL_ASSETS_TDAYS":0.790464659549,"PREMIUM_EXPENSE":null,"LOAN_DEPOSIT":null,"LOAN_EQUITY":null,"LOAN_ASSETS":null,"DEPOSIT_EQUITY":null,"DEPOSIT_ASSETS":null,"EQUITY_MULTIPLIER":4.99186705865,"EQUITY_RATIO":4.146738941287},{"SECUCODE":"03666.HK","SECURITY_CODE":"03666","SECURITY_NAME_ABBR":"上海小南国","ORG_CODE":"10190915","STD_REPORT_DATE":"2020-06-30 00:00:00","REPORT_DATE":"2020-06-30 00:00:00","DATE_TYPE_CODE":"002","REPORT_TYPE":"2020年中报","PER_NETCASH_OPERATE":-0.003466286735,"PER_OI":0.113983943289,"BPS":0.139851633348,"BASIC_EPS":-0.058,"DILUTED_EPS":null,"OPERATE_INCOME":252250000,"OPERATE_INCOME_YOY":-62.3099622726,"GROSS_PROFIT":168510000,"GROSS_PROFIT_YOY":-64.411751661566,"HOLDER_PROFIT":-122189000,"HOLDER_PROFIT_YOY":-335.2080068386,"GROSS_PROFIT_RATIO":66.802775024777,"EPS_TTM":-0.116846081234,"OPERATE_INCOME_QOQ":-33.936007200187,"NET_PROFIT_RATIO":-48.124876115,"ROE_AVG":-32.444352395443,"GROSS_PROFIT_QOQ":-35.58619579181,"ROA":-12.94821466512,"HOLDER_PROFIT_QOQ":-57.22163785713,"ROE_YEARLY":-64.888704790885,"ROIC_YEARLY":-30.855399013018,"TOTAL_ASSETS":852935000,"TOTAL_LIABILITIES":536477000,"TAX_EBT":9.255023322569,"OCF_SALES":-3.041030723489,"TOTAL_PARENT_EQUITY":309496000,"DEBT_ASSET_RATIO":62.8977589148,"OPERATE_PROFIT":-105032000,"PRETAX_PROFIT":-133776000,"NETCASH_OPERATE":-7671000,"NETCASH_INVEST":-5095000,"NETCASH_FINANCE":-13768000,"END_CASH":126836000,"DIVI_RATIO":null,"DIVIDEND_RATE":null,"CURRENT_RATIO":0.779468380613,"COMMON_ACS":10000000000,"CURRENTDEBT_DEBT":68.849549934107,"ISSUED_COMMON_SHARES":2213031000,"HK_COMMON_SHARES":2213031000,"PER_SHARES":2000,"TOTAL_MARKET_CAP":50899713,"HKSK_MARKET_CAP":50899713,"PE_TTM":-0.644579750156,"PB_TTM":-0.435781224188,"REPORT_DATE_SQ":"2019-06-30 00:00:00","REPORT_TYPE_SQ":"2019年中报","OPERATE_INCOME_SQ":669275000,"DPS_HKD":null,"OPERATE_INCOME_QOQ_SQ":-6.731486409155,"NET_PROFIT_RATIO_SQ":-3.9819207351,"HOLDER_PROFIT_SQ":-28076000,"HOLDER_PROFIT_QOQ_SQ":-76.768992003367,"ROE_AVG_SQ":-4.479931578763,"PE_TTM_SQ":53.809381511777,"PB_TTM_SQ":-2.775258870212,"ROA_SQ":-2.10676549665,"START_DATE":"2020-01-01 00:00:00","FISCAL_YEAR":"12-31","CURRENCY":"HKD","IS_CNY_CODE":0,"DPS_HKD_LY":null,"ORG_TYPE":"一般企业","PREMIUM_INCOME":null,"PREMIUM_INCOME_YOY":null,"NET_INTEREST_INCOME":null,"NET_INTEREST_INCOME_YOY":null,"FEE_COMMISSION_INCOME":null,"FEE_COMMISSION_INCOME_YOY":null,"ACCOUNTS_RECE_TDAYS":20.164674847116,"INVENTORY_TDAYS":3.719463444968,"CURRENT_ASSETS_TDAYS":0.792964697746,"TOTAL_ASSETS_TDAYS":0.267306152704,"PREMIUM_EXPENSE":null,"LOAN_DEPOSIT":null,"LOAN_EQUITY":null,"LOAN_ASSETS":null,"DEPOSIT_EQUITY":null,"DEPOSIT_ASSETS":null,"EQUITY_MULTIPLIER":2.695254978543,"EQUITY_RATIO":1.733389122961}],"count":32},"success":true,"message":"ok","code":0}