{"version":"9bd08fc5cf329ade919f086825504fde","result":{"pages":4,"data":[{"SECUCODE":"03678.HK","SECURITY_CODE":"03678","SECURITY_NAME_ABBR":"弘业期货","ORG_CODE":"10047623","STD_REPORT_DATE":"2024-09-30 00:00:00","REPORT_DATE":"2024-09-30 00:00:00","DATE_TYPE_CODE":"004","REPORT_TYPE":"2024年三季报","PER_NETCASH_OPERATE":2.418141683007,"PER_OI":1.972175115217,"BPS":1.844212235398,"BASIC_EPS":0.0163,"DILUTED_EPS":0.0163,"OPERATE_INCOME":1987514255.44,"OPERATE_INCOME_YOY":82.1691667215,"GROSS_PROFIT":null,"GROSS_PROFIT_YOY":null,"HOLDER_PROFIT":16419986.6,"HOLDER_PROFIT_YOY":1702.659181358,"GROSS_PROFIT_RATIO":null,"EPS_TTM":0.023120778805,"OPERATE_INCOME_QOQ":37.802692078495,"NET_PROFIT_RATIO":0.8261569221,"ROE_AVG":0.88611806075,"GROSS_PROFIT_QOQ":null,"ROA":0.154084627335,"HOLDER_PROFIT_QOQ":73.043057533411,"ROE_YEARLY":1.181490747667,"ROIC_YEARLY":0.344440875425,"TOTAL_ASSETS":11999868714.45,"TOTAL_LIABILITIES":10141312605.7,"TAX_EBT":24.529456797086,"OCF_SALES":122.612929468046,"TOTAL_PARENT_EQUITY":1858556108.75,"DEBT_ASSET_RATIO":84.5118629797,"OPERATE_PROFIT":19221377.68,"PRETAX_PROFIT":21756815.18,"NETCASH_OPERATE":2436949452.19,"NETCASH_INVEST":-178229023.58,"NETCASH_FINANCE":-149905668.04,"END_CASH":6915986078.89,"DIVI_RATIO":0.171674303596,"DIVIDEND_RATE":0.162222222222,"CURRENT_RATIO":1.149629330527,"COMMON_ACS":null,"CURRENTDEBT_DEBT":97.396298463558,"ISSUED_COMMON_SHARES":1007777778,"HK_COMMON_SHARES":249700000,"PER_SHARES":1000,"TOTAL_MARKET_CAP":2721000000.6,"HKSK_MARKET_CAP":674190000,"PE_TTM":105.410475737186,"PB_TTM":1.320256396344,"REPORT_DATE_SQ":"2023-09-30 00:00:00","REPORT_TYPE_SQ":"2023年三季报","OPERATE_INCOME_SQ":1091026704.03,"DPS_HKD":0.00438,"OPERATE_INCOME_QOQ_SQ":-2.240720277863,"NET_PROFIT_RATIO_SQ":0.0834879492,"HOLDER_PROFIT_SQ":910875.82,"HOLDER_PROFIT_QOQ_SQ":1.284527379356,"ROE_AVG_SQ":0.04950453869,"PE_TTM_SQ":-80.483161029418,"PB_TTM_SQ":0.682542364954,"ROA_SQ":0.009612870306,"START_DATE":"2024-01-01 00:00:00","FISCAL_YEAR":"12-31","CURRENCY":"HKD","IS_CNY_CODE":0,"DPS_HKD_LY":0.00438,"ORG_TYPE":"证券","PREMIUM_INCOME":null,"PREMIUM_INCOME_YOY":null,"NET_INTEREST_INCOME":89185979.1,"NET_INTEREST_INCOME_YOY":null,"FEE_COMMISSION_INCOME":132665130.96,"FEE_COMMISSION_INCOME_YOY":-11.417488724808,"ACCOUNTS_RECE_TDAYS":null,"INVENTORY_TDAYS":null,"CURRENT_ASSETS_TDAYS":0.197577799827,"TOTAL_ASSETS_TDAYS":0.186507699935,"PREMIUM_EXPENSE":null,"LOAN_DEPOSIT":null,"LOAN_EQUITY":null,"LOAN_ASSETS":null,"DEPOSIT_EQUITY":null,"DEPOSIT_ASSETS":null,"EQUITY_MULTIPLIER":6.456554449959,"EQUITY_RATIO":5.45655444996},{"SECUCODE":"03678.HK","SECURITY_CODE":"03678","SECURITY_NAME_ABBR":"弘业期货","ORG_CODE":"10047623","STD_REPORT_DATE":"2024-06-30 00:00:00","REPORT_DATE":"2024-06-30 00:00:00","DATE_TYPE_CODE":"002","REPORT_TYPE":"2024年中报","PER_NETCASH_OPERATE":2.309829430333,"PER_OI":1.020535192115,"BPS":1.843118068545,"BASIC_EPS":0.0127,"DILUTED_EPS":0.0127,"OPERATE_INCOME":1028472688.28,"OPERATE_INCOME_YOY":12.8965587698,"GROSS_PROFIT":null,"GROSS_PROFIT_YOY":null,"HOLDER_PROFIT":12800679.99,"HOLDER_PROFIT_YOY":79.6090412414,"GROSS_PROFIT_RATIO":null,"EPS_TTM":0.013361286569,"OPERATE_INCOME_QOQ":5.304780598431,"NET_PROFIT_RATIO":1.244630036,"ROE_AVG":0.691004805086,"GROSS_PROFIT_QOQ":null,"ROA":0.115646725745,"HOLDER_PROFIT_QOQ":219.102356043901,"ROE_YEARLY":1.382009610172,"ROIC_YEARLY":0.498519489733,"TOTAL_ASSETS":12824479985.49,"TOTAL_LIABILITIES":10967026553.78,"TAX_EBT":22.964984104172,"OCF_SALES":226.335108106076,"TOTAL_PARENT_EQUITY":1857453431.71,"DEBT_ASSET_RATIO":85.5163450385,"OPERATE_PROFIT":14636231.03,"PRETAX_PROFIT":16616703.25,"NETCASH_OPERATE":2327794770.86,"NETCASH_INVEST":-191260183.61,"NETCASH_FINANCE":-118318230.63,"END_CASH":6831604177.41,"DIVI_RATIO":0.297070463942,"DIVIDEND_RATE":0.147474747475,"CURRENT_RATIO":1.151347298382,"COMMON_ACS":null,"CURRENTDEBT_DEBT":95.949652020612,"ISSUED_COMMON_SHARES":1007777778,"HK_COMMON_SHARES":249700000,"PER_SHARES":1000,"TOTAL_MARKET_CAP":2993100000.66,"HKSK_MARKET_CAP":741609000,"PE_TTM":115.951523310905,"PB_TTM":1.452282035978,"REPORT_DATE_SQ":"2023-06-30 00:00:00","REPORT_TYPE_SQ":"2023年中报","OPERATE_INCOME_SQ":910986747.06,"DPS_HKD":0.00438,"OPERATE_INCOME_QOQ_SQ":13.571047607851,"NET_PROFIT_RATIO_SQ":0.7823350486,"HOLDER_PROFIT_SQ":7126968.61,"HOLDER_PROFIT_QOQ_SQ":-241.048469289008,"ROE_AVG_SQ":0.386601139659,"PE_TTM_SQ":-94.686071799315,"PB_TTM_SQ":0.802991017593,"ROA_SQ":0.070912305447,"START_DATE":"2024-01-01 00:00:00","FISCAL_YEAR":"12-31","CURRENCY":"HKD","IS_CNY_CODE":0,"DPS_HKD_LY":0.00438,"ORG_TYPE":"证券","PREMIUM_INCOME":null,"PREMIUM_INCOME_YOY":null,"NET_INTEREST_INCOME":57626389.63,"NET_INTEREST_INCOME_YOY":null,"FEE_COMMISSION_INCOME":91820499.7,"FEE_COMMISSION_INCOME_YOY":3.816189310792,"ACCOUNTS_RECE_TDAYS":null,"INVENTORY_TDAYS":null,"CURRENT_ASSETS_TDAYS":0.098517263723,"TOTAL_ASSETS_TDAYS":0.09291654741,"PREMIUM_EXPENSE":null,"LOAN_DEPOSIT":null,"LOAN_EQUITY":null,"LOAN_ASSETS":null,"DEPOSIT_EQUITY":null,"DEPOSIT_ASSETS":null,"EQUITY_MULTIPLIER":6.904334594121,"EQUITY_RATIO":5.904334594103},{"SECUCODE":"03678.HK","SECURITY_CODE":"03678","SECURITY_NAME_ABBR":"弘业期货","ORG_CODE":"10047623","STD_REPORT_DATE":"2024-03-31 00:00:00","REPORT_DATE":"2024-03-31 00:00:00","DATE_TYPE_CODE":"003","REPORT_TYPE":"2024年一季报","PER_NETCASH_OPERATE":1.686172215855,"PER_OI":0.177595005583,"BPS":1.820128232337,"BASIC_EPS":-0.0132,"DILUTED_EPS":-0.0132,"OPERATE_INCOME":178976300.11,"OPERATE_INCOME_YOY":8.2740502878,"GROSS_PROFIT":null,"GROSS_PROFIT_YOY":null,"HOLDER_PROFIT":-13266963.32,"HOLDER_PROFIT_YOY":-327.5594290107,"GROSS_PROFIT_RATIO":null,"EPS_TTM":-0.011218322637,"OPERATE_INCOME_QOQ":0.703829957259,"NET_PROFIT_RATIO":-7.4126928045,"ROE_AVG":-0.720682398097,"GROSS_PROFIT_QOQ":null,"ROA":-0.127469617449,"HOLDER_PROFIT_QOQ":-245.101477433672,"ROE_YEARLY":-2.88272959239,"ROIC_YEARLY":-1.085783705479,"TOTAL_ASSETS":11502806021.9,"TOTAL_LIABILITIES":9668521236.24,"TAX_EBT":19.667514312065,"OCF_SALES":949.447992821176,"TOTAL_PARENT_EQUITY":1834284785.66,"DEBT_ASSET_RATIO":84.0535884708,"OPERATE_PROFIT":-16469257.37,"PRETAX_PROFIT":-16515066.36,"NETCASH_OPERATE":1699286889.02,"NETCASH_INVEST":-319563327,"NETCASH_FINANCE":-15242242,"END_CASH":6177146104.81,"DIVI_RATIO":-0.353817921666,"DIVIDEND_RATE":0.147474747475,"CURRENT_RATIO":1.165584120217,"COMMON_ACS":null,"CURRENTDEBT_DEBT":96.904687685245,"ISSUED_COMMON_SHARES":1007777778,"HK_COMMON_SHARES":249700000,"PER_SHARES":1000,"TOTAL_MARKET_CAP":2993100000.66,"HKSK_MARKET_CAP":741609000,"PE_TTM":115.951523310905,"PB_TTM":1.452282035978,"REPORT_DATE_SQ":"2023-03-31 00:00:00","REPORT_TYPE_SQ":"2023年一季报","OPERATE_INCOME_SQ":165299348.86,"DPS_HKD":0.00438,"OPERATE_INCOME_QOQ_SQ":-2.944453157834,"NET_PROFIT_RATIO_SQ":3.5270007355,"HOLDER_PROFIT_SQ":5830109.25,"HOLDER_PROFIT_QOQ_SQ":-9.839659297773,"ROE_AVG_SQ":0.317097194669,"PE_TTM_SQ":-94.686071799315,"PB_TTM_SQ":0.802991017593,"ROA_SQ":0.057964787508,"START_DATE":"2024-01-01 00:00:00","FISCAL_YEAR":"12-31","CURRENCY":"HKD","IS_CNY_CODE":0,"DPS_HKD_LY":0.00438,"ORG_TYPE":"证券","PREMIUM_INCOME":null,"PREMIUM_INCOME_YOY":null,"NET_INTEREST_INCOME":25726973,"NET_INTEREST_INCOME_YOY":null,"FEE_COMMISSION_INCOME":36553399.42,"FEE_COMMISSION_INCOME_YOY":-19.988008931171,"ACCOUNTS_RECE_TDAYS":null,"INVENTORY_TDAYS":null,"CURRENT_ASSETS_TDAYS":0.01818471262,"TOTAL_ASSETS_TDAYS":0.017196128426,"PREMIUM_EXPENSE":null,"LOAN_DEPOSIT":null,"LOAN_EQUITY":null,"LOAN_ASSETS":null,"DEPOSIT_EQUITY":null,"DEPOSIT_ASSETS":null,"EQUITY_MULTIPLIER":6.271003342469,"EQUITY_RATIO":5.271003342461},{"SECUCODE":"03678.HK","SECURITY_CODE":"03678","SECURITY_NAME_ABBR":"弘业期货","ORG_CODE":"10047623","STD_REPORT_DATE":"2023-12-31 00:00:00","REPORT_DATE":"2023-12-31 00:00:00","DATE_TYPE_CODE":"001","REPORT_TYPE":"2023年年报","PER_NETCASH_OPERATE":-1.604670103918,"PER_OI":1.928220844427,"BPS":1.83323481211,"BASIC_EPS":0.0077,"DILUTED_EPS":0.0077,"OPERATE_INCOME":1943218118.09,"OPERATE_INCOME_YOY":27.1950477472,"GROSS_PROFIT":null,"GROSS_PROFIT_YOY":null,"HOLDER_PROFIT":7791496.31,"HOLDER_PROFIT_YOY":-37.0735461949,"GROSS_PROFIT_RATIO":null,"EPS_TTM":0.007731363481,"OPERATE_INCOME_QOQ":18.038645380319,"NET_PROFIT_RATIO":0.4009584018,"ROE_AVG":0.422897302963,"GROSS_PROFIT_QOQ":null,"ROA":0.078713886045,"HOLDER_PROFIT_QOQ":150.126122053492,"ROE_YEARLY":0.422897302963,"ROIC_YEARLY":0.181039369131,"TOTAL_ASSETS":9313077143.89,"TOTAL_LIABILITIES":7465583838.39,"TAX_EBT":25.597235825852,"OCF_SALES":-83.220244639316,"TOTAL_PARENT_EQUITY":1847493305.5,"DEBT_ASSET_RATIO":80.1623751532,"OPERATE_PROFIT":6549979.03,"PRETAX_PROFIT":10472052.21,"NETCASH_OPERATE":-1617150871.75,"NETCASH_INVEST":121902982.52,"NETCASH_FINANCE":-9788714.96,"END_CASH":4812444833.69,"DIVI_RATIO":0.513395031762,"DIVIDEND_RATE":0.147474747475,"CURRENT_RATIO":1.213639718732,"COMMON_ACS":null,"CURRENTDEBT_DEBT":96.72293913529,"ISSUED_COMMON_SHARES":1007777778,"HK_COMMON_SHARES":249700000,"PER_SHARES":1000,"TOTAL_MARKET_CAP":2993100000.66,"HKSK_MARKET_CAP":741609000,"PE_TTM":115.951523310905,"PB_TTM":1.452282035978,"REPORT_DATE_SQ":"2022-12-31 00:00:00","REPORT_TYPE_SQ":"2022年年报","OPERATE_INCOME_SQ":1527746679.22,"DPS_HKD":0.00438,"OPERATE_INCOME_QOQ_SQ":27.873216076228,"NET_PROFIT_RATIO_SQ":0.8104687294,"HOLDER_PROFIT_SQ":12381909.1,"HOLDER_PROFIT_QOQ_SQ":-78.264731861256,"ROE_AVG_SQ":0.703619324272,"PE_TTM_SQ":-94.686071799315,"PB_TTM_SQ":0.802991017593,"ROA_SQ":0.13337522749,"START_DATE":"2023-01-01 00:00:00","FISCAL_YEAR":"12-31","CURRENCY":"HKD","IS_CNY_CODE":0,"DPS_HKD_LY":null,"ORG_TYPE":"证券","PREMIUM_INCOME":null,"PREMIUM_INCOME_YOY":null,"NET_INTEREST_INCOME":101599422.92,"NET_INTEREST_INCOME_YOY":null,"FEE_COMMISSION_INCOME":203142884.07,"FEE_COMMISSION_INCOME_YOY":-17.370992174868,"ACCOUNTS_RECE_TDAYS":null,"INVENTORY_TDAYS":null,"CURRENT_ASSETS_TDAYS":0.207232117972,"TOTAL_ASSETS_TDAYS":0.196314345052,"PREMIUM_EXPENSE":null,"LOAN_DEPOSIT":null,"LOAN_EQUITY":null,"LOAN_ASSETS":null,"DEPOSIT_EQUITY":null,"DEPOSIT_ASSETS":null,"EQUITY_MULTIPLIER":5.040926057039,"EQUITY_RATIO":4.040926057034},{"SECUCODE":"03678.HK","SECURITY_CODE":"03678","SECURITY_NAME_ABBR":"弘业期货","ORG_CODE":"10047623","STD_REPORT_DATE":"2023-09-30 00:00:00","REPORT_DATE":"2023-09-30 00:00:00","DATE_TYPE_CODE":"004","REPORT_TYPE":"2023年三季报","PER_NETCASH_OPERATE":-2.263358175248,"PER_OI":1.082606431544,"BPS":1.828423939786,"BASIC_EPS":0.0009,"DILUTED_EPS":0.0009,"OPERATE_INCOME":1091026704.03,"OPERATE_INCOME_YOY":12.1858145819,"GROSS_PROFIT":null,"GROSS_PROFIT_YOY":null,"HOLDER_PROFIT":910875.82,"HOLDER_PROFIT_YOY":-96.8412476124,"GROSS_PROFIT_RATIO":null,"EPS_TTM":-0.015423821282,"OPERATE_INCOME_QOQ":-2.240720277863,"NET_PROFIT_RATIO":0.0834879492,"ROE_AVG":0.04950453869,"GROSS_PROFIT_QOQ":null,"ROA":0.009612870306,"HOLDER_PROFIT_QOQ":1.284527379356,"ROE_YEARLY":0.066006051587,"ROIC_YEARLY":0.020974958849,"TOTAL_ASSETS":8467243864.02,"TOTAL_LIABILITIES":6624598848.74,"TAX_EBT":49.710540841687,"OCF_SALES":-209.065650203121,"TOTAL_PARENT_EQUITY":1842645015.28,"DEBT_ASSET_RATIO":78.2379597792,"OPERATE_PROFIT":1332939.54,"PRETAX_PROFIT":1811265.89,"NETCASH_OPERATE":-2280962072.67,"NETCASH_INVEST":-143660341.99,"NETCASH_FINANCE":1951857.96,"END_CASH":3898335309.03,"DIVI_RATIO":-0.257345020238,"DIVIDEND_RATE":0.147474747475,"CURRENT_RATIO":1.227067512622,"COMMON_ACS":null,"CURRENTDEBT_DEBT":97.961760355411,"ISSUED_COMMON_SHARES":1007777778,"HK_COMMON_SHARES":249700000,"PER_SHARES":1000,"TOTAL_MARKET_CAP":2993100000.66,"HKSK_MARKET_CAP":741609000,"PE_TTM":115.951523310905,"PB_TTM":1.452282035978,"REPORT_DATE_SQ":"2022-09-30 00:00:00","REPORT_TYPE_SQ":"2022年三季报","OPERATE_INCOME_SQ":972517522.02,"DPS_HKD":0.00438,"OPERATE_INCOME_QOQ_SQ":-26.106388747072,"NET_PROFIT_RATIO_SQ":2.9651464994,"HOLDER_PROFIT_SQ":28836569.26,"HOLDER_PROFIT_QOQ_SQ":-18.810037867206,"ROE_AVG_SQ":1.616267424568,"PE_TTM_SQ":-94.686071799315,"PB_TTM_SQ":0.802991017593,"ROA_SQ":0.333036717316,"START_DATE":"2023-01-01 00:00:00","FISCAL_YEAR":"12-31","CURRENCY":"HKD","IS_CNY_CODE":0,"DPS_HKD_LY":null,"ORG_TYPE":"证券","PREMIUM_INCOME":null,"PREMIUM_INCOME_YOY":null,"NET_INTEREST_INCOME":71948393.9,"NET_INTEREST_INCOME_YOY":null,"FEE_COMMISSION_INCOME":149764472.75,"FEE_COMMISSION_INCOME_YOY":-20.303572855222,"ACCOUNTS_RECE_TDAYS":null,"INVENTORY_TDAYS":null,"CURRENT_ASSETS_TDAYS":0.121538762267,"TOTAL_ASSETS_TDAYS":0.115140812566,"PREMIUM_EXPENSE":null,"LOAN_DEPOSIT":null,"LOAN_EQUITY":null,"LOAN_ASSETS":null,"DEPOSIT_EQUITY":null,"DEPOSIT_ASSETS":null,"EQUITY_MULTIPLIER":4.595157392661,"EQUITY_RATIO":3.595157392664},{"SECUCODE":"03678.HK","SECURITY_CODE":"03678","SECURITY_NAME_ABBR":"弘业期货","ORG_CODE":"10047623","STD_REPORT_DATE":"2023-06-30 00:00:00","REPORT_DATE":"2023-06-30 00:00:00","DATE_TYPE_CODE":"002","REPORT_TYPE":"2023年中报","PER_NETCASH_OPERATE":-1.442191493143,"PER_OI":0.90395597814,"BPS":1.835388739362,"BASIC_EPS":0.0071,"DILUTED_EPS":0.0071,"OPERATE_INCOME":910986747.06,"OPERATE_INCOME_YOY":20.7014110146,"GROSS_PROFIT":null,"GROSS_PROFIT_YOY":null,"HOLDER_PROFIT":7126968.61,"HOLDER_PROFIT_YOY":-79.7844733879,"GROSS_PROFIT_RATIO":null,"EPS_TTM":-0.015624522552,"OPERATE_INCOME_QOQ":13.571047607851,"NET_PROFIT_RATIO":0.7823350486,"ROE_AVG":0.386601139659,"GROSS_PROFIT_QOQ":null,"ROA":0.070912305447,"HOLDER_PROFIT_QOQ":-241.048469289008,"ROE_YEARLY":0.773202279318,"ROIC_YEARLY":0.317060836995,"TOTAL_ASSETS":9616866402.16,"TOTAL_LIABILITIES":7767202416.64,"TAX_EBT":30.553616815186,"OCF_SALES":-159.542226393583,"TOTAL_PARENT_EQUITY":1849663985.52,"DEBT_ASSET_RATIO":80.7664585514,"OPERATE_PROFIT":10162706.35,"PRETAX_PROFIT":10262548.29,"NETCASH_OPERATE":-1453408538.41,"NETCASH_INVEST":-167236533.77,"NETCASH_FINANCE":26159314.62,"END_CASH":4727059232.57,"DIVI_RATIO":-0.254039352993,"DIVIDEND_RATE":0.147474747475,"CURRENT_RATIO":1.206136726901,"COMMON_ACS":null,"CURRENTDEBT_DEBT":97.351780161937,"ISSUED_COMMON_SHARES":1007777778,"HK_COMMON_SHARES":249700000,"PER_SHARES":1000,"TOTAL_MARKET_CAP":2993100000.66,"HKSK_MARKET_CAP":741609000,"PE_TTM":115.951523310905,"PB_TTM":1.452282035978,"REPORT_DATE_SQ":"2022-06-30 00:00:00","REPORT_TYPE_SQ":"2022年中报","OPERATE_INCOME_SQ":754744074.16,"DPS_HKD":0.00438,"OPERATE_INCOME_QOQ_SQ":-1.404560332201,"NET_PROFIT_RATIO_SQ":4.671109789,"HOLDER_PROFIT_SQ":35254924.33,"HOLDER_PROFIT_QOQ_SQ":-12.525033110454,"ROE_AVG_SQ":2.070605401091,"PE_TTM_SQ":-94.686071799315,"PB_TTM_SQ":0.802991017593,"ROA_SQ":0.344804608316,"START_DATE":"2023-01-01 00:00:00","FISCAL_YEAR":"12-31","CURRENCY":"HKD","IS_CNY_CODE":0,"DPS_HKD_LY":null,"ORG_TYPE":"证券","PREMIUM_INCOME":null,"PREMIUM_INCOME_YOY":null,"NET_INTEREST_INCOME":42261745.52,"NET_INTEREST_INCOME_YOY":null,"FEE_COMMISSION_INCOME":88445261.1,"FEE_COMMISSION_INCOME_YOY":-39.400292103844,"ACCOUNTS_RECE_TDAYS":null,"INVENTORY_TDAYS":null,"CURRENT_ASSETS_TDAYS":0.095338226051,"TOTAL_ASSETS_TDAYS":0.090641861921,"PREMIUM_EXPENSE":null,"LOAN_DEPOSIT":null,"LOAN_EQUITY":null,"LOAN_ASSETS":null,"DEPOSIT_EQUITY":null,"DEPOSIT_ASSETS":null,"EQUITY_MULTIPLIER":5.199250500343,"EQUITY_RATIO":4.199250500331},{"SECUCODE":"03678.HK","SECURITY_CODE":"03678","SECURITY_NAME_ABBR":"弘业期货","ORG_CODE":"10047623","STD_REPORT_DATE":"2023-03-31 00:00:00","REPORT_DATE":"2023-03-31 00:00:00","DATE_TYPE_CODE":"003","REPORT_TYPE":"2023年一季报","PER_NETCASH_OPERATE":-1.785517220117,"PER_OI":0.164023609637,"BPS":1.825651494252,"BASIC_EPS":0.0058,"DILUTED_EPS":0.0058,"OPERATE_INCOME":165299348.86,"OPERATE_INCOME_YOY":-21.3920082137,"GROSS_PROFIT":null,"GROSS_PROFIT_YOY":null,"HOLDER_PROFIT":5830109.25,"HOLDER_PROFIT_YOY":-17.2851932323,"GROSS_PROFIT_RATIO":null,"EPS_TTM":0.011077413765,"OPERATE_INCOME_QOQ":-2.944453157834,"NET_PROFIT_RATIO":3.5270007355,"ROE_AVG":0.317097194669,"GROSS_PROFIT_QOQ":null,"ROA":0.057964787508,"HOLDER_PROFIT_QOQ":-9.839659297773,"ROE_YEARLY":1.268388778676,"ROIC_YEARLY":0.501140276056,"TOTAL_ASSETS":9632108986.79,"TOTAL_LIABILITIES":7792257980.51,"TAX_EBT":24.743663747246,"OCF_SALES":-1088.57329994325,"TOTAL_PARENT_EQUITY":1839851006.28,"DEBT_ASSET_RATIO":80.8987729603,"OPERATE_PROFIT":7490377.32,"PRETAX_PROFIT":7747001.17,"NETCASH_OPERATE":-1799404576.67,"NETCASH_INVEST":-57325941.44,"NETCASH_FINANCE":-28103896.28,"END_CASH":4460421716.83,"DIVI_RATIO":0.358318618789,"DIVIDEND_RATE":0.147474747475,"CURRENT_RATIO":1.205219585549,"COMMON_ACS":null,"CURRENTDEBT_DEBT":97.443016602526,"ISSUED_COMMON_SHARES":1007777778,"HK_COMMON_SHARES":249700000,"PER_SHARES":1000,"TOTAL_MARKET_CAP":2993100000.66,"HKSK_MARKET_CAP":741609000,"PE_TTM":115.951523310905,"PB_TTM":1.452282035978,"REPORT_DATE_SQ":"2022-03-31 00:00:00","REPORT_TYPE_SQ":"2022年一季报","OPERATE_INCOME_SQ":210283134.2,"DPS_HKD":0.00438,"OPERATE_INCOME_QOQ_SQ":0,"NET_PROFIT_RATIO_SQ":3.3518840904,"HOLDER_PROFIT_SQ":7048446.92,"HOLDER_PROFIT_QOQ_SQ":0,"ROE_AVG_SQ":null,"PE_TTM_SQ":-94.686071799315,"PB_TTM_SQ":0.802991017593,"ROA_SQ":null,"START_DATE":"2023-01-01 00:00:00","FISCAL_YEAR":"12-31","CURRENCY":"HKD","IS_CNY_CODE":0,"DPS_HKD_LY":null,"ORG_TYPE":"证券","PREMIUM_INCOME":null,"PREMIUM_INCOME_YOY":null,"NET_INTEREST_INCOME":20439199.15,"NET_INTEREST_INCOME_YOY":null,"FEE_COMMISSION_INCOME":45684901.64,"FEE_COMMISSION_INCOME_YOY":-41.416163221756,"ACCOUNTS_RECE_TDAYS":13.199997832732,"INVENTORY_TDAYS":null,"CURRENT_ASSETS_TDAYS":0.017271160929,"TOTAL_ASSETS_TDAYS":0.016434583335,"PREMIUM_EXPENSE":null,"LOAN_DEPOSIT":null,"LOAN_EQUITY":null,"LOAN_ASSETS":null,"DEPOSIT_EQUITY":null,"DEPOSIT_ASSETS":null,"EQUITY_MULTIPLIER":5.235265765501,"EQUITY_RATIO":4.235265765495},{"SECUCODE":"03678.HK","SECURITY_CODE":"03678","SECURITY_NAME_ABBR":"弘业期货","ORG_CODE":"10047623","STD_REPORT_DATE":"2022-12-31 00:00:00","REPORT_DATE":"2022-12-31 00:00:00","DATE_TYPE_CODE":"001","REPORT_TYPE":"2022年年报","PER_NETCASH_OPERATE":1.910229594882,"PER_OI":1.515955910689,"BPS":1.823143900659,"BASIC_EPS":0.0132,"DILUTED_EPS":0.0132,"OPERATE_INCOME":1527746679.22,"OPERATE_INCOME_YOY":-6.8370338007,"GROSS_PROFIT":null,"GROSS_PROFIT_YOY":null,"HOLDER_PROFIT":12381909.1,"HOLDER_PROFIT_YOY":-84.5634185821,"GROSS_PROFIT_RATIO":null,"EPS_TTM":0.012286348608,"OPERATE_INCOME_QOQ":27.873216076228,"NET_PROFIT_RATIO":0.8104687294,"ROE_AVG":0.703619324272,"GROSS_PROFIT_QOQ":null,"ROA":0.13337522749,"HOLDER_PROFIT_QOQ":-78.264731861256,"ROE_YEARLY":0.703619324272,"ROIC_YEARLY":0.306683242851,"TOTAL_ASSETS":10483928699.73,"TOTAL_LIABILITIES":8646604790.55,"TAX_EBT":22.161161955976,"OCF_SALES":126.008255346552,"TOTAL_PARENT_EQUITY":1837323909.18,"DEBT_ASSET_RATIO":82.4748530651,"OPERATE_PROFIT":15971750.15,"PRETAX_PROFIT":15907109.37,"NETCASH_OPERATE":1925086936.6,"NETCASH_INVEST":148934030.09,"NETCASH_FINANCE":119817041.2,"END_CASH":6316445892.54,"DIVI_RATIO":0.3230612875,"DIVIDEND_RATE":0.147474747475,"CURRENT_RATIO":1.188204189042,"COMMON_ACS":null,"CURRENTDEBT_DEBT":97.240419147747,"ISSUED_COMMON_SHARES":1007777778,"HK_COMMON_SHARES":249700000,"PER_SHARES":1000,"TOTAL_MARKET_CAP":2993100000.66,"HKSK_MARKET_CAP":741609000,"PE_TTM":115.951523310905,"PB_TTM":1.452282035978,"REPORT_DATE_SQ":"2021-12-31 00:00:00","REPORT_TYPE_SQ":"2021年年报","OPERATE_INCOME_SQ":1639864789.14,"DPS_HKD":0.00438,"OPERATE_INCOME_QOQ_SQ":-3.547349213056,"NET_PROFIT_RATIO_SQ":4.8913466526,"HOLDER_PROFIT_SQ":80211471.47,"HOLDER_PROFIT_QOQ_SQ":17.895303751084,"ROE_AVG_SQ":4.819192172348,"PE_TTM_SQ":-94.686071799315,"PB_TTM_SQ":0.802991017593,"ROA_SQ":1.111557794803,"START_DATE":"2022-01-01 00:00:00","FISCAL_YEAR":"12-31","CURRENCY":"HKD","IS_CNY_CODE":0,"DPS_HKD_LY":0.03318,"ORG_TYPE":"证券","PREMIUM_INCOME":null,"PREMIUM_INCOME_YOY":null,"NET_INTEREST_INCOME":92221690.44,"NET_INTEREST_INCOME_YOY":null,"FEE_COMMISSION_INCOME":245849356.56,"FEE_COMMISSION_INCOME_YOY":-13.987392980487,"ACCOUNTS_RECE_TDAYS":null,"INVENTORY_TDAYS":null,"CURRENT_ASSETS_TDAYS":0.172644814067,"TOTAL_ASSETS_TDAYS":0.164565544168,"PREMIUM_EXPENSE":null,"LOAN_DEPOSIT":null,"LOAN_EQUITY":null,"LOAN_ASSETS":null,"DEPOSIT_EQUITY":null,"DEPOSIT_ASSETS":null,"EQUITY_MULTIPLIER":5.706086252598,"EQUITY_RATIO":4.706086252592},{"SECUCODE":"03678.HK","SECURITY_CODE":"03678","SECURITY_NAME_ABBR":"弘业期货","ORG_CODE":"10047623","STD_REPORT_DATE":"2022-09-30 00:00:00","REPORT_DATE":"2022-09-30 00:00:00","DATE_TYPE_CODE":"004","REPORT_TYPE":"2022年三季报","PER_NETCASH_OPERATE":0.478865882534,"PER_OI":0.965011873897,"BPS":1.871568185065,"BASIC_EPS":0.0314,"DILUTED_EPS":0.0314,"OPERATE_INCOME":972517522.02,"OPERATE_INCOME_YOY":-31.3991680285,"GROSS_PROFIT":null,"GROSS_PROFIT_YOY":null,"HOLDER_PROFIT":28836569.26,"HOLDER_PROFIT_YOY":-44.6314530124,"GROSS_PROFIT_RATIO":null,"EPS_TTM":0.056527246545,"OPERATE_INCOME_QOQ":-26.106388747072,"NET_PROFIT_RATIO":2.9651464994,"ROE_AVG":1.616267424568,"GROSS_PROFIT_QOQ":null,"ROA":0.333036717316,"HOLDER_PROFIT_QOQ":-18.810037867206,"ROE_YEARLY":2.155023232757,"ROIC_YEARLY":0.687653843206,"TOTAL_ASSETS":9234250292.45,"TOTAL_LIABILITIES":7348125465.53,"TAX_EBT":22.63167479406,"OCF_SALES":49.622796929933,"TOTAL_PARENT_EQUITY":1886124826.92,"DEBT_ASSET_RATIO":79.5746837352,"OPERATE_PROFIT":36815971.16,"PRETAX_PROFIT":37271802.36,"NETCASH_OPERATE":482590395.06,"NETCASH_INVEST":-2713001.1,"NETCASH_FINANCE":144897071.94,"END_CASH":4749600966.29,"DIVI_RATIO":0.070218237091,"DIVIDEND_RATE":0.147474747475,"CURRENT_RATIO":1.221726201332,"COMMON_ACS":null,"CURRENTDEBT_DEBT":98.132192586887,"ISSUED_COMMON_SHARES":1007777778,"HK_COMMON_SHARES":249700000,"PER_SHARES":1000,"TOTAL_MARKET_CAP":2993100000.66,"HKSK_MARKET_CAP":741609000,"PE_TTM":115.951523310905,"PB_TTM":1.452282035978,"REPORT_DATE_SQ":"2021-09-30 00:00:00","REPORT_TYPE_SQ":"2021年三季报","OPERATE_INCOME_SQ":1417646833.24,"DPS_HKD":0.00438,"OPERATE_INCOME_QOQ_SQ":0,"NET_PROFIT_RATIO_SQ":3.6737737911,"HOLDER_PROFIT_SQ":52081137.81,"HOLDER_PROFIT_QOQ_SQ":0,"ROE_AVG_SQ":null,"PE_TTM_SQ":-94.686071799315,"PB_TTM_SQ":0.802991017593,"ROA_SQ":null,"START_DATE":"2022-01-01 00:00:00","FISCAL_YEAR":"12-31","CURRENCY":"HKD","IS_CNY_CODE":0,"DPS_HKD_LY":0.03318,"ORG_TYPE":"证券","PREMIUM_INCOME":null,"PREMIUM_INCOME_YOY":null,"NET_INTEREST_INCOME":74271039.61,"NET_INTEREST_INCOME_YOY":null,"FEE_COMMISSION_INCOME":187918678.56,"FEE_COMMISSION_INCOME_YOY":-14.176656013702,"ACCOUNTS_RECE_TDAYS":null,"INVENTORY_TDAYS":null,"CURRENT_ASSETS_TDAYS":0.117756377647,"TOTAL_ASSETS_TDAYS":0.112317120718,"PREMIUM_EXPENSE":null,"LOAN_DEPOSIT":null,"LOAN_EQUITY":null,"LOAN_ASSETS":null,"DEPOSIT_EQUITY":null,"DEPOSIT_ASSETS":null,"EQUITY_MULTIPLIER":4.895885023447,"EQUITY_RATIO":3.895885023437}],"count":32},"success":true,"message":"ok","code":0}