{"version":"69d0750c63aa5b9e9d747b1f6e1411c1","result":{"pages":3,"data":[{"SECUCODE":"03689.HK","SECURITY_CODE":"03689","SECURITY_NAME_ABBR":"康华医疗","ORG_CODE":"10547336","STD_REPORT_DATE":"2024-06-30 00:00:00","REPORT_DATE":"2024-06-30 00:00:00","DATE_TYPE_CODE":"002","REPORT_TYPE":"2024年中报","PER_NETCASH_OPERATE":0.145884794584,"PER_OI":2.944185601416,"BPS":4.200562809141,"BASIC_EPS":-0.058,"DILUTED_EPS":-0.058,"OPERATE_INCOME":984518000,"OPERATE_INCOME_YOY":-0.3017727631,"GROSS_PROFIT":146399000,"GROSS_PROFIT_YOY":-14.383545621484,"HOLDER_PROFIT":-19542000,"HOLDER_PROFIT_YOY":-138.578620077,"GROSS_PROFIT_RATIO":14.870119185226,"EPS_TTM":0.152110982853,"OPERATE_INCOME_QOQ":-0.145945506495,"NET_PROFIT_RATIO":-2.5044742707,"ROE_AVG":-1.381632251943,"GROSS_PROFIT_QOQ":-6.750006861158,"ROA":-0.740550562319,"HOLDER_PROFIT_QOQ":-57.98433860336,"ROE_YEARLY":-2.763264503886,"ROIC_YEARLY":-1.68384300848,"TOTAL_ASSETS":2652709000,"TOTAL_LIABILITIES":1225492000,"TAX_EBT":-695.387096774194,"OCF_SALES":4.955013519306,"TOTAL_PARENT_EQUITY":1404643000,"DEBT_ASSET_RATIO":46.1977548235,"OPERATE_PROFIT":13961000,"PRETAX_PROFIT":-3100000,"NETCASH_OPERATE":48783000,"NETCASH_INVEST":-49824000,"NETCASH_FINANCE":-198102000,"END_CASH":105920000,"DIVI_RATIO":null,"DIVIDEND_RATE":null,"CURRENT_RATIO":1.243468615965,"COMMON_ACS":null,"CURRENTDEBT_DEBT":63.048473592647,"ISSUED_COMMON_SHARES":334394000,"HK_COMMON_SHARES":84394000,"PER_SHARES":200,"TOTAL_MARKET_CAP":692195580,"HKSK_MARKET_CAP":174695580,"PE_TTM":12.093525684945,"PB_TTM":0.449760588245,"REPORT_DATE_SQ":"2023-06-30 00:00:00","REPORT_TYPE_SQ":"2023年中报","OPERATE_INCOME_SQ":987498000,"DPS_HKD":null,"OPERATE_INCOME_QOQ_SQ":6.760607336345,"NET_PROFIT_RATIO_SQ":2.9737781747,"HOLDER_PROFIT_SQ":50655000,"HOLDER_PROFIT_QOQ_SQ":90.814654607419,"ROE_AVG_SQ":3.323089518738,"PE_TTM_SQ":5.709718844538,"PB_TTM_SQ":0.437689042039,"ROA_SQ":1.88387021434,"START_DATE":"2024-01-01 00:00:00","FISCAL_YEAR":"12-31","CURRENCY":"HKD","IS_CNY_CODE":0,"DPS_HKD_LY":null,"ORG_TYPE":"一般企业","PREMIUM_INCOME":null,"PREMIUM_INCOME_YOY":null,"NET_INTEREST_INCOME":null,"NET_INTEREST_INCOME_YOY":null,"FEE_COMMISSION_INCOME":null,"FEE_COMMISSION_INCOME_YOY":null,"ACCOUNTS_RECE_TDAYS":2.995943606082,"INVENTORY_TDAYS":11.970734424544,"CURRENT_ASSETS_TDAYS":0.957573323049,"TOTAL_ASSETS_TDAYS":0.373086356828,"PREMIUM_EXPENSE":null,"LOAN_DEPOSIT":null,"LOAN_EQUITY":null,"LOAN_ASSETS":null,"DEPOSIT_EQUITY":null,"DEPOSIT_ASSETS":null,"EQUITY_MULTIPLIER":1.858658494119,"EQUITY_RATIO":0.872457983986},{"SECUCODE":"03689.HK","SECURITY_CODE":"03689","SECURITY_NAME_ABBR":"康华医疗","ORG_CODE":"10547336","STD_REPORT_DATE":"2023-12-31 00:00:00","REPORT_DATE":"2023-12-31 00:00:00","DATE_TYPE_CODE":"001","REPORT_TYPE":"2023年年报","PER_NETCASH_OPERATE":0.610641937355,"PER_OI":6.106144249,"BPS":4.259002852922,"BASIC_EPS":0.362,"DILUTED_EPS":0.362,"OPERATE_INCOME":2041858000,"OPERATE_INCOME_YOY":10.6318536784,"GROSS_PROFIT":364370000,"GROSS_PROFIT_YOY":39.418404438492,"HOLDER_PROFIT":121062000,"HOLDER_PROFIT_YOY":102.7941102568,"GROSS_PROFIT_RATIO":17.845021544104,"EPS_TTM":0.362034007787,"OPERATE_INCOME_QOQ":3.626099961988,"NET_PROFIT_RATIO":4.4578516234,"ROE_AVG":8.282863390431,"GROSS_PROFIT_QOQ":5.976656457866,"ROA":4.530492186097,"HOLDER_PROFIT_QOQ":3.953356574903,"ROE_YEARLY":8.282863390431,"ROIC_YEARLY":5.236832326805,"TOTAL_ASSETS":2624986000,"TOTAL_LIABILITIES":1127459000,"TAX_EBT":40.674188060927,"OCF_SALES":10.00045057002,"TOTAL_PARENT_EQUITY":1424185000,"DEBT_ASSET_RATIO":42.9510481199,"OPERATE_PROFIT":165484000,"PRETAX_PROFIT":153429000,"NETCASH_OPERATE":204195000,"NETCASH_INVEST":-107724000,"NETCASH_FINANCE":-55563000,"END_CASH":305171000,"DIVI_RATIO":null,"DIVIDEND_RATE":null,"CURRENT_RATIO":1.428860608922,"COMMON_ACS":null,"CURRENTDEBT_DEBT":68.002384122172,"ISSUED_COMMON_SHARES":334394000,"HK_COMMON_SHARES":84394000,"PER_SHARES":200,"TOTAL_MARKET_CAP":668788000,"HKSK_MARKET_CAP":168788000,"PE_TTM":11.684565879174,"PB_TTM":0.43455129299,"REPORT_DATE_SQ":"2022-12-31 00:00:00","REPORT_TYPE_SQ":"2022年年报","OPERATE_INCOME_SQ":1845633000,"DPS_HKD":null,"OPERATE_INCOME_QOQ_SQ":-5.117672854094,"NET_PROFIT_RATIO_SQ":1.5027906415,"HOLDER_PROFIT_SQ":59697000,"HOLDER_PROFIT_QOQ_SQ":2.962413118294,"ROE_AVG_SQ":4.187866632175,"PE_TTM_SQ":4.931120820283,"PB_TTM_SQ":0.37800417267,"ROA_SQ":2.250469032083,"START_DATE":"2023-01-01 00:00:00","FISCAL_YEAR":"12-31","CURRENCY":"HKD","IS_CNY_CODE":0,"DPS_HKD_LY":null,"ORG_TYPE":"一般企业","PREMIUM_INCOME":null,"PREMIUM_INCOME_YOY":null,"NET_INTEREST_INCOME":null,"NET_INTEREST_INCOME_YOY":null,"FEE_COMMISSION_INCOME":null,"FEE_COMMISSION_INCOME_YOY":null,"ACCOUNTS_RECE_TDAYS":6.999124191677,"INVENTORY_TDAYS":21.137568437699,"CURRENT_ASSETS_TDAYS":1.83946945363,"TOTAL_ASSETS_TDAYS":0.764122657326,"PREMIUM_EXPENSE":null,"LOAN_DEPOSIT":null,"LOAN_EQUITY":null,"LOAN_ASSETS":null,"DEPOSIT_EQUITY":null,"DEPOSIT_ASSETS":null,"EQUITY_MULTIPLIER":1.752880582454,"EQUITY_RATIO":0.791652067674},{"SECUCODE":"03689.HK","SECURITY_CODE":"03689","SECURITY_NAME_ABBR":"康华医疗","ORG_CODE":"10547336","STD_REPORT_DATE":"2023-06-30 00:00:00","REPORT_DATE":"2023-06-30 00:00:00","DATE_TYPE_CODE":"002","REPORT_TYPE":"2023年中报","PER_NETCASH_OPERATE":0.187117591823,"PER_OI":2.953097244568,"BPS":4.634239848801,"BASIC_EPS":0.151,"DILUTED_EPS":0.151,"OPERATE_INCOME":987498000,"OPERATE_INCOME_YOY":14.4630599428,"GROSS_PROFIT":170994000,"GROSS_PROFIT_YOY":93.163358675147,"HOLDER_PROFIT":50655000,"HOLDER_PROFIT_YOY":1161.7271012366,"GROSS_PROFIT_RATIO":17.315883171409,"EPS_TTM":0.348265818167,"OPERATE_INCOME_QOQ":6.760607336345,"NET_PROFIT_RATIO":2.9737781747,"ROE_AVG":3.323089518738,"GROSS_PROFIT_QOQ":31.555768127033,"ROA":1.88387021434,"HOLDER_PROFIT_QOQ":90.814654607419,"ROE_YEARLY":6.646179037475,"ROIC_YEARLY":4.258552256169,"TOTAL_ASSETS":2658425000,"TOTAL_LIABILITIES":1114588000,"TAX_EBT":50.295357221442,"OCF_SALES":6.336316630515,"TOTAL_PARENT_EQUITY":1549662000,"DEBT_ASSET_RATIO":41.9266294893,"OPERATE_PROFIT":65442000,"PRETAX_PROFIT":59081000,"NETCASH_OPERATE":62571000,"NETCASH_INVEST":18351000,"NETCASH_FINANCE":-60406000,"END_CASH":285016000,"DIVI_RATIO":null,"DIVIDEND_RATE":null,"CURRENT_RATIO":1.52119377622,"COMMON_ACS":null,"CURRENTDEBT_DEBT":67.580128262641,"ISSUED_COMMON_SHARES":334394000,"HK_COMMON_SHARES":84394000,"PER_SHARES":200,"TOTAL_MARKET_CAP":668788000,"HKSK_MARKET_CAP":168788000,"PE_TTM":11.684565879174,"PB_TTM":0.43455129299,"REPORT_DATE_SQ":"2022-06-30 00:00:00","REPORT_TYPE_SQ":"2022年中报","OPERATE_INCOME_SQ":862722000,"DPS_HKD":null,"OPERATE_INCOME_QOQ_SQ":-0.44847754081,"NET_PROFIT_RATIO_SQ":-2.503935219,"HOLDER_PROFIT_SQ":-4771000,"HOLDER_PROFIT_QOQ_SQ":-37.145704984784,"ROE_AVG_SQ":-0.291698455669,"PE_TTM_SQ":4.931120820283,"PB_TTM_SQ":0.37800417267,"ROA_SQ":-0.153869507107,"START_DATE":"2023-01-01 00:00:00","FISCAL_YEAR":"12-31","CURRENCY":"HKD","IS_CNY_CODE":0,"DPS_HKD_LY":null,"ORG_TYPE":"一般企业","PREMIUM_INCOME":null,"PREMIUM_INCOME_YOY":null,"NET_INTEREST_INCOME":null,"NET_INTEREST_INCOME_YOY":null,"FEE_COMMISSION_INCOME":null,"FEE_COMMISSION_INCOME_YOY":null,"ACCOUNTS_RECE_TDAYS":3.193249376305,"INVENTORY_TDAYS":10.010961121124,"CURRENT_ASSETS_TDAYS":0.869900883953,"TOTAL_ASSETS_TDAYS":0.367252604663,"PREMIUM_EXPENSE":null,"LOAN_DEPOSIT":null,"LOAN_EQUITY":null,"LOAN_ASSETS":null,"DEPOSIT_EQUITY":null,"DEPOSIT_ASSETS":null,"EQUITY_MULTIPLIER":1.721959636932,"EQUITY_RATIO":0.719245874262},{"SECUCODE":"03689.HK","SECURITY_CODE":"03689","SECURITY_NAME_ABBR":"康华医疗","ORG_CODE":"10547336","STD_REPORT_DATE":"2022-12-31 00:00:00","REPORT_DATE":"2022-12-31 00:00:00","DATE_TYPE_CODE":"001","REPORT_TYPE":"2022年年报","PER_NETCASH_OPERATE":0.662105181313,"PER_OI":5.519336471348,"BPS":4.449448853747,"BASIC_EPS":0.179,"DILUTED_EPS":0.179,"OPERATE_INCOME":1845633000,"OPERATE_INCOME_YOY":-5.5431987815,"GROSS_PROFIT":261350000,"GROSS_PROFIT_YOY":-25.910281560774,"HOLDER_PROFIT":59697000,"HOLDER_PROFIT_YOY":-35.2837011038,"GROSS_PROFIT_RATIO":14.160453351235,"EPS_TTM":0.182515236517,"OPERATE_INCOME_QOQ":-5.117672854094,"NET_PROFIT_RATIO":1.5027906415,"ROE_AVG":4.187866632175,"GROSS_PROFIT_QOQ":-16.079582308478,"ROA":2.250469032083,"HOLDER_PROFIT_QOQ":2.962413118294,"ROE_YEARLY":4.187866632175,"ROIC_YEARLY":2.513141781353,"TOTAL_ASSETS":2719334000,"TOTAL_LIABILITIES":1204806000,"TAX_EBT":62.077075127328,"OCF_SALES":11.99610106668,"TOTAL_PARENT_EQUITY":1499007000,"DEBT_ASSET_RATIO":44.7472432588,"OPERATE_PROFIT":84352000,"PRETAX_PROFIT":69309000,"NETCASH_OPERATE":221404000,"NETCASH_INVEST":-83159000,"NETCASH_FINANCE":-110880000,"END_CASH":264337000,"DIVI_RATIO":null,"DIVIDEND_RATE":null,"CURRENT_RATIO":1.346784672779,"COMMON_ACS":null,"CURRENTDEBT_DEBT":69.304518735797,"ISSUED_COMMON_SHARES":334394000,"HK_COMMON_SHARES":84394000,"PER_SHARES":200,"TOTAL_MARKET_CAP":668788000,"HKSK_MARKET_CAP":168788000,"PE_TTM":11.684565879174,"PB_TTM":0.43455129299,"REPORT_DATE_SQ":"2021-12-31 00:00:00","REPORT_TYPE_SQ":"2021年年报","OPERATE_INCOME_SQ":1953944000,"DPS_HKD":null,"OPERATE_INCOME_QOQ_SQ":5.304332314213,"NET_PROFIT_RATIO_SQ":3.4251237497,"HOLDER_PROFIT_SQ":94307000,"HOLDER_PROFIT_QOQ_SQ":-15.667057150778,"ROE_AVG_SQ":6.835408265736,"PE_TTM_SQ":4.931120820283,"PB_TTM_SQ":0.37800417267,"ROA_SQ":3.656370850225,"START_DATE":"2022-01-01 00:00:00","FISCAL_YEAR":"12-31","CURRENCY":"HKD","IS_CNY_CODE":0,"DPS_HKD_LY":null,"ORG_TYPE":"一般企业","PREMIUM_INCOME":null,"PREMIUM_INCOME_YOY":null,"NET_INTEREST_INCOME":null,"NET_INTEREST_INCOME_YOY":null,"FEE_COMMISSION_INCOME":null,"FEE_COMMISSION_INCOME_YOY":null,"ACCOUNTS_RECE_TDAYS":6.718832307045,"INVENTORY_TDAYS":18.563822245657,"CURRENT_ASSETS_TDAYS":1.640834680594,"TOTAL_ASSETS_TDAYS":0.680551171695,"PREMIUM_EXPENSE":null,"LOAN_DEPOSIT":null,"LOAN_EQUITY":null,"LOAN_ASSETS":null,"DEPOSIT_EQUITY":null,"DEPOSIT_ASSETS":null,"EQUITY_MULTIPLIER":1.809864446554,"EQUITY_RATIO":0.803736073281},{"SECUCODE":"03689.HK","SECURITY_CODE":"03689","SECURITY_NAME_ABBR":"康华医疗","ORG_CODE":"10547336","STD_REPORT_DATE":"2022-06-30 00:00:00","REPORT_DATE":"2022-06-30 00:00:00","DATE_TYPE_CODE":"002","REPORT_TYPE":"2022年中报","PER_NETCASH_OPERATE":0.150783207833,"PER_OI":2.579956578168,"BPS":4.254505164566,"BASIC_EPS":-0.014,"DILUTED_EPS":-0.014,"OPERATE_INCOME":862722000,"OPERATE_INCOME_YOY":-1.0055250521,"GROSS_PROFIT":88523000,"GROSS_PROFIT_YOY":-31.824097962956,"HOLDER_PROFIT":-4771000,"HOLDER_PROFIT_YOY":-113.4607287449,"GROSS_PROFIT_RATIO":10.260895166693,"EPS_TTM":0.177263946123,"OPERATE_INCOME_QOQ":-0.44847754081,"NET_PROFIT_RATIO":-2.503935219,"ROE_AVG":-0.291698455669,"GROSS_PROFIT_QOQ":-11.714311633234,"ROA":-0.153869507107,"HOLDER_PROFIT_QOQ":-37.145704984784,"ROE_YEARLY":-0.583396911337,"ROIC_YEARLY":-0.335078871729,"TOTAL_ASSETS":2697378000,"TOTAL_LIABILITIES":1244158000,"TAX_EBT":-151.025698827773,"OCF_SALES":5.844408743489,"TOTAL_PARENT_EQUITY":1422681000,"DEBT_ASSET_RATIO":46.1247181522,"OPERATE_PROFIT":-322000,"PRETAX_PROFIT":-8872000,"NETCASH_OPERATE":50421000,"NETCASH_INVEST":-149356000,"NETCASH_FINANCE":-16490000,"END_CASH":122288000,"DIVI_RATIO":null,"DIVIDEND_RATE":null,"CURRENT_RATIO":1.347864872062,"COMMON_ACS":null,"CURRENTDEBT_DEBT":66.40474923603,"ISSUED_COMMON_SHARES":334394000,"HK_COMMON_SHARES":84394000,"PER_SHARES":200,"TOTAL_MARKET_CAP":668788000,"HKSK_MARKET_CAP":168788000,"PE_TTM":11.684565879174,"PB_TTM":0.43455129299,"REPORT_DATE_SQ":"2021-06-30 00:00:00","REPORT_TYPE_SQ":"2021年中报","OPERATE_INCOME_SQ":871485000,"DPS_HKD":null,"OPERATE_INCOME_QOQ_SQ":6.332180148915,"NET_PROFIT_RATIO_SQ":1.6981359404,"HOLDER_PROFIT_SQ":30875000,"HOLDER_PROFIT_QOQ_SQ":540.749645278259,"ROE_AVG_SQ":2.290485490192,"PE_TTM_SQ":4.931120820283,"PB_TTM_SQ":0.37800417267,"ROA_SQ":1.213233618301,"START_DATE":"2022-01-01 00:00:00","FISCAL_YEAR":"12-31","CURRENCY":"HKD","IS_CNY_CODE":0,"DPS_HKD_LY":null,"ORG_TYPE":"一般企业","PREMIUM_INCOME":null,"PREMIUM_INCOME_YOY":null,"NET_INTEREST_INCOME":null,"NET_INTEREST_INCOME_YOY":null,"FEE_COMMISSION_INCOME":null,"FEE_COMMISSION_INCOME_YOY":null,"ACCOUNTS_RECE_TDAYS":3.00019300622,"INVENTORY_TDAYS":10.552055009234,"CURRENT_ASSETS_TDAYS":0.770748228517,"TOTAL_ASSETS_TDAYS":0.319409549832,"PREMIUM_EXPENSE":null,"LOAN_DEPOSIT":null,"LOAN_EQUITY":null,"LOAN_ASSETS":null,"DEPOSIT_EQUITY":null,"DEPOSIT_ASSETS":null,"EQUITY_MULTIPLIER":1.856138781464,"EQUITY_RATIO":0.874516493859},{"SECUCODE":"03689.HK","SECURITY_CODE":"03689","SECURITY_NAME_ABBR":"康华医疗","ORG_CODE":"10547336","STD_REPORT_DATE":"2021-12-31 00:00:00","REPORT_DATE":"2021-12-31 00:00:00","DATE_TYPE_CODE":"001","REPORT_TYPE":"2021年年报","PER_NETCASH_OPERATE":0.996934753614,"PER_OI":5.843238814094,"BPS":4.26693361723,"BASIC_EPS":0.282,"DILUTED_EPS":0.282,"OPERATE_INCOME":1953944000,"OPERATE_INCOME_YOY":11.972392341,"GROSS_PROFIT":352748000,"GROSS_PROFIT_YOY":34.04571450286,"HOLDER_PROFIT":94307000,"HOLDER_PROFIT_YOY":471.6971464607,"GROSS_PROFIT_RATIO":18.053127418186,"EPS_TTM":0.282023600902,"OPERATE_INCOME_QOQ":5.304332314213,"NET_PROFIT_RATIO":3.4251237497,"ROE_AVG":6.835408265736,"GROSS_PROFIT_QOQ":10.293722211452,"ROA":3.656370850225,"HOLDER_PROFIT_QOQ":-15.667057150778,"ROE_YEARLY":6.835408265736,"ROIC_YEARLY":4.09058919848,"TOTAL_ASSETS":2704602000,"TOTAL_LIABILITIES":1230175000,"TAX_EBT":48.204072471732,"OCF_SALES":17.061338503048,"TOTAL_PARENT_EQUITY":1426837000,"DEBT_ASSET_RATIO":45.4845112146,"OPERATE_PROFIT":149021000,"PRETAX_PROFIT":129209000,"NETCASH_OPERATE":333369000,"NETCASH_INVEST":-299332000,"NETCASH_FINANCE":23269000,"END_CASH":237343000,"DIVI_RATIO":null,"DIVIDEND_RATE":null,"CURRENT_RATIO":1.44677540481,"COMMON_ACS":null,"CURRENTDEBT_DEBT":63.2144207125,"ISSUED_COMMON_SHARES":334394000,"HK_COMMON_SHARES":84394000,"PER_SHARES":200,"TOTAL_MARKET_CAP":668788000,"HKSK_MARKET_CAP":168788000,"PE_TTM":11.684565879174,"PB_TTM":0.43455129299,"REPORT_DATE_SQ":"2020-12-31 00:00:00","REPORT_TYPE_SQ":"2020年年报","OPERATE_INCOME_SQ":1745023000,"DPS_HKD":null,"OPERATE_INCOME_QOQ_SQ":-3.169828449162,"NET_PROFIT_RATIO_SQ":-2.8685008736,"HOLDER_PROFIT_SQ":-25372000,"HOLDER_PROFIT_QOQ_SQ":74.550889194259,"ROE_AVG_SQ":-1.887127155345,"PE_TTM_SQ":4.931120820283,"PB_TTM_SQ":0.37800417267,"ROA_SQ":-1.00741265444,"START_DATE":"2021-01-01 00:00:00","FISCAL_YEAR":"12-31","CURRENCY":"HKD","IS_CNY_CODE":0,"DPS_HKD_LY":null,"ORG_TYPE":"一般企业","PREMIUM_INCOME":null,"PREMIUM_INCOME_YOY":null,"NET_INTEREST_INCOME":null,"NET_INTEREST_INCOME_YOY":null,"FEE_COMMISSION_INCOME":null,"FEE_COMMISSION_INCOME_YOY":null,"ACCOUNTS_RECE_TDAYS":7.560430035965,"INVENTORY_TDAYS":22.761235296208,"CURRENT_ASSETS_TDAYS":1.938078886237,"TOTAL_ASSETS_TDAYS":0.757562416848,"PREMIUM_EXPENSE":null,"LOAN_DEPOSIT":null,"LOAN_EQUITY":null,"LOAN_ASSETS":null,"DEPOSIT_EQUITY":null,"DEPOSIT_ASSETS":null,"EQUITY_MULTIPLIER":1.834341069446,"EQUITY_RATIO":0.862169259698},{"SECUCODE":"03689.HK","SECURITY_CODE":"03689","SECURITY_NAME_ABBR":"康华医疗","ORG_CODE":"10547336","STD_REPORT_DATE":"2021-06-30 00:00:00","REPORT_DATE":"2021-06-30 00:00:00","DATE_TYPE_CODE":"002","REPORT_TYPE":"2021年中报","PER_NETCASH_OPERATE":0.465827736144,"PER_OI":2.606162191905,"BPS":4.077241218443,"BASIC_EPS":0.092,"DILUTED_EPS":0.092,"OPERATE_INCOME":871485000,"OPERATE_INCOME_YOY":14.5203531729,"GROSS_PROFIT":129845000,"GROSS_PROFIT_YOY":77.446907371471,"HOLDER_PROFIT":30875000,"HOLDER_PROFIT_YOY":129.0385989993,"GROSS_PROFIT_RATIO":14.899281112125,"EPS_TTM":0.33441688547,"OPERATE_INCOME_QOQ":6.332180148915,"NET_PROFIT_RATIO":1.6981359404,"ROE_AVG":2.290485490192,"GROSS_PROFIT_QOQ":21.535216887386,"ROA":1.213233618301,"HOLDER_PROFIT_QOQ":540.749645278259,"ROE_YEARLY":4.580970980383,"ROIC_YEARLY":2.709657856878,"TOTAL_ASSETS":2635803000,"TOTAL_LIABILITIES":1213502000,"TAX_EBT":58.711603381413,"OCF_SALES":17.874088481156,"TOTAL_PARENT_EQUITY":1363405000,"DEBT_ASSET_RATIO":46.039176676,"OPERATE_PROFIT":46053000,"PRETAX_PROFIT":35843000,"NETCASH_OPERATE":155770000,"NETCASH_INVEST":-163611000,"NETCASH_FINANCE":41989000,"END_CASH":213392000,"DIVI_RATIO":null,"DIVIDEND_RATE":null,"CURRENT_RATIO":1.393855827982,"COMMON_ACS":null,"CURRENTDEBT_DEBT":62.484198625136,"ISSUED_COMMON_SHARES":334394000,"HK_COMMON_SHARES":84394000,"PER_SHARES":200,"TOTAL_MARKET_CAP":668788000,"HKSK_MARKET_CAP":168788000,"PE_TTM":11.684565879174,"PB_TTM":0.43455129299,"REPORT_DATE_SQ":"2020-06-30 00:00:00","REPORT_TYPE_SQ":"2020年中报","OPERATE_INCOME_SQ":760987000,"DPS_HKD":null,"OPERATE_INCOME_QOQ_SQ":-7.843264596464,"NET_PROFIT_RATIO_SQ":-16.5862228921,"HOLDER_PROFIT_SQ":-106324000,"HOLDER_PROFIT_QOQ_SQ":-234.246741355165,"ROE_AVG_SQ":-8.158291918055,"PE_TTM_SQ":4.931120820283,"PB_TTM_SQ":0.37800417267,"ROA_SQ":-4.277239321283,"START_DATE":"2021-01-01 00:00:00","FISCAL_YEAR":"12-31","CURRENCY":"HKD","IS_CNY_CODE":0,"DPS_HKD_LY":null,"ORG_TYPE":"一般企业","PREMIUM_INCOME":null,"PREMIUM_INCOME_YOY":null,"NET_INTEREST_INCOME":null,"NET_INTEREST_INCOME_YOY":null,"FEE_COMMISSION_INCOME":null,"FEE_COMMISSION_INCOME_YOY":null,"ACCOUNTS_RECE_TDAYS":3.308259973351,"INVENTORY_TDAYS":12.359327739495,"CURRENT_ASSETS_TDAYS":0.894667168332,"TOTAL_ASSETS_TDAYS":0.34245016999,"PREMIUM_EXPENSE":null,"LOAN_DEPOSIT":null,"LOAN_EQUITY":null,"LOAN_ASSETS":null,"DEPOSIT_EQUITY":null,"DEPOSIT_ASSETS":null,"EQUITY_MULTIPLIER":1.853196334673,"EQUITY_RATIO":0.890052478904},{"SECUCODE":"03689.HK","SECURITY_CODE":"03689","SECURITY_NAME_ABBR":"康华医疗","ORG_CODE":"10547336","STD_REPORT_DATE":"2020-12-31 00:00:00","REPORT_DATE":"2020-12-31 00:00:00","DATE_TYPE_CODE":"001","REPORT_TYPE":"2020年年报","PER_NETCASH_OPERATE":0.823256398141,"PER_OI":5.218463848036,"BPS":3.984910016328,"BASIC_EPS":-0.076,"DILUTED_EPS":-0.076,"OPERATE_INCOME":1745023000,"OPERATE_INCOME_YOY":-10.7644750131,"GROSS_PROFIT":263155000,"GROSS_PROFIT_YOY":-32.423687596137,"HOLDER_PROFIT":-25372000,"HOLDER_PROFIT_YOY":-134.1646019606,"GROSS_PROFIT_RATIO":15.080316992957,"EPS_TTM":-0.075874567127,"OPERATE_INCOME_QOQ":-3.169828449162,"NET_PROFIT_RATIO":-2.8685008736,"ROE_AVG":-1.887127155345,"GROSS_PROFIT_QOQ":-4.876973182431,"ROA":-1.00741265444,"HOLDER_PROFIT_QOQ":74.550889194259,"ROE_YEARLY":-1.887127155345,"ROIC_YEARLY":-1.139698913216,"TOTAL_ASSETS":2453901000,"TOTAL_LIABILITIES":1046399000,"TAX_EBT":-91.866303806202,"OCF_SALES":15.775837911592,"TOTAL_PARENT_EQUITY":1332530000,"DEBT_ASSET_RATIO":42.6422663343,"OPERATE_PROFIT":-4094000,"PRETAX_PROFIT":-26089000,"NETCASH_OPERATE":275292000,"NETCASH_INVEST":-182152000,"NETCASH_FINANCE":-138215000,"END_CASH":179673000,"DIVI_RATIO":null,"DIVIDEND_RATE":null,"CURRENT_RATIO":1.493223206956,"COMMON_ACS":null,"CURRENTDEBT_DEBT":57.042294574058,"ISSUED_COMMON_SHARES":334394000,"HK_COMMON_SHARES":84394000,"PER_SHARES":200,"TOTAL_MARKET_CAP":668788000,"HKSK_MARKET_CAP":168788000,"PE_TTM":11.684565879174,"PB_TTM":0.43455129299,"REPORT_DATE_SQ":"2019-12-31 00:00:00","REPORT_TYPE_SQ":"2019年年报","OPERATE_INCOME_SQ":1955525000,"DPS_HKD":null,"OPERATE_INCOME_QOQ_SQ":7.738743910676,"NET_PROFIT_RATIO_SQ":2.4897661753,"HOLDER_PROFIT_SQ":74264000,"HOLDER_PROFIT_QOQ_SQ":-50.473497479126,"ROE_AVG_SQ":5.429921158516,"PE_TTM_SQ":4.931120820283,"PB_TTM_SQ":0.37800417267,"ROA_SQ":3.103246763151,"START_DATE":"2020-01-01 00:00:00","FISCAL_YEAR":"12-31","CURRENCY":"HKD","IS_CNY_CODE":0,"DPS_HKD_LY":null,"ORG_TYPE":"一般企业","PREMIUM_INCOME":null,"PREMIUM_INCOME_YOY":null,"NET_INTEREST_INCOME":null,"NET_INTEREST_INCOME_YOY":null,"FEE_COMMISSION_INCOME":null,"FEE_COMMISSION_INCOME_YOY":null,"ACCOUNTS_RECE_TDAYS":6.354006339358,"INVENTORY_TDAYS":23.424298947235,"CURRENT_ASSETS_TDAYS":1.776085853535,"TOTAL_ASSETS_TDAYS":0.692873345613,"PREMIUM_EXPENSE":null,"LOAN_DEPOSIT":null,"LOAN_EQUITY":null,"LOAN_ASSETS":null,"DEPOSIT_EQUITY":null,"DEPOSIT_ASSETS":null,"EQUITY_MULTIPLIER":1.743444059049,"EQUITY_RATIO":0.785272376607},{"SECUCODE":"03689.HK","SECURITY_CODE":"03689","SECURITY_NAME_ABBR":"康华医疗","ORG_CODE":"10547336","STD_REPORT_DATE":"2020-06-30 00:00:00","REPORT_DATE":"2020-06-30 00:00:00","DATE_TYPE_CODE":"002","REPORT_TYPE":"2020年中报","PER_NETCASH_OPERATE":0.078658707991,"PER_OI":2.275719660042,"BPS":3.738407387692,"BASIC_EPS":-0.318,"DILUTED_EPS":null,"OPERATE_INCOME":760987000,"OPERATE_INCOME_YOY":-16.7741730864,"GROSS_PROFIT":73174000,"GROSS_PROFIT_YOY":-60.64771492799,"HOLDER_PROFIT":-106324000,"HOLDER_PROFIT_YOY":-257.1979833523,"GROSS_PROFIT_RATIO":9.615670175706,"EPS_TTM":-0.298142311166,"OPERATE_INCOME_QOQ":-7.843264596464,"NET_PROFIT_RATIO":-16.5862228921,"ROE_AVG":-8.158291918055,"GROSS_PROFIT_QOQ":-28.959038978581,"ROA":-4.277239321283,"HOLDER_PROFIT_QOQ":-234.246741355165,"ROE_YEARLY":-16.31658383611,"ROIC_YEARLY":-9.509941593696,"TOTAL_ASSETS":2388457000,"TOTAL_LIABILITIES":1057118000,"TAX_EBT":-1.424714333928,"OCF_SALES":3.456432238658,"TOTAL_PARENT_EQUITY":1250101000,"DEBT_ASSET_RATIO":44.2594528602,"OPERATE_PROFIT":-113152000,"PRETAX_PROFIT":-124446000,"NETCASH_OPERATE":26303000,"NETCASH_INVEST":-129173000,"NETCASH_FINANCE":-27840000,"END_CASH":93247000,"DIVI_RATIO":null,"DIVIDEND_RATE":null,"CURRENT_RATIO":1.394067052835,"COMMON_ACS":null,"CURRENTDEBT_DEBT":60.897742730707,"ISSUED_COMMON_SHARES":334394000,"HK_COMMON_SHARES":84394000,"PER_SHARES":200,"TOTAL_MARKET_CAP":668788000,"HKSK_MARKET_CAP":168788000,"PE_TTM":11.684565879174,"PB_TTM":0.43455129299,"REPORT_DATE_SQ":"2019-06-30 00:00:00","REPORT_TYPE_SQ":"2019年中报","OPERATE_INCOME_SQ":914364000,"DPS_HKD":null,"OPERATE_INCOME_QOQ_SQ":10.722649542149,"NET_PROFIT_RATIO_SQ":6.0751516901,"HOLDER_PROFIT_SQ":67637000,"HOLDER_PROFIT_QOQ_SQ":-10.714944951561,"ROE_AVG_SQ":4.957388680103,"PE_TTM_SQ":4.931120820283,"PB_TTM_SQ":0.37800417267,"ROA_SQ":2.867738964821,"START_DATE":"2020-01-01 00:00:00","FISCAL_YEAR":"12-31","CURRENCY":"HKD","IS_CNY_CODE":0,"DPS_HKD_LY":null,"ORG_TYPE":"一般企业","PREMIUM_INCOME":null,"PREMIUM_INCOME_YOY":null,"NET_INTEREST_INCOME":null,"NET_INTEREST_INCOME_YOY":null,"FEE_COMMISSION_INCOME":null,"FEE_COMMISSION_INCOME_YOY":null,"ACCOUNTS_RECE_TDAYS":2.656335520804,"INVENTORY_TDAYS":10.916800253948,"CURRENT_ASSETS_TDAYS":0.772114325603,"TOTAL_ASSETS_TDAYS":0.306132530697,"PREMIUM_EXPENSE":null,"LOAN_DEPOSIT":null,"LOAN_EQUITY":null,"LOAN_ASSETS":null,"DEPOSIT_EQUITY":null,"DEPOSIT_ASSETS":null,"EQUITY_MULTIPLIER":1.794026164637,"EQUITY_RATIO":0.845626073413}],"count":20},"success":true,"message":"ok","code":0}