{"version":"c45c26c7e9d1f6d99153572e4ea87c5f","result":{"pages":2,"data":[{"SECUCODE":"03680.HK","SECURITY_CODE":"03680","SECURITY_NAME_ABBR":"瑞和数智","ORG_CODE":"10000009090","STD_REPORT_DATE":"2024-06-30 00:00:00","REPORT_DATE":"2024-06-30 00:00:00","DATE_TYPE_CODE":"002","REPORT_TYPE":"2024年中报","PER_NETCASH_OPERATE":-0.048578533461,"PER_OI":0.273898857472,"BPS":0.093222847292,"BASIC_EPS":-0.0548,"DILUTED_EPS":-0.0548,"OPERATE_INCOME":181011000,"OPERATE_INCOME_YOY":49.4402522993,"GROSS_PROFIT":14577000,"GROSS_PROFIT_YOY":-42.387953521461,"HOLDER_PROFIT":-36040000,"HOLDER_PROFIT_YOY":42.0028644534,"GROSS_PROFIT_RATIO":8.053101745198,"EPS_TTM":-0.125792133182,"OPERATE_INCOME_QOQ":16.275530310237,"NET_PROFIT_RATIO":-21.3440067178,"ROE_AVG":-45.780484861573,"GROSS_PROFIT_QOQ":-22.75765484754,"ROA":-8.714902507469,"HOLDER_PROFIT_QOQ":23.894793697875,"ROE_YEARLY":-91.560969723145,"ROIC_YEARLY":-23.896866851551,"TOTAL_ASSETS":382941000,"TOTAL_LIABILITIES":302460000,"TAX_EBT":1.209471207937,"OCF_SALES":-17.735938699858,"TOTAL_PARENT_EQUITY":61608000,"DEBT_ASSET_RATIO":78.9834465362,"OPERATE_PROFIT":-32320000,"PRETAX_PROFIT":-39108000,"NETCASH_OPERATE":-32104000,"NETCASH_INVEST":-5308000,"NETCASH_FINANCE":-7228000,"END_CASH":70232000,"DIVI_RATIO":null,"DIVIDEND_RATE":null,"CURRENT_RATIO":0.87389799743,"COMMON_ACS":2000000000,"CURRENTDEBT_DEBT":95.443695034054,"ISSUED_COMMON_SHARES":660868036,"HK_COMMON_SHARES":660868036,"PER_SHARES":2000,"TOTAL_MARKET_CAP":627824634.2,"HKSK_MARKET_CAP":627824634.2,"PE_TTM":-6.778093679232,"PB_TTM":9.300788649878,"REPORT_DATE_SQ":"2023-06-30 00:00:00","REPORT_TYPE_SQ":"2023年中报","OPERATE_INCOME_SQ":121126000,"DPS_HKD":null,"OPERATE_INCOME_QOQ_SQ":-13.553030021796,"NET_PROFIT_RATIO_SQ":-52.1572577316,"HOLDER_PROFIT_SQ":-62141000,"HOLDER_PROFIT_QOQ_SQ":-19.795307039441,"ROE_AVG_SQ":-54.822232024702,"PE_TTM_SQ":-7.005484177378,"PB_TTM_SQ":7.534800085172,"ROA_SQ":-15.573619505056,"START_DATE":"2024-01-01 00:00:00","FISCAL_YEAR":"12-31","CURRENCY":"HKD","IS_CNY_CODE":0,"DPS_HKD_LY":null,"ORG_TYPE":"一般企业","PREMIUM_INCOME":null,"PREMIUM_INCOME_YOY":null,"NET_INTEREST_INCOME":null,"NET_INTEREST_INCOME_YOY":null,"FEE_COMMISSION_INCOME":null,"FEE_COMMISSION_INCOME_YOY":null,"ACCOUNTS_RECE_TDAYS":1.852523526131,"INVENTORY_TDAYS":null,"CURRENT_ASSETS_TDAYS":0.652403564574,"TOTAL_ASSETS_TDAYS":0.43770622025,"PREMIUM_EXPENSE":null,"LOAN_DEPOSIT":null,"LOAN_EQUITY":null,"LOAN_ASSETS":null,"DEPOSIT_EQUITY":null,"DEPOSIT_ASSETS":null,"EQUITY_MULTIPLIER":4.758154098494,"EQUITY_RATIO":4.909427347098},{"SECUCODE":"03680.HK","SECURITY_CODE":"03680","SECURITY_NAME_ABBR":"瑞和数智","ORG_CODE":"10000009090","STD_REPORT_DATE":"2023-12-31 00:00:00","REPORT_DATE":"2023-12-31 00:00:00","DATE_TYPE_CODE":"001","REPORT_TYPE":"2023年年报","PER_NETCASH_OPERATE":-0.058058489607,"PER_OI":0.556760169893,"BPS":0.145019875042,"BASIC_EPS":-0.188,"DILUTED_EPS":-0.188,"OPERATE_INCOME":367945000,"OPERATE_INCOME_YOY":-2.4344648738,"GROSS_PROFIT":47127000,"GROSS_PROFIT_YOY":-47.249241652582,"HOLDER_PROFIT":-109233000,"HOLDER_PROFIT_YOY":14.7895344483,"GROSS_PROFIT_RATIO":12.808164263681,"EPS_TTM":-0.165287158782,"OPERATE_INCOME_QOQ":12.86171759495,"NET_PROFIT_RATIO":-29.626438734,"ROE_AVG":-122.322758373554,"GROSS_PROFIT_QOQ":-33.81875886475,"ROA":-25.55065254944,"HOLDER_PROFIT_QOQ":28.86994686393,"ROE_YEARLY":-122.322758373554,"ROIC_YEARLY":-31.918894397034,"TOTAL_ASSETS":444148000,"TOTAL_LIABILITIES":326841000,"TAX_EBT":1.951807445651,"OCF_SALES":-10.427917215888,"TOTAL_PARENT_EQUITY":95839000,"DEBT_ASSET_RATIO":73.5883084017,"OPERATE_PROFIT":-103685000,"PRETAX_PROFIT":-111179000,"NETCASH_OPERATE":-38369000,"NETCASH_INVEST":-8740000,"NETCASH_FINANCE":147646000,"END_CASH":113257000,"DIVI_RATIO":null,"DIVIDEND_RATE":null,"CURRENT_RATIO":0.976184792847,"COMMON_ACS":2000000000,"CURRENTDEBT_DEBT":94.851013183781,"ISSUED_COMMON_SHARES":660868036,"HK_COMMON_SHARES":660868036,"PER_SHARES":2000,"TOTAL_MARKET_CAP":687302757.44,"HKSK_MARKET_CAP":687302757.44,"PE_TTM":-7.420228869896,"PB_TTM":10.181915995655,"REPORT_DATE_SQ":"2022-12-31 00:00:00","REPORT_TYPE_SQ":"2022年年报","OPERATE_INCOME_SQ":377126000,"DPS_HKD":null,"OPERATE_INCOME_QOQ_SQ":-11.266140872642,"NET_PROFIT_RATIO_SQ":-32.8860911207,"HOLDER_PROFIT_SQ":-128192000,"HOLDER_PROFIT_QOQ_SQ":-79.724368051369,"ROE_AVG_SQ":-116.298712197158,"PE_TTM_SQ":-5.509931375466,"PB_TTM_SQ":5.926247258,"ROA_SQ":-28.983862306758,"START_DATE":"2023-01-01 00:00:00","FISCAL_YEAR":"12-31","CURRENCY":"HKD","IS_CNY_CODE":0,"DPS_HKD_LY":null,"ORG_TYPE":"一般企业","PREMIUM_INCOME":null,"PREMIUM_INCOME_YOY":null,"NET_INTEREST_INCOME":null,"NET_INTEREST_INCOME_YOY":null,"FEE_COMMISSION_INCOME":null,"FEE_COMMISSION_INCOME_YOY":null,"ACCOUNTS_RECE_TDAYS":3.943528377821,"INVENTORY_TDAYS":null,"CURRENT_ASSETS_TDAYS":1.365163463804,"TOTAL_ASSETS_TDAYS":0.860658853305,"PREMIUM_EXPENSE":null,"LOAN_DEPOSIT":null,"LOAN_EQUITY":null,"LOAN_ASSETS":null,"DEPOSIT_EQUITY":null,"DEPOSIT_ASSETS":null,"EQUITY_MULTIPLIER":3.786202016929,"EQUITY_RATIO":3.410313129311},{"SECUCODE":"03680.HK","SECURITY_CODE":"03680","SECURITY_NAME_ABBR":"瑞和数智","ORG_CODE":"10000009090","STD_REPORT_DATE":"2023-06-30 00:00:00","REPORT_DATE":"2023-06-30 00:00:00","DATE_TYPE_CODE":"002","REPORT_TYPE":"2023年中报","PER_NETCASH_OPERATE":-0.078060970103,"PER_OI":0.183283187266,"BPS":0.217805964518,"BASIC_EPS":-0.124,"DILUTED_EPS":-0.124,"OPERATE_INCOME":121126000,"OPERATE_INCOME_YOY":-29.6752168511,"GROSS_PROFIT":25302000,"GROSS_PROFIT_YOY":-41.743414993553,"HOLDER_PROFIT":-62141000,"HOLDER_PROFIT_YOY":-69.0221678227,"GROSS_PROFIT_RATIO":20.888991628552,"EPS_TTM":-0.232373169278,"OPERATE_INCOME_QOQ":-13.553030021796,"NET_PROFIT_RATIO":-52.1572577316,"ROE_AVG":-54.822232024702,"GROSS_PROFIT_QOQ":-20.293488845857,"ROA":-15.573619505056,"HOLDER_PROFIT_QOQ":-19.795307039441,"ROE_YEARLY":-109.644464049404,"ROIC_YEARLY":-36.858916374788,"TOTAL_ASSETS":387146000,"TOTAL_LIABILITIES":223486000,"TAX_EBT":2.246704214891,"OCF_SALES":-42.590360451101,"TOTAL_PARENT_EQUITY":143941000,"DEBT_ASSET_RATIO":57.7265424414,"OPERATE_PROFIT":-60742000,"PRETAX_PROFIT":-64628000,"NETCASH_OPERATE":-51588000,"NETCASH_INVEST":-698000,"NETCASH_FINANCE":106448000,"END_CASH":68079000,"DIVI_RATIO":null,"DIVIDEND_RATE":null,"CURRENT_RATIO":1.179474559425,"COMMON_ACS":2000000000,"CURRENTDEBT_DEBT":93.639870058975,"ISSUED_COMMON_SHARES":660868036,"HK_COMMON_SHARES":660868036,"PER_SHARES":2000,"TOTAL_MARKET_CAP":687302757.44,"HKSK_MARKET_CAP":687302757.44,"PE_TTM":-7.420228869896,"PB_TTM":10.181915995655,"REPORT_DATE_SQ":"2022-06-30 00:00:00","REPORT_TYPE_SQ":"2022年中报","OPERATE_INCOME_SQ":172238000,"DPS_HKD":null,"OPERATE_INCOME_QOQ_SQ":6.954692328599,"NET_PROFIT_RATIO_SQ":-21.7629094625,"HOLDER_PROFIT_SQ":-36765000,"HOLDER_PROFIT_QOQ_SQ":6.441669508644,"ROE_AVG_SQ":-29.006946992201,"PE_TTM_SQ":-5.509931375466,"PB_TTM_SQ":5.926247258,"ROA_SQ":-7.586223261736,"START_DATE":"2023-01-01 00:00:00","FISCAL_YEAR":"12-31","CURRENCY":"HKD","IS_CNY_CODE":0,"DPS_HKD_LY":null,"ORG_TYPE":"一般企业","PREMIUM_INCOME":null,"PREMIUM_INCOME_YOY":null,"NET_INTEREST_INCOME":null,"NET_INTEREST_INCOME_YOY":null,"FEE_COMMISSION_INCOME":null,"FEE_COMMISSION_INCOME_YOY":null,"ACCOUNTS_RECE_TDAYS":1.616489727284,"INVENTORY_TDAYS":null,"CURRENT_ASSETS_TDAYS":0.501296427736,"TOTAL_ASSETS_TDAYS":0.303562903103,"PREMIUM_EXPENSE":null,"LOAN_DEPOSIT":null,"LOAN_EQUITY":null,"LOAN_ASSETS":null,"DEPOSIT_EQUITY":null,"DEPOSIT_ASSETS":null,"EQUITY_MULTIPLIER":2.365550531593,"EQUITY_RATIO":1.552622254952},{"SECUCODE":"03680.HK","SECURITY_CODE":"03680","SECURITY_NAME_ABBR":"瑞和数智","ORG_CODE":"10000009090","STD_REPORT_DATE":"2022-12-31 00:00:00","REPORT_DATE":"2022-12-31 00:00:00","DATE_TYPE_CODE":"001","REPORT_TYPE":"2022年年报","PER_NETCASH_OPERATE":-0.045616480593,"PER_OI":0.807432688457,"BPS":0.125227723981,"BASIC_EPS":-0.309,"DILUTED_EPS":-0.309,"OPERATE_INCOME":377126000,"OPERATE_INCOME_YOY":-5.094973979,"GROSS_PROFIT":89339000,"GROSS_PROFIT_YOY":-30.850026316604,"HOLDER_PROFIT":-128192000,"HOLDER_PROFIT_YOY":-68.147118235,"GROSS_PROFIT_RATIO":23.689430057859,"EPS_TTM":-0.274461085151,"OPERATE_INCOME_QOQ":-11.266140872642,"NET_PROFIT_RATIO":-32.8860911207,"ROE_AVG":-116.298712197158,"GROSS_PROFIT_QOQ":-26.646249343142,"ROA":-28.983862306758,"HOLDER_PROFIT_QOQ":-79.724368051369,"ROE_YEARLY":-116.298712197158,"ROIC_YEARLY":-31.641446958393,"TOTAL_ASSETS":410883000,"TOTAL_LIABILITIES":307370000,"TAX_EBT":4.236771189647,"OCF_SALES":-5.649570700509,"TOTAL_PARENT_EQUITY":82759000,"DEBT_ASSET_RATIO":74.8071835535,"OPERATE_PROFIT":-122510000,"PRETAX_PROFIT":-129509000,"NETCASH_OPERATE":-21306000,"NETCASH_INVEST":-51797000,"NETCASH_FINANCE":65273000,"END_CASH":15111000,"DIVI_RATIO":null,"DIVIDEND_RATE":null,"CURRENT_RATIO":0.788950290993,"COMMON_ACS":2000000000,"CURRENTDEBT_DEBT":97.49292383772,"ISSUED_COMMON_SHARES":660868036,"HK_COMMON_SHARES":660868036,"PER_SHARES":2000,"TOTAL_MARKET_CAP":687302757.44,"HKSK_MARKET_CAP":687302757.44,"PE_TTM":-7.420228869896,"PB_TTM":10.181915995655,"REPORT_DATE_SQ":"2021-12-31 00:00:00","REPORT_TYPE_SQ":"2021年年报","OPERATE_INCOME_SQ":397372000,"DPS_HKD":null,"OPERATE_INCOME_QOQ_SQ":15.053564190167,"NET_PROFIT_RATIO_SQ":-19.1223840633,"HOLDER_PROFIT_SQ":-76238000,"HOLDER_PROFIT_QOQ_SQ":-53.776953022571,"ROE_AVG_SQ":-44.579845568651,"PE_TTM_SQ":-5.509931375466,"PB_TTM_SQ":5.926247258,"ROA_SQ":-15.958837511369,"START_DATE":"2022-01-01 00:00:00","FISCAL_YEAR":"12-31","CURRENCY":"HKD","IS_CNY_CODE":0,"DPS_HKD_LY":null,"ORG_TYPE":"一般企业","PREMIUM_INCOME":null,"PREMIUM_INCOME_YOY":null,"NET_INTEREST_INCOME":null,"NET_INTEREST_INCOME_YOY":null,"FEE_COMMISSION_INCOME":null,"FEE_COMMISSION_INCOME_YOY":null,"ACCOUNTS_RECE_TDAYS":3.824652143929,"INVENTORY_TDAYS":null,"CURRENT_ASSETS_TDAYS":1.469741049559,"TOTAL_ASSETS_TDAYS":0.852671621965,"PREMIUM_EXPENSE":null,"LOAN_DEPOSIT":null,"LOAN_EQUITY":null,"LOAN_ASSETS":null,"DEPOSIT_EQUITY":null,"DEPOSIT_ASSETS":null,"EQUITY_MULTIPLIER":3.969385487818,"EQUITY_RATIO":3.714037143996},{"SECUCODE":"03680.HK","SECURITY_CODE":"03680","SECURITY_NAME_ABBR":"瑞和数智","ORG_CODE":"10000009090","STD_REPORT_DATE":"2022-06-30 00:00:00","REPORT_DATE":"2022-06-30 00:00:00","DATE_TYPE_CODE":"002","REPORT_TYPE":"2022年中报","PER_NETCASH_OPERATE":-0.192564014804,"PER_OI":0.421262520727,"BPS":0.175219550186,"BASIC_EPS":-0.0912,"DILUTED_EPS":-0.0914,"OPERATE_INCOME":172238000,"OPERATE_INCOME_YOY":19.1117688552,"GROSS_PROFIT":43432000,"GROSS_PROFIT_YOY":-14.564481863247,"HOLDER_PROFIT":-36765000,"HOLDER_PROFIT_YOY":11.7837604377,"GROSS_PROFIT_RATIO":25.216270509411,"EPS_TTM":-0.174452744551,"OPERATE_INCOME_QOQ":6.954692328599,"NET_PROFIT_RATIO":-21.7629094625,"ROE_AVG":-29.006946992201,"GROSS_PROFIT_QOQ":-5.730827579801,"ROA":-7.586223261736,"HOLDER_PROFIT_QOQ":6.441669508644,"ROE_YEARLY":-58.013893984402,"ROIC_YEARLY":-16.614076888402,"TOTAL_ASSETS":495565000,"TOTAL_LIABILITIES":364011000,"TAX_EBT":0.189056051125,"OCF_SALES":-45.711167105981,"TOTAL_PARENT_EQUITY":115797000,"DEBT_ASSET_RATIO":73.4537346261,"OPERATE_PROFIT":-32223000,"PRETAX_PROFIT":-37555000,"NETCASH_OPERATE":-78732000,"NETCASH_INVEST":-24155000,"NETCASH_FINANCE":110410000,"END_CASH":29916000,"DIVI_RATIO":null,"DIVIDEND_RATE":null,"CURRENT_RATIO":0.866896422704,"COMMON_ACS":2000000000,"CURRENTDEBT_DEBT":93.981225842076,"ISSUED_COMMON_SHARES":660868036,"HK_COMMON_SHARES":660868036,"PER_SHARES":2000,"TOTAL_MARKET_CAP":687302757.44,"HKSK_MARKET_CAP":687302757.44,"PE_TTM":-7.420228869896,"PB_TTM":10.181915995655,"REPORT_DATE_SQ":"2021-06-30 00:00:00","REPORT_TYPE_SQ":"2021年中报","OPERATE_INCOME_SQ":144602000,"DPS_HKD":null,"OPERATE_INCOME_QOQ_SQ":4.568712343698,"NET_PROFIT_RATIO_SQ":-28.5653033845,"HOLDER_PROFIT_SQ":-41676000,"HOLDER_PROFIT_QOQ_SQ":-278.219407995118,"ROE_AVG_SQ":-21.982519898516,"PE_TTM_SQ":-5.509931375466,"PB_TTM_SQ":5.926247258,"ROA_SQ":-8.952732639258,"START_DATE":"2022-01-01 00:00:00","FISCAL_YEAR":"12-31","CURRENCY":"HKD","IS_CNY_CODE":0,"DPS_HKD_LY":null,"ORG_TYPE":"一般企业","PREMIUM_INCOME":null,"PREMIUM_INCOME_YOY":null,"NET_INTEREST_INCOME":null,"NET_INTEREST_INCOME_YOY":null,"FEE_COMMISSION_INCOME":null,"FEE_COMMISSION_INCOME_YOY":null,"ACCOUNTS_RECE_TDAYS":1.571873146247,"INVENTORY_TDAYS":null,"CURRENT_ASSETS_TDAYS":0.600829533919,"TOTAL_ASSETS_TDAYS":0.355402127609,"PREMIUM_EXPENSE":null,"LOAN_DEPOSIT":null,"LOAN_EQUITY":null,"LOAN_ASSETS":null,"DEPOSIT_EQUITY":null,"DEPOSIT_ASSETS":null,"EQUITY_MULTIPLIER":3.767008224755,"EQUITY_RATIO":3.143527034379},{"SECUCODE":"03680.HK","SECURITY_CODE":"03680","SECURITY_NAME_ABBR":"瑞和数智","ORG_CODE":"10000009090","STD_REPORT_DATE":"2021-12-31 00:00:00","REPORT_DATE":"2021-12-31 00:00:00","DATE_TYPE_CODE":"001","REPORT_TYPE":"2021年年报","PER_NETCASH_OPERATE":-0.029936550849,"PER_OI":0.988117541666,"BPS":0.208353245276,"BASIC_EPS":-0.19,"DILUTED_EPS":-0.19,"OPERATE_INCOME":397372000,"OPERATE_INCOME_YOY":20.3100305792,"GROSS_PROFIT":129196000,"GROSS_PROFIT_YOY":9.868018232533,"HOLDER_PROFIT":-76238000,"HOLDER_PROFIT_YOY":-481.6142813549,"GROSS_PROFIT_RATIO":32.512607833466,"EPS_TTM":-0.1895757757,"OPERATE_INCOME_QOQ":15.053564190167,"NET_PROFIT_RATIO":-19.1223840633,"ROE_AVG":-44.579845568651,"GROSS_PROFIT_QOQ":-1.134085308927,"ROA":-15.958837511369,"HOLDER_PROFIT_QOQ":-53.776953022571,"ROE_YEARLY":-44.579845568651,"ROIC_YEARLY":-18.337330097438,"TOTAL_ASSETS":473692000,"TOTAL_LIABILITIES":319522000,"TAX_EBT":4.404438405797,"OCF_SALES":-3.029654832248,"TOTAL_PARENT_EQUITY":137694000,"DEBT_ASSET_RATIO":67.4535352085,"OPERATE_PROFIT":-73499000,"PRETAX_PROFIT":-79488000,"NETCASH_OPERATE":-12039000,"NETCASH_INVEST":-50033000,"NETCASH_FINANCE":10154000,"END_CASH":21955000,"DIVI_RATIO":null,"DIVIDEND_RATE":null,"CURRENT_RATIO":0.925060497079,"COMMON_ACS":2000000000,"CURRENTDEBT_DEBT":93.636118952686,"ISSUED_COMMON_SHARES":660868036,"HK_COMMON_SHARES":660868036,"PER_SHARES":2000,"TOTAL_MARKET_CAP":647650675.28,"HKSK_MARKET_CAP":647650675.28,"PE_TTM":-6.992138742787,"PB_TTM":9.594497765137,"REPORT_DATE_SQ":"2020-12-31 00:00:00","REPORT_TYPE_SQ":"2020年年报","OPERATE_INCOME_SQ":330290000,"DPS_HKD":null,"OPERATE_INCOME_QOQ_SQ":9.96544124012,"NET_PROFIT_RATIO_SQ":-3.848738987,"HOLDER_PROFIT_SQ":-13108000,"HOLDER_PROFIT_QOQ_SQ":-156.566842826385,"ROE_AVG_SQ":-6.333973592336,"PE_TTM_SQ":-5.352504764739,"PB_TTM_SQ":5.756925907772,"ROA_SQ":-3.064704115069,"START_DATE":"2021-01-01 00:00:00","FISCAL_YEAR":"12-31","CURRENCY":"HKD","IS_CNY_CODE":0,"DPS_HKD_LY":null,"ORG_TYPE":"一般企业","PREMIUM_INCOME":null,"PREMIUM_INCOME_YOY":null,"NET_INTEREST_INCOME":null,"NET_INTEREST_INCOME_YOY":null,"FEE_COMMISSION_INCOME":null,"FEE_COMMISSION_INCOME_YOY":null,"ACCOUNTS_RECE_TDAYS":3.411635923435,"INVENTORY_TDAYS":null,"CURRENT_ASSETS_TDAYS":1.363410069153,"TOTAL_ASSETS_TDAYS":0.831815522386,"PREMIUM_EXPENSE":null,"LOAN_DEPOSIT":null,"LOAN_EQUITY":null,"LOAN_ASSETS":null,"DEPOSIT_EQUITY":null,"DEPOSIT_ASSETS":null,"EQUITY_MULTIPLIER":3.072530323666,"EQUITY_RATIO":2.320522317603},{"SECUCODE":"03680.HK","SECURITY_CODE":"03680","SECURITY_NAME_ABBR":"瑞和数智","ORG_CODE":"10000009090","STD_REPORT_DATE":"2021-06-30 00:00:00","REPORT_DATE":"2021-06-30 00:00:00","DATE_TYPE_CODE":"002","REPORT_TYPE":"2021年中报","PER_NETCASH_OPERATE":-0.151672059063,"PER_OI":0.359571818749,"BPS":0.264559625335,"BASIC_EPS":-0.1036,"DILUTED_EPS":-0.1036,"OPERATE_INCOME":144602000,"OPERATE_INCOME_YOY":11.6514299833,"GROSS_PROFIT":50836000,"GROSS_PROFIT_YOY":34.664900662252,"HOLDER_PROFIT":-41676000,"HOLDER_PROFIT_YOY":-700.3840983292,"GROSS_PROFIT_RATIO":35.155806973624,"EPS_TTM":-0.123279706077,"OPERATE_INCOME_QOQ":4.568712343698,"NET_PROFIT_RATIO":-28.5653033845,"ROE_AVG":-21.982519898516,"GROSS_PROFIT_QOQ":11.128308048167,"ROA":-8.952732639258,"HOLDER_PROFIT_QOQ":-278.219407995118,"ROE_YEARLY":-43.965039797033,"ROIC_YEARLY":-20.426733259242,"TOTAL_ASSETS":449282000,"TOTAL_LIABILITIES":266000000,"TAX_EBT":0.754444978376,"OCF_SALES":-42.181297630738,"TOTAL_PARENT_EQUITY":174839000,"DEBT_ASSET_RATIO":59.2055768983,"OPERATE_PROFIT":-38787000,"PRETAX_PROFIT":-41620000,"NETCASH_OPERATE":-60995000,"NETCASH_INVEST":-18854000,"NETCASH_FINANCE":26768000,"END_CASH":20977000,"DIVI_RATIO":null,"DIVIDEND_RATE":null,"CURRENT_RATIO":1.17251414102,"COMMON_ACS":2000000000,"CURRENTDEBT_DEBT":89.525187969925,"ISSUED_COMMON_SHARES":660868036,"HK_COMMON_SHARES":660868036,"PER_SHARES":2000,"TOTAL_MARKET_CAP":687302757.44,"HKSK_MARKET_CAP":687302757.44,"PE_TTM":-7.420228869896,"PB_TTM":10.181915995655,"REPORT_DATE_SQ":"2020-06-30 00:00:00","REPORT_TYPE_SQ":"2020年中报","OPERATE_INCOME_SQ":129512000,"DPS_HKD":null,"OPERATE_INCOME_QOQ_SQ":16.456196809026,"NET_PROFIT_RATIO_SQ":-4.020476867,"HOLDER_PROFIT_SQ":-5207000,"HOLDER_PROFIT_QOQ_SQ":-223.884578079534,"ROE_AVG_SQ":-2.507198505407,"PE_TTM_SQ":-5.509931375466,"PB_TTM_SQ":5.926247258,"ROA_SQ":-1.471768722865,"START_DATE":"2021-01-01 00:00:00","FISCAL_YEAR":"12-31","CURRENCY":"HKD","IS_CNY_CODE":0,"DPS_HKD_LY":null,"ORG_TYPE":"一般企业","PREMIUM_INCOME":null,"PREMIUM_INCOME_YOY":null,"NET_INTEREST_INCOME":null,"NET_INTEREST_INCOME_YOY":null,"FEE_COMMISSION_INCOME":null,"FEE_COMMISSION_INCOME_YOY":null,"ACCOUNTS_RECE_TDAYS":1.309024084443,"INVENTORY_TDAYS":966.659793814433,"CURRENT_ASSETS_TDAYS":0.494060929922,"TOTAL_ASSETS_TDAYS":0.310630349626,"PREMIUM_EXPENSE":null,"LOAN_DEPOSIT":null,"LOAN_EQUITY":null,"LOAN_ASSETS":null,"DEPOSIT_EQUITY":null,"DEPOSIT_ASSETS":null,"EQUITY_MULTIPLIER":2.451315459241,"EQUITY_RATIO":1.521399687713},{"SECUCODE":"03680.HK","SECURITY_CODE":"03680","SECURITY_NAME_ABBR":"瑞和数智","ORG_CODE":"10000009090","STD_REPORT_DATE":"2020-12-31 00:00:00","REPORT_DATE":"2020-12-31 00:00:00","DATE_TYPE_CODE":"001","REPORT_TYPE":"2020年年报","PER_NETCASH_OPERATE":-0.222782246341,"PER_OI":0.821309359584,"BPS":0.309191833875,"BASIC_EPS":-0.033,"DILUTED_EPS":-0.033,"OPERATE_INCOME":330290000,"OPERATE_INCOME_YOY":28.0615706725,"GROSS_PROFIT":117592000,"GROSS_PROFIT_YOY":28.383955280914,"HOLDER_PROFIT":-13108000,"HOLDER_PROFIT_YOY":-417.8467507274,"GROSS_PROFIT_RATIO":35.60265221472,"EPS_TTM":-0.03259475941,"OPERATE_INCOME_QOQ":9.96544124012,"NET_PROFIT_RATIO":-3.848738987,"ROE_AVG":-6.333973592336,"GROSS_PROFIT_QOQ":27.599639745217,"ROA":-3.064704115069,"HOLDER_PROFIT_QOQ":-156.566842826385,"ROE_YEARLY":-6.333973592336,"ROIC_YEARLY":-4.432354020245,"TOTAL_ASSETS":481741000,"TOTAL_LIABILITIES":266094000,"TAX_EBT":-6.769695951621,"OCF_SALES":-27.125253565049,"TOTAL_PARENT_EQUITY":204335000,"DEBT_ASSET_RATIO":55.2359047704,"OPERATE_PROFIT":-7555000,"PRETAX_PROFIT":-11906000,"NETCASH_OPERATE":-89592000,"NETCASH_INVEST":-19736000,"NETCASH_FINANCE":6010000,"END_CASH":74184000,"DIVI_RATIO":null,"DIVIDEND_RATE":null,"CURRENT_RATIO":1.329335597077,"COMMON_ACS":2000000000,"CURRENTDEBT_DEBT":86.547235187565,"ISSUED_COMMON_SHARES":660868036,"HK_COMMON_SHARES":660868036,"PER_SHARES":2000,"TOTAL_MARKET_CAP":647650675.28,"HKSK_MARKET_CAP":647650675.28,"PE_TTM":-6.992138742787,"PB_TTM":9.594497765137,"REPORT_DATE_SQ":"2019-12-31 00:00:00","REPORT_TYPE_SQ":"2019年年报","OPERATE_INCOME_SQ":257915000,"DPS_HKD":null,"OPERATE_INCOME_QOQ_SQ":39.001018598861,"NET_PROFIT_RATIO_SQ":1.598976407,"HOLDER_PROFIT_SQ":4124000,"HOLDER_PROFIT_QOQ_SQ":-82.267704347078,"ROE_AVG_SQ":2.889735971747,"PE_TTM_SQ":-5.352504764739,"PB_TTM_SQ":5.756925907772,"ROA_SQ":1.498075641196,"START_DATE":"2020-01-01 00:00:00","FISCAL_YEAR":"12-31","CURRENCY":"HKD","IS_CNY_CODE":0,"DPS_HKD_LY":null,"ORG_TYPE":"一般企业","PREMIUM_INCOME":null,"PREMIUM_INCOME_YOY":null,"NET_INTEREST_INCOME":null,"NET_INTEREST_INCOME_YOY":null,"FEE_COMMISSION_INCOME":null,"FEE_COMMISSION_INCOME_YOY":null,"ACCOUNTS_RECE_TDAYS":3.90171583828,"INVENTORY_TDAYS":null,"CURRENT_ASSETS_TDAYS":1.108536120812,"TOTAL_ASSETS_TDAYS":0.772231554902,"PREMIUM_EXPENSE":null,"LOAN_DEPOSIT":null,"LOAN_EQUITY":null,"LOAN_ASSETS":null,"DEPOSIT_EQUITY":null,"DEPOSIT_ASSETS":null,"EQUITY_MULTIPLIER":2.233933233479,"EQUITY_RATIO":1.302243864243},{"SECUCODE":"03680.HK","SECURITY_CODE":"03680","SECURITY_NAME_ABBR":"瑞和数智","ORG_CODE":"10000009090","STD_REPORT_DATE":"2020-06-30 00:00:00","REPORT_DATE":"2020-06-30 00:00:00","DATE_TYPE_CODE":"002","REPORT_TYPE":"2020年中报","PER_NETCASH_OPERATE":-0.19812,"PER_OI":0.32378,"BPS":0.311414667966,"BASIC_EPS":-0.013,"DILUTED_EPS":-0.013,"OPERATE_INCOME":129512000,"OPERATE_INCOME_YOY":48.7463965361,"GROSS_PROFIT":37750000,"GROSS_PROFIT_YOY":1.51396993573,"HOLDER_PROFIT":-5207000,"HOLDER_PROFIT_YOY":-229.3343268753,"GROSS_PROFIT_RATIO":29.147878188894,"EPS_TTM":-0.0127725,"OPERATE_INCOME_QOQ":16.456196809026,"NET_PROFIT_RATIO":-4.020476867,"ROE_AVG":-2.507198505407,"GROSS_PROFIT_QOQ":0.614669083128,"ROA":-1.471768722865,"HOLDER_PROFIT_QOQ":-223.884578079534,"ROE_YEARLY":-5.014397010815,"ROIC_YEARLY":-4.53670224352,"TOTAL_ASSETS":333908000,"TOTAL_LIABILITIES":128104000,"TAX_EBT":-3.6837913182,"OCF_SALES":-61.189696707641,"TOTAL_PARENT_EQUITY":205804000,"DEBT_ASSET_RATIO":38.3650586389,"OPERATE_PROFIT":-3058000,"PRETAX_PROFIT":-5022000,"NETCASH_OPERATE":-79248000,"NETCASH_INVEST":-33228000,"NETCASH_FINANCE":4018000,"END_CASH":70032000,"DIVI_RATIO":null,"DIVIDEND_RATE":null,"CURRENT_RATIO":1.998686136243,"COMMON_ACS":2000000000,"CURRENTDEBT_DEBT":93.873727596328,"ISSUED_COMMON_SHARES":660868036,"HK_COMMON_SHARES":660868036,"PER_SHARES":2000,"TOTAL_MARKET_CAP":687302757.44,"HKSK_MARKET_CAP":687302757.44,"PE_TTM":-7.420228869896,"PB_TTM":10.181915995655,"REPORT_DATE_SQ":"2019-06-30 00:00:00","REPORT_TYPE_SQ":"2019年中报","OPERATE_INCOME_SQ":87069000,"DPS_HKD":null,"OPERATE_INCOME_QOQ_SQ":0,"NET_PROFIT_RATIO_SQ":4.6239189608,"HOLDER_PROFIT_SQ":4026000,"HOLDER_PROFIT_QOQ_SQ":0,"ROE_AVG_SQ":null,"PE_TTM_SQ":-5.509931375466,"PB_TTM_SQ":5.926247258,"ROA_SQ":null,"START_DATE":"2020-01-01 00:00:00","FISCAL_YEAR":"12-31","CURRENCY":"HKD","IS_CNY_CODE":0,"DPS_HKD_LY":null,"ORG_TYPE":"一般企业","PREMIUM_INCOME":null,"PREMIUM_INCOME_YOY":null,"NET_INTEREST_INCOME":null,"NET_INTEREST_INCOME_YOY":null,"FEE_COMMISSION_INCOME":null,"FEE_COMMISSION_INCOME_YOY":null,"ACCOUNTS_RECE_TDAYS":2.029237108879,"INVENTORY_TDAYS":30587.3333333333,"CURRENT_ASSETS_TDAYS":0.488618507305,"TOTAL_ASSETS_TDAYS":0.366068198263,"PREMIUM_EXPENSE":null,"LOAN_DEPOSIT":null,"LOAN_EQUITY":null,"LOAN_ASSETS":null,"DEPOSIT_EQUITY":null,"DEPOSIT_ASSETS":null,"EQUITY_MULTIPLIER":1.622456317661,"EQUITY_RATIO":0.622456317661}],"count":14},"success":true,"message":"ok","code":0}