{"version":"2daed6bd8d0220d34a95cba2f00a16ce","result":{"pages":4,"data":[{"SECUCODE":"03683.HK","SECURITY_CODE":"03683","SECURITY_NAME_ABBR":"荣丰亿控股","ORG_CODE":"10152817","STD_REPORT_DATE":"2024-06-30 00:00:00","REPORT_DATE":"2024-09-30 00:00:00","DATE_TYPE_CODE":"002","REPORT_TYPE":"2024年中报","PER_NETCASH_OPERATE":0.018382578413,"PER_OI":0.085035056604,"BPS":0.077723218692,"BASIC_EPS":-0.05465772,"DILUTED_EPS":-0.05465772,"OPERATE_INCOME":81005544,"OPERATE_INCOME_YOY":74.1226088266,"GROSS_PROFIT":953006.4,"GROSS_PROFIT_YOY":160.887336566836,"HOLDER_PROFIT":-52331263.2,"HOLDER_PROFIT_YOY":-11.8131456805,"GROSS_PROFIT_RATIO":1.176470588235,"EPS_TTM":-0.053073958442,"OPERATE_INCOME_QOQ":0,"NET_PROFIT_RATIO":-64.6539792388,"ROE_AVG":-52.196400489254,"GROSS_PROFIT_QOQ":0,"ROA":-6.839579440964,"HOLDER_PROFIT_QOQ":0,"ROE_YEARLY":-104.392800978508,"ROIC_YEARLY":-14.440405290432,"TOTAL_ASSETS":722904406.2,"TOTAL_LIABILITIES":617947569,"TAX_EBT":null,"OCF_SALES":21.617647058824,"TOTAL_PARENT_EQUITY":74040188.4,"DEBT_ASSET_RATIO":85.4812287351,"OPERATE_PROFIT":-37994122.8,"PRETAX_PROFIT":-52373307.6,"NETCASH_OPERATE":17511492.6,"NETCASH_INVEST":31799581.2,"NETCASH_FINANCE":-45162693,"END_CASH":11373010.2,"DIVI_RATIO":null,"DIVIDEND_RATE":null,"CURRENT_RATIO":0.041734825345,"COMMON_ACS":4000000000,"CURRENTDEBT_DEBT":78.33418381811,"ISSUED_COMMON_SHARES":952613513,"HK_COMMON_SHARES":952613513,"PER_SHARES":2500,"TOTAL_MARKET_CAP":119076689.125,"HKSK_MARKET_CAP":119076689.125,"PE_TTM":-1.934860772143,"PB_TTM":1.450322720556,"REPORT_DATE_SQ":"2023-06-30 00:00:00","REPORT_TYPE_SQ":"2023年中报","OPERATE_INCOME_SQ":47666692.2,"DPS_HKD":null,"OPERATE_INCOME_QOQ_SQ":0,"NET_PROFIT_RATIO_SQ":-100.692875433,"HOLDER_PROFIT_SQ":-47953884.2,"HOLDER_PROFIT_QOQ_SQ":0,"ROE_AVG_SQ":-30.012582007729,"PE_TTM_SQ":-0.842573935178,"PB_TTM_SQ":1.183820334431,"ROA_SQ":-5.199769556552,"START_DATE":"2024-04-01 00:00:00","FISCAL_YEAR":"3-31","CURRENCY":"HKD","IS_CNY_CODE":0,"DPS_HKD_LY":null,"ORG_TYPE":"一般企业","PREMIUM_INCOME":null,"PREMIUM_INCOME_YOY":null,"NET_INTEREST_INCOME":null,"NET_INTEREST_INCOME_YOY":null,"FEE_COMMISSION_INCOME":null,"FEE_COMMISSION_INCOME_YOY":null,"ACCOUNTS_RECE_TDAYS":5.327188940092,"INVENTORY_TDAYS":null,"CURRENT_ASSETS_TDAYS":3.292978208232,"TOTAL_ASSETS_TDAYS":0.105872440195,"PREMIUM_EXPENSE":null,"LOAN_DEPOSIT":null,"LOAN_EQUITY":null,"LOAN_ASSETS":null,"DEPOSIT_EQUITY":null,"DEPOSIT_ASSETS":null,"EQUITY_MULTIPLIER":6.887635198287,"EQUITY_RATIO":8.346110164679},{"SECUCODE":"03683.HK","SECURITY_CODE":"03683","SECURITY_NAME_ABBR":"荣丰亿控股","ORG_CODE":"10152817","STD_REPORT_DATE":"2023-12-31 00:00:00","REPORT_DATE":"2024-03-31 00:00:00","DATE_TYPE_CODE":"001","REPORT_TYPE":"2023年年报","PER_NETCASH_OPERATE":0.021286187655,"PER_OI":0.100189571844,"BPS":0.134427712028,"BASIC_EPS":-0.0532125,"DILUTED_EPS":-0.0532125,"OPERATE_INCOME":95441940,"OPERATE_INCOME_YOY":-26.221685954,"GROSS_PROFIT":3618450,"GROSS_PROFIT_YOY":-74.263306211028,"HOLDER_PROFIT":-50558970,"HOLDER_PROFIT_YOY":58.31041947,"GROSS_PROFIT_RATIO":3.791257805531,"EPS_TTM":-0.184484115438,"OPERATE_INCOME_QOQ":0,"NET_PROFIT_RATIO":-50.5649717514,"ROE_AVG":-31.984559797123,"GROSS_PROFIT_QOQ":0,"ROA":-5.742027759312,"HOLDER_PROFIT_QOQ":0,"ROE_YEARLY":-31.984559797123,"ROIC_YEARLY":-6.027235050326,"TOTAL_ASSETS":817436235,"TOTAL_LIABILITIES":658025775,"TAX_EBT":-22.646952758745,"OCF_SALES":21.245911388641,"TOTAL_PARENT_EQUITY":128057655,"DEBT_ASSET_RATIO":80.4987284421,"OPERATE_PROFIT":-3760350,"PRETAX_PROFIT":-39348870,"NETCASH_OPERATE":20277510,"NETCASH_INVEST":73319730,"NETCASH_FINANCE":-100571625,"END_CASH":7506510,"DIVI_RATIO":null,"DIVIDEND_RATE":null,"CURRENT_RATIO":0.060532475132,"COMMON_ACS":4000000000,"CURRENTDEBT_DEBT":73.707477492048,"ISSUED_COMMON_SHARES":952613513,"HK_COMMON_SHARES":952613513,"PER_SHARES":2500,"TOTAL_MARKET_CAP":166707364.775,"HKSK_MARKET_CAP":166707364.775,"PE_TTM":-2.708805081001,"PB_TTM":2.030451808778,"REPORT_DATE_SQ":"2022-12-31 00:00:00","REPORT_TYPE_SQ":"2022年年报","OPERATE_INCOME_SQ":125291706.1,"DPS_HKD":null,"OPERATE_INCOME_QOQ_SQ":0,"NET_PROFIT_RATIO_SQ":-93.83535348,"HOLDER_PROFIT_SQ":-117457968.1,"HOLDER_PROFIT_QOQ_SQ":0,"ROE_AVG_SQ":-46.415575951773,"PE_TTM_SQ":-1.2637633591,"PB_TTM_SQ":1.204114397307,"ROA_SQ":-11.923005827925,"START_DATE":"2023-04-01 00:00:00","FISCAL_YEAR":"3-31","CURRENCY":"HKD","IS_CNY_CODE":0,"DPS_HKD_LY":null,"ORG_TYPE":"一般企业","PREMIUM_INCOME":null,"PREMIUM_INCOME_YOY":null,"NET_INTEREST_INCOME":null,"NET_INTEREST_INCOME_YOY":null,"FEE_COMMISSION_INCOME":null,"FEE_COMMISSION_INCOME_YOY":null,"ACCOUNTS_RECE_TDAYS":3.635675675676,"INVENTORY_TDAYS":null,"CURRENT_ASSETS_TDAYS":2.562529764739,"TOTAL_ASSETS_TDAYS":0.108394270865,"PREMIUM_EXPENSE":null,"LOAN_DEPOSIT":null,"LOAN_EQUITY":null,"LOAN_ASSETS":null,"DEPOSIT_EQUITY":null,"DEPOSIT_ASSETS":null,"EQUITY_MULTIPLIER":5.12787074951,"EQUITY_RATIO":5.13851182891},{"SECUCODE":"03683.HK","SECURITY_CODE":"03683","SECURITY_NAME_ABBR":"荣丰亿控股","ORG_CODE":"10152817","STD_REPORT_DATE":"2023-06-30 00:00:00","REPORT_DATE":"2023-09-30 00:00:00","DATE_TYPE_CODE":"002","REPORT_TYPE":"2023年中报","PER_NETCASH_OPERATE":0.01619690461,"PER_OI":0.050037808145,"BPS":0.135650018225,"BASIC_EPS":-0.0502586,"DILUTED_EPS":-0.0502586,"OPERATE_INCOME":47666692.2,"OPERATE_INCOME_YOY":-38.4708063021,"GROSS_PROFIT":-1565196.4,"GROSS_PROFIT_YOY":-108.492157443095,"HOLDER_PROFIT":-47953884.2,"HOLDER_PROFIT_YOY":-559.0378006873,"GROSS_PROFIT_RATIO":-3.283627052267,"EPS_TTM":-0.123300757859,"OPERATE_INCOME_QOQ":0,"NET_PROFIT_RATIO":-100.692875433,"ROE_AVG":-30.012582007729,"GROSS_PROFIT_QOQ":0,"ROA":-5.199769556552,"HOLDER_PROFIT_QOQ":0,"ROE_YEARLY":-60.025164015458,"ROIC_YEARLY":-10.922634744249,"TOTAL_ASSETS":889605939.2,"TOTAL_LIABILITIES":731377506.8,"TAX_EBT":null,"OCF_SALES":32.369332730833,"TOTAL_PARENT_EQUITY":129222040.4,"DEBT_ASSET_RATIO":82.2136492769,"OPERATE_PROFIT":-29027931.4,"PRETAX_PROFIT":-47996963,"NETCASH_OPERATE":15429390.2,"NETCASH_INVEST":-122056.6,"NETCASH_FINANCE":-14847826.4,"END_CASH":14323701,"DIVI_RATIO":null,"DIVIDEND_RATE":null,"CURRENT_RATIO":0.073202343304,"COMMON_ACS":4000000000,"CURRENTDEBT_DEBT":75.742642294779,"ISSUED_COMMON_SHARES":952613513,"HK_COMMON_SHARES":952613513,"PER_SHARES":2500,"TOTAL_MARKET_CAP":166707364.775,"HKSK_MARKET_CAP":166707364.775,"PE_TTM":-2.708805081001,"PB_TTM":2.030451808778,"REPORT_DATE_SQ":"2022-06-30 00:00:00","REPORT_TYPE_SQ":"2022年中报","OPERATE_INCOME_SQ":76606842,"DPS_HKD":null,"OPERATE_INCOME_QOQ_SQ":0,"NET_PROFIT_RATIO_SQ":13.4105653383,"HOLDER_PROFIT_SQ":10330209,"HOLDER_PROFIT_QOQ_SQ":0,"ROE_AVG_SQ":3.203928390549,"PE_TTM_SQ":-1.2637633591,"PB_TTM_SQ":1.204114397307,"ROA_SQ":0.981347649993,"START_DATE":"2023-04-01 00:00:00","FISCAL_YEAR":"3-31","CURRENCY":"HKD","IS_CNY_CODE":0,"DPS_HKD_LY":null,"ORG_TYPE":"一般企业","PREMIUM_INCOME":null,"PREMIUM_INCOME_YOY":null,"NET_INTEREST_INCOME":null,"NET_INTEREST_INCOME_YOY":null,"FEE_COMMISSION_INCOME":null,"FEE_COMMISSION_INCOME_YOY":null,"ACCOUNTS_RECE_TDAYS":null,"INVENTORY_TDAYS":null,"CURRENT_ASSETS_TDAYS":1.10567074694,"TOTAL_ASSETS_TDAYS":0.051686285501,"PREMIUM_EXPENSE":null,"LOAN_DEPOSIT":null,"LOAN_EQUITY":null,"LOAN_ASSETS":null,"DEPOSIT_EQUITY":null,"DEPOSIT_ASSETS":null,"EQUITY_MULTIPLIER":5.622288773949,"EQUITY_RATIO":5.659851094566},{"SECUCODE":"03683.HK","SECURITY_CODE":"03683","SECURITY_NAME_ABBR":"荣丰亿控股","ORG_CODE":"10152817","STD_REPORT_DATE":"2022-12-31 00:00:00","REPORT_DATE":"2023-03-31 00:00:00","DATE_TYPE_CODE":"001","REPORT_TYPE":"2022年年报","PER_NETCASH_OPERATE":0.044132337014,"PER_OI":0.131524174694,"BPS":0.19123050903,"BASIC_EPS":-0.12300343,"DILUTED_EPS":-0.12300343,"OPERATE_INCOME":125291706.1,"OPERATE_INCOME_YOY":-15.4391985901,"GROSS_PROFIT":14059498.2,"GROSS_PROFIT_YOY":-79.055021752062,"HOLDER_PROFIT":-117457968.1,"HOLDER_PROFIT_YOY":-169.1408462099,"GROSS_PROFIT_RATIO":11.221411725991,"EPS_TTM":0.076037557951,"OPERATE_INCOME_QOQ":0,"NET_PROFIT_RATIO":-93.83535348,"ROE_AVG":-46.415575951773,"GROSS_PROFIT_QOQ":0,"ROA":-11.923005827925,"HOLDER_PROFIT_QOQ":0,"ROE_YEARLY":-46.415575951773,"ROIC_YEARLY":-12.514413942813,"TOTAL_ASSETS":913881126.4,"TOTAL_LIABILITIES":702665683.5,"TAX_EBT":-0.052631578947,"OCF_SALES":33.554543958756,"TOTAL_PARENT_EQUITY":182168767,"DEBT_ASSET_RATIO":76.8880834937,"OPERATE_PROFIT":-42941253.3,"PRETAX_PROFIT":-117506070,"NETCASH_OPERATE":42041060.6,"NETCASH_INVEST":-10671750.1,"NETCASH_FINANCE":-35815300.4,"END_CASH":14025139.7,"DIVI_RATIO":null,"DIVIDEND_RATE":null,"CURRENT_RATIO":0.082885958511,"COMMON_ACS":4000000000,"CURRENTDEBT_DEBT":75.051586719476,"ISSUED_COMMON_SHARES":952613513,"HK_COMMON_SHARES":952613513,"PER_SHARES":2500,"TOTAL_MARKET_CAP":169565205.314,"HKSK_MARKET_CAP":169565205.314,"PE_TTM":-2.755241739532,"PB_TTM":2.065259554071,"REPORT_DATE_SQ":"2021-12-31 00:00:00","REPORT_TYPE_SQ":"2021年年报","OPERATE_INCOME_SQ":136879888.4,"DPS_HKD":null,"OPERATE_INCOME_QOQ_SQ":0,"NET_PROFIT_RATIO_SQ":114.5348297932,"HOLDER_PROFIT_SQ":156940200.4,"HOLDER_PROFIT_QOQ_SQ":0,"ROE_AVG_SQ":72.734226746495,"PE_TTM_SQ":-1.2637633591,"PB_TTM_SQ":1.204114397307,"ROA_SQ":17.363332759753,"START_DATE":"2022-04-01 00:00:00","FISCAL_YEAR":"3-31","CURRENCY":"HKD","IS_CNY_CODE":0,"DPS_HKD_LY":null,"ORG_TYPE":"一般企业","PREMIUM_INCOME":null,"PREMIUM_INCOME_YOY":null,"NET_INTEREST_INCOME":null,"NET_INTEREST_INCOME_YOY":null,"FEE_COMMISSION_INCOME":null,"FEE_COMMISSION_INCOME_YOY":null,"ACCOUNTS_RECE_TDAYS":4.220601851852,"INVENTORY_TDAYS":null,"CURRENT_ASSETS_TDAYS":2.498698095108,"TOTAL_ASSETS_TDAYS":0.127181984005,"PREMIUM_EXPENSE":null,"LOAN_DEPOSIT":null,"LOAN_EQUITY":null,"LOAN_ASSETS":null,"DEPOSIT_EQUITY":null,"DEPOSIT_ASSETS":null,"EQUITY_MULTIPLIER":4.32677229397,"EQUITY_RATIO":3.857223689174},{"SECUCODE":"03683.HK","SECURITY_CODE":"03683","SECURITY_NAME_ABBR":"荣丰亿控股","ORG_CODE":"10152817","STD_REPORT_DATE":"2022-06-30 00:00:00","REPORT_DATE":"2022-09-30 00:00:00","DATE_TYPE_CODE":"002","REPORT_TYPE":"2022年中报","PER_NETCASH_OPERATE":0.038613837929,"PER_OI":0.080417547048,"BPS":0.325575544507,"BASIC_EPS":0.010862694,"DILUTED_EPS":0.000141996,"OPERATE_INCOME":76606842,"OPERATE_INCOME_YOY":5.0326097537,"GROSS_PROFIT":18431080.8,"GROSS_PROFIT_YOY":-47.361838970224,"HOLDER_PROFIT":10330209,"HOLDER_PROFIT_YOY":-90.0499213568,"GROSS_PROFIT_RATIO":24.059314179796,"EPS_TTM":0.164746981077,"OPERATE_INCOME_QOQ":0,"NET_PROFIT_RATIO":13.4105653383,"ROE_AVG":3.203928390549,"GROSS_PROFIT_QOQ":0,"ROA":0.981347649993,"HOLDER_PROFIT_QOQ":0,"ROE_YEARLY":6.407856781098,"ROIC_YEARLY":2.05823896791,"TOTAL_ASSETS":1013851440,"TOTAL_LIABILITIES":674594596.8,"TAX_EBT":0.275671950379,"OCF_SALES":48.016682113068,"TOTAL_PARENT_EQUITY":310147663.2,"DEBT_ASSET_RATIO":66.5378151261,"OPERATE_PROFIT":22485066.6,"PRETAX_PROFIT":10301809.8,"NETCASH_OPERATE":36784063.8,"NETCASH_INVEST":-11664971.4,"NETCASH_FINANCE":-27284531.4,"END_CASH":16918823.4,"DIVI_RATIO":null,"DIVIDEND_RATE":null,"CURRENT_RATIO":0.334322070329,"COMMON_ACS":4000000000,"CURRENTDEBT_DEBT":24.482192472847,"ISSUED_COMMON_SHARES":952613513,"HK_COMMON_SHARES":952613513,"PER_SHARES":2500,"TOTAL_MARKET_CAP":169565205.314,"HKSK_MARKET_CAP":169565205.314,"PE_TTM":-2.755241739532,"PB_TTM":2.065259554071,"REPORT_DATE_SQ":"2021-06-30 00:00:00","REPORT_TYPE_SQ":"2021年中报","OPERATE_INCOME_SQ":66624514.2,"DPS_HKD":null,"OPERATE_INCOME_QOQ_SQ":0,"NET_PROFIT_RATIO_SQ":142.1979947435,"HOLDER_PROFIT_SQ":94836004.2,"HOLDER_PROFIT_QOQ_SQ":0,"ROE_AVG_SQ":51.402559055118,"PE_TTM_SQ":-1.2637633591,"PB_TTM_SQ":1.204114397307,"ROA_SQ":10.564186663103,"START_DATE":"2022-04-01 00:00:00","FISCAL_YEAR":"3-31","CURRENCY":"HKD","IS_CNY_CODE":0,"DPS_HKD_LY":null,"ORG_TYPE":"一般企业","PREMIUM_INCOME":null,"PREMIUM_INCOME_YOY":null,"NET_INTEREST_INCOME":null,"NET_INTEREST_INCOME_YOY":null,"FEE_COMMISSION_INCOME":null,"FEE_COMMISSION_INCOME_YOY":null,"ACCOUNTS_RECE_TDAYS":null,"INVENTORY_TDAYS":null,"CURRENT_ASSETS_TDAYS":1.347907557776,"TOTAL_ASSETS_TDAYS":0.072774853219,"PREMIUM_EXPENSE":null,"LOAN_DEPOSIT":null,"LOAN_EQUITY":null,"LOAN_ASSETS":null,"DEPOSIT_EQUITY":null,"DEPOSIT_ASSETS":null,"EQUITY_MULTIPLIER":2.988448016077,"EQUITY_RATIO":2.175075542533},{"SECUCODE":"03683.HK","SECURITY_CODE":"03683","SECURITY_NAME_ABBR":"荣丰亿控股","ORG_CODE":"10152817","STD_REPORT_DATE":"2021-12-31 00:00:00","REPORT_DATE":"2022-03-31 00:00:00","DATE_TYPE_CODE":"001","REPORT_TYPE":"2021年年报","PER_NETCASH_OPERATE":0.080394287667,"PER_OI":0.143688795647,"BPS":0.314153473907,"BASIC_EPS":0.1650532,"DILUTED_EPS":0.12188544,"OPERATE_INCOME":136879888.4,"OPERATE_INCOME_YOY":73.1331299181,"GROSS_PROFIT":67125866.8,"GROSS_PROFIT_YOY":790.584627393026,"HOLDER_PROFIT":156940200.4,"HOLDER_PROFIT_YOY":858.8090853284,"GROSS_PROFIT_RATIO":49.039977738614,"EPS_TTM":0.103987528886,"OPERATE_INCOME_QOQ":0,"NET_PROFIT_RATIO":114.5348297932,"ROE_AVG":72.734226746495,"GROSS_PROFIT_QOQ":0,"ROA":17.363332759753,"HOLDER_PROFIT_QOQ":0,"ROE_YEARLY":72.734226746495,"ROIC_YEARLY":18.124766310603,"TOTAL_ASSETS":975915134.2,"TOTAL_LIABILITIES":647484659,"TAX_EBT":0.028336639275,"OCF_SALES":55.950282905111,"TOTAL_PARENT_EQUITY":299266844.4,"DEBT_ASSET_RATIO":66.3464102881,"OPERATE_PROFIT":171452185.6,"PRETAX_PROFIT":156819584.6,"NETCASH_OPERATE":76584684.8,"NETCASH_INVEST":-11268055,"NETCASH_FINANCE":-49636575.8,"END_CASH":17063961.6,"DIVI_RATIO":null,"DIVIDEND_RATE":null,"CURRENT_RATIO":0.11086423743,"COMMON_ACS":4000000000,"CURRENTDEBT_DEBT":72.809451443698,"ISSUED_COMMON_SHARES":952613513,"HK_COMMON_SHARES":952613513,"PER_SHARES":2500,"TOTAL_MARKET_CAP":169565205.314,"HKSK_MARKET_CAP":169565205.314,"PE_TTM":-2.755241739532,"PB_TTM":2.065259554071,"REPORT_DATE_SQ":"2020-12-31 00:00:00","REPORT_TYPE_SQ":"2020年年报","OPERATE_INCOME_SQ":81838970.2,"DPS_HKD":null,"OPERATE_INCOME_QOQ_SQ":0,"NET_PROFIT_RATIO_SQ":-25.1485466517,"HOLDER_PROFIT_SQ":-21409295.4,"HOLDER_PROFIT_QOQ_SQ":0,"ROE_AVG_SQ":-15.625149872908,"PE_TTM_SQ":-1.2637633591,"PB_TTM_SQ":1.204114397307,"ROA_SQ":-2.559097639236,"START_DATE":"2021-04-01 00:00:00","FISCAL_YEAR":"3-31","CURRENCY":"HKD","IS_CNY_CODE":0,"DPS_HKD_LY":null,"ORG_TYPE":"一般企业","PREMIUM_INCOME":null,"PREMIUM_INCOME_YOY":null,"NET_INTEREST_INCOME":null,"NET_INTEREST_INCOME_YOY":null,"FEE_COMMISSION_INCOME":null,"FEE_COMMISSION_INCOME_YOY":null,"ACCOUNTS_RECE_TDAYS":null,"INVENTORY_TDAYS":null,"CURRENT_ASSETS_TDAYS":3.79646095607,"TOTAL_ASSETS_TDAYS":0.151439277148,"PREMIUM_EXPENSE":null,"LOAN_DEPOSIT":null,"LOAN_EQUITY":null,"LOAN_ASSETS":null,"DEPOSIT_EQUITY":null,"DEPOSIT_ASSETS":null,"EQUITY_MULTIPLIER":2.971451213855,"EQUITY_RATIO":2.16356964066},{"SECUCODE":"03683.HK","SECURITY_CODE":"03683","SECURITY_NAME_ABBR":"荣丰亿控股","ORG_CODE":"10152817","STD_REPORT_DATE":"2021-06-30 00:00:00","REPORT_DATE":"2021-09-30 00:00:00","DATE_TYPE_CODE":"002","REPORT_TYPE":"2021年中报","PER_NETCASH_OPERATE":0.045974475065,"PER_OI":0.069938661683,"BPS":0.245489944672,"BASIC_EPS":0.09955089,"DILUTED_EPS":0.075165786,"OPERATE_INCOME":66624514.2,"OPERATE_INCOME_YOY":83.479192713,"GROSS_PROFIT":35014674.6,"GROSS_PROFIT_YOY":2849.50807180307,"HOLDER_PROFIT":94836004.2,"HOLDER_PROFIT_YOY":488.4962805526,"GROSS_PROFIT_RATIO":52.555241896233,"EPS_TTM":-0.022474272208,"OPERATE_INCOME_QOQ":0,"NET_PROFIT_RATIO":142.1979947435,"ROE_AVG":51.402559055118,"GROSS_PROFIT_QOQ":0,"ROA":10.564186663103,"HOLDER_PROFIT_QOQ":0,"ROE_YEARLY":102.805118110236,"ROIC_YEARLY":22.196586191456,"TOTAL_ASSETS":945642659.4,"TOTAL_LIABILITIES":682555923,"TAX_EBT":0.027374760471,"OCF_SALES":65.735422953373,"TOTAL_PARENT_EQUITY":233857038.6,"DEBT_ASSET_RATIO":72.1790537065,"OPERATE_PROFIT":106289220.6,"PRETAX_PROFIT":94764664.8,"NETCASH_OPERATE":43795906.2,"NETCASH_INVEST":-525317.4,"NETCASH_FINANCE":-17854306.2,"END_CASH":26817129,"DIVI_RATIO":null,"DIVIDEND_RATE":null,"CURRENT_RATIO":0.086365269154,"COMMON_ACS":4000000000,"CURRENTDEBT_DEBT":74.063375932348,"ISSUED_COMMON_SHARES":952613513,"HK_COMMON_SHARES":952613513,"PER_SHARES":2500,"TOTAL_MARKET_CAP":169565205.314,"HKSK_MARKET_CAP":169565205.314,"PE_TTM":-2.755241739532,"PB_TTM":2.065259554071,"REPORT_DATE_SQ":"2020-06-30 00:00:00","REPORT_TYPE_SQ":"2020年中报","OPERATE_INCOME_SQ":38129749.9,"DPS_HKD":null,"OPERATE_INCOME_QOQ_SQ":0,"NET_PROFIT_RATIO_SQ":-66.2261118057,"HOLDER_PROFIT_SQ":-25633216.4,"HOLDER_PROFIT_QOQ_SQ":0,"ROE_AVG_SQ":-19.001463981019,"PE_TTM_SQ":-1.2637633591,"PB_TTM_SQ":1.204114397307,"ROA_SQ":-3.009923792312,"START_DATE":"2021-04-01 00:00:00","FISCAL_YEAR":"3-31","CURRENCY":"HKD","IS_CNY_CODE":0,"DPS_HKD_LY":null,"ORG_TYPE":"一般企业","PREMIUM_INCOME":null,"PREMIUM_INCOME_YOY":null,"NET_INTEREST_INCOME":null,"NET_INTEREST_INCOME_YOY":null,"FEE_COMMISSION_INCOME":null,"FEE_COMMISSION_INCOME_YOY":null,"ACCOUNTS_RECE_TDAYS":4.818480300188,"INVENTORY_TDAYS":null,"CURRENT_ASSETS_TDAYS":2.084195577196,"TOTAL_ASSETS_TDAYS":0.074215885653,"PREMIUM_EXPENSE":null,"LOAN_DEPOSIT":null,"LOAN_EQUITY":null,"LOAN_ASSETS":null,"DEPOSIT_EQUITY":null,"DEPOSIT_ASSETS":null,"EQUITY_MULTIPLIER":3.594414041314,"EQUITY_RATIO":2.918688815552},{"SECUCODE":"03683.HK","SECURITY_CODE":"03683","SECURITY_NAME_ABBR":"荣丰亿控股","ORG_CODE":"10152817","STD_REPORT_DATE":"2020-12-31 00:00:00","REPORT_DATE":"2021-03-31 00:00:00","DATE_TYPE_CODE":"001","REPORT_TYPE":"2020年年报","PER_NETCASH_OPERATE":0.017576564023,"PER_OI":0.085909940478,"BPS":0.143737387966,"BASIC_EPS":-0.02234242,"DILUTED_EPS":-0.02234242,"OPERATE_INCOME":81838970.2,"OPERATE_INCOME_YOY":1.8732106339,"GROSS_PROFIT":7537281.1,"GROSS_PROFIT_YOY":-40.865958090427,"HOLDER_PROFIT":-21409295.4,"HOLDER_PROFIT_YOY":68.0869820746,"GROSS_PROFIT_RATIO":9.209892404047,"EPS_TTM":-0.088458295814,"OPERATE_INCOME_QOQ":0,"NET_PROFIT_RATIO":-25.1485466517,"ROE_AVG":-15.625149872908,"GROSS_PROFIT_QOQ":0,"ROA":-2.559097639236,"HOLDER_PROFIT_QOQ":0,"ROE_YEARLY":-15.625149872908,"ROIC_YEARLY":-2.652500457959,"TOTAL_ASSETS":861037439,"TOTAL_LIABILITIES":694783549,"TAX_EBT":-30.120481927711,"OCF_SALES":20.459290187891,"TOTAL_PARENT_EQUITY":136926178.1,"DEBT_ASSET_RATIO":80.6914447073,"OPERATE_PROFIT":23354400.2,"PRETAX_PROFIT":-15817119.1,"NETCASH_OPERATE":16743672.4,"NETCASH_INVEST":-19063341.3,"NETCASH_FINANCE":2017389.1,"END_CASH":1432543.4,"DIVI_RATIO":null,"DIVIDEND_RATE":null,"CURRENT_RATIO":0.046208425721,"COMMON_ACS":4000000000,"CURRENTDEBT_DEBT":63.983732147924,"ISSUED_COMMON_SHARES":952613513,"HK_COMMON_SHARES":952613513,"PER_SHARES":2500,"TOTAL_MARKET_CAP":169565205.314,"HKSK_MARKET_CAP":169565205.314,"PE_TTM":-2.755241739532,"PB_TTM":2.065259554071,"REPORT_DATE_SQ":"2019-12-31 00:00:00","REPORT_TYPE_SQ":"2019年年报","OPERATE_INCOME_SQ":86615347.5,"DPS_HKD":null,"OPERATE_INCOME_QOQ_SQ":0,"NET_PROFIT_RATIO_SQ":-81.6032719836,"HOLDER_PROFIT_SQ":-72331785.9,"HOLDER_PROFIT_QOQ_SQ":0,"ROE_AVG_SQ":-37.826521916336,"PE_TTM_SQ":-1.2637633591,"PB_TTM_SQ":1.204114397307,"ROA_SQ":-7.92630377565,"START_DATE":"2020-04-01 00:00:00","FISCAL_YEAR":"3-31","CURRENCY":"HKD","IS_CNY_CODE":0,"DPS_HKD_LY":null,"ORG_TYPE":"一般企业","PREMIUM_INCOME":null,"PREMIUM_INCOME_YOY":null,"NET_INTEREST_INCOME":null,"NET_INTEREST_INCOME_YOY":null,"FEE_COMMISSION_INCOME":null,"FEE_COMMISSION_INCOME_YOY":null,"ACCOUNTS_RECE_TDAYS":null,"INVENTORY_TDAYS":null,"CURRENT_ASSETS_TDAYS":3.303448275862,"TOTAL_ASSETS_TDAYS":0.097823824429,"PREMIUM_EXPENSE":null,"LOAN_DEPOSIT":null,"LOAN_EQUITY":null,"LOAN_ASSETS":null,"DEPOSIT_EQUITY":null,"DEPOSIT_ASSETS":null,"EQUITY_MULTIPLIER":5.179051383394,"EQUITY_RATIO":5.074146950137},{"SECUCODE":"03683.HK","SECURITY_CODE":"03683","SECURITY_NAME_ABBR":"荣丰亿控股","ORG_CODE":"10152817","STD_REPORT_DATE":"2020-06-30 00:00:00","REPORT_DATE":"2020-09-30 00:00:00","DATE_TYPE_CODE":"002","REPORT_TYPE":"2020年中报","PER_NETCASH_OPERATE":0.009687721354,"PER_OI":0.040030665581,"BPS":0.13406255901,"BASIC_EPS":-0.0272404,"DILUTED_EPS":-0.0272404,"OPERATE_INCOME":38129749.9,"OPERATE_INCOME_YOY":-21.0852713178,"GROSS_PROFIT":-1273488.7,"GROSS_PROFIT_YOY":-109.526552686643,"HOLDER_PROFIT":-25633216.4,"HOLDER_PROFIT_YOY":-94.2208462332,"GROSS_PROFIT_RATIO":-3.339882121807,"EPS_TTM":-0.075937805514,"OPERATE_INCOME_QOQ":0,"NET_PROFIT_RATIO":-66.2261118057,"ROE_AVG":-19.001463981019,"GROSS_PROFIT_QOQ":0,"ROA":-3.009923792312,"HOLDER_PROFIT_QOQ":0,"ROE_YEARLY":-38.002927962038,"ROIC_YEARLY":-6.241268814797,"TOTAL_ASSETS":861579801.5,"TOTAL_LIABILITIES":705008792.4,"TAX_EBT":-12.739434478565,"OCF_SALES":24.200750133953,"TOTAL_PARENT_EQUITY":127709805.3,"DEBT_ASSET_RATIO":81.8274512904,"OPERATE_PROFIT":-2260953.2,"PRETAX_PROFIT":-22398418.9,"NETCASH_OPERATE":9227685.5,"NETCASH_INVEST":-11904054.8,"NETCASH_FINANCE":3262037.9,"END_CASH":2383535,"DIVI_RATIO":null,"DIVIDEND_RATE":null,"CURRENT_RATIO":0.052268638817,"COMMON_ACS":4000000000,"CURRENTDEBT_DEBT":67.657741200108,"ISSUED_COMMON_SHARES":952613513,"HK_COMMON_SHARES":952613513,"PER_SHARES":2500,"TOTAL_MARKET_CAP":169565205.314,"HKSK_MARKET_CAP":169565205.314,"PE_TTM":-2.755241739532,"PB_TTM":2.065259554071,"REPORT_DATE_SQ":"2019-06-30 00:00:00","REPORT_TYPE_SQ":"2019年中报","OPERATE_INCOME_SQ":50182225.5,"DPS_HKD":null,"OPERATE_INCOME_QOQ_SQ":0,"NET_PROFIT_RATIO_SQ":-26.9485553206,"HOLDER_PROFIT_SQ":-13707280.2,"HOLDER_PROFIT_QOQ_SQ":0,"ROE_AVG_SQ":-6.216619352355,"PE_TTM_SQ":-1.2637633591,"PB_TTM_SQ":1.204114397307,"ROA_SQ":-1.482682906303,"START_DATE":"2020-04-01 00:00:00","FISCAL_YEAR":"3-31","CURRENCY":"HKD","IS_CNY_CODE":0,"DPS_HKD_LY":null,"ORG_TYPE":"一般企业","PREMIUM_INCOME":null,"PREMIUM_INCOME_YOY":null,"NET_INTEREST_INCOME":null,"NET_INTEREST_INCOME_YOY":null,"FEE_COMMISSION_INCOME":null,"FEE_COMMISSION_INCOME_YOY":null,"ACCOUNTS_RECE_TDAYS":2.196116885664,"INVENTORY_TDAYS":null,"CURRENT_ASSETS_TDAYS":1.386749226006,"TOTAL_ASSETS_TDAYS":0.044773016241,"PREMIUM_EXPENSE":null,"LOAN_DEPOSIT":null,"LOAN_EQUITY":null,"LOAN_ASSETS":null,"DEPOSIT_EQUITY":null,"DEPOSIT_ASSETS":null,"EQUITY_MULTIPLIER":5.502805445621,"EQUITY_RATIO":5.520396736522}],"count":33},"success":true,"message":"ok","code":0}