{"version":"e9a6c4d491732c1c0d3788c3a82e86cb","result":{"pages":3,"data":[{"SECUCODE":"03686.HK","SECURITY_CODE":"03686","SECURITY_NAME_ABBR":"祈福生活服务","ORG_CODE":"10516268","STD_REPORT_DATE":"2024-06-30 00:00:00","REPORT_DATE":"2024-06-30 00:00:00","DATE_TYPE_CODE":"002","REPORT_TYPE":"2024年中报","PER_NETCASH_OPERATE":0.039544179178,"PER_OI":0.179441791779,"BPS":0.402317499385,"BASIC_EPS":0.052,"DILUTED_EPS":0.052,"OPERATE_INCOME":182268000,"OPERATE_INCOME_YOY":5.2969687866,"GROSS_PROFIT":84563000,"GROSS_PROFIT_YOY":0.564884406812,"HOLDER_PROFIT":53083000,"HOLDER_PROFIT_YOY":-10.5699412032,"GROSS_PROFIT_RATIO":46.394869093862,"EPS_TTM":0.07833029781,"OPERATE_INCOME_QOQ":2.657411566942,"NET_PROFIT_RATIO":29.123598218,"ROE_AVG":9.565469669012,"GROSS_PROFIT_QOQ":0.290319228912,"ROA":7.190616423697,"HOLDER_PROFIT_QOQ":-7.309117174212,"ROE_YEARLY":19.130939338023,"ROIC_YEARLY":66.19240601035,"TOTAL_ASSETS":603676000,"TOTAL_LIABILITIES":195022000,"TAX_EBT":21.462072230688,"OCF_SALES":22.037329646455,"TOTAL_PARENT_EQUITY":408654000,"DEBT_ASSET_RATIO":32.3057401653,"OPERATE_PROFIT":68548000,"PRETAX_PROFIT":67589000,"NETCASH_OPERATE":40167000,"NETCASH_INVEST":26370000,"NETCASH_FINANCE":-313153000,"END_CASH":344528000,"DIVI_RATIO":4.405253518111,"DIVIDEND_RATE":58.59375,"CURRENT_RATIO":3.116193533709,"COMMON_ACS":10000000000,"CURRENTDEBT_DEBT":81.137512690876,"ISSUED_COMMON_SHARES":1015750000,"HK_COMMON_SHARES":1015750000,"PER_SHARES":10000,"TOTAL_MARKET_CAP":650080000,"HKSK_MARKET_CAP":650080000,"PE_TTM":7.345313880789,"PB_TTM":1.451876194531,"REPORT_DATE_SQ":"2023-06-30 00:00:00","REPORT_TYPE_SQ":"2023年中报","OPERATE_INCOME_SQ":173099000,"DPS_HKD":0.375,"OPERATE_INCOME_QOQ_SQ":-7.136924692203,"NET_PROFIT_RATIO_SQ":34.2907815759,"HOLDER_PROFIT_SQ":59357000,"HOLDER_PROFIT_QOQ_SQ":4.699390372083,"ROE_AVG_SQ":9.039022347432,"PE_TTM_SQ":4.235957176344,"PB_TTM_SQ":0.617623081817,"ROA_SQ":6.904256754556,"START_DATE":"2024-01-01 00:00:00","FISCAL_YEAR":"12-31","CURRENCY":"HKD","IS_CNY_CODE":0,"DPS_HKD_LY":0.375,"ORG_TYPE":"一般企业","PREMIUM_INCOME":null,"PREMIUM_INCOME_YOY":null,"NET_INTEREST_INCOME":null,"NET_INTEREST_INCOME_YOY":null,"FEE_COMMISSION_INCOME":null,"FEE_COMMISSION_INCOME_YOY":null,"ACCOUNTS_RECE_TDAYS":5.092494027912,"INVENTORY_TDAYS":10.605123195485,"CURRENT_ASSETS_TDAYS":0.289680294467,"TOTAL_ASSETS_TDAYS":0.246900000813,"PREMIUM_EXPENSE":null,"LOAN_DEPOSIT":null,"LOAN_EQUITY":null,"LOAN_ASSETS":null,"DEPOSIT_EQUITY":null,"DEPOSIT_ASSETS":null,"EQUITY_MULTIPLIER":1.47723012622,"EQUITY_RATIO":0.477230126219},{"SECUCODE":"03686.HK","SECURITY_CODE":"03686","SECURITY_NAME_ABBR":"祈福生活服务","ORG_CODE":"10516268","STD_REPORT_DATE":"2023-12-31 00:00:00","REPORT_DATE":"2023-12-31 00:00:00","DATE_TYPE_CODE":"001","REPORT_TYPE":"2023年年报","PER_NETCASH_OPERATE":0.117247354172,"PER_OI":0.339684961851,"BPS":0.69036081713,"BASIC_EPS":0.085,"DILUTED_EPS":0.085,"OPERATE_INCOME":345035000,"OPERATE_INCOME_YOY":-9.8847686755,"GROSS_PROFIT":163613000,"GROSS_PROFIT_YOY":-7.998852888584,"HOLDER_PROFIT":85838000,"HOLDER_PROFIT_YOY":-9.7771704856,"GROSS_PROFIT_RATIO":47.419247322735,"EPS_TTM":0.084507014521,"OPERATE_INCOME_QOQ":-2.959027551216,"NET_PROFIT_RATIO":24.8780558494,"ROE_AVG":12.813257791468,"GROSS_PROFIT_QOQ":-2.539954847895,"ROA":10.005140225587,"HOLDER_PROFIT_QOQ":-13.826786198311,"ROE_YEARLY":12.813257791468,"ROIC_YEARLY":44.88273171956,"TOTAL_ASSETS":872776000,"TOTAL_LIABILITIES":171542000,"TAX_EBT":32.265955432107,"OCF_SALES":34.516498326257,"TOTAL_PARENT_EQUITY":701234000,"DEBT_ASSET_RATIO":19.6547567761,"OPERATE_PROFIT":129041000,"PRETAX_PROFIT":126728000,"NETCASH_OPERATE":119094000,"NETCASH_INVEST":-55116000,"NETCASH_FINANCE":-40069000,"END_CASH":591144000,"DIVI_RATIO":4.083268376651,"DIVIDEND_RATE":59.52380952381,"CURRENT_RATIO":6.314159365048,"COMMON_ACS":10000000000,"CURRENTDEBT_DEBT":70.656748784554,"ISSUED_COMMON_SHARES":1015750000,"HK_COMMON_SHARES":1015750000,"PER_SHARES":10000,"TOTAL_MARKET_CAP":639922500,"HKSK_MARKET_CAP":639922500,"PE_TTM":7.230543351402,"PB_TTM":1.429190628992,"REPORT_DATE_SQ":"2022-12-31 00:00:00","REPORT_TYPE_SQ":"2022年年报","OPERATE_INCOME_SQ":382882000,"DPS_HKD":0.375,"OPERATE_INCOME_QOQ_SQ":-8.676280476461,"NET_PROFIT_RATIO_SQ":24.8483867092,"HOLDER_PROFIT_SQ":95140000,"HOLDER_PROFIT_QOQ_SQ":-0.387393990158,"ROE_AVG_SQ":15.841828154296,"PE_TTM_SQ":4.235957176344,"PB_TTM_SQ":0.617623081817,"ROA_SQ":11.84244347175,"START_DATE":"2023-01-01 00:00:00","FISCAL_YEAR":"12-31","CURRENCY":"HKD","IS_CNY_CODE":0,"DPS_HKD_LY":0.025,"ORG_TYPE":"一般企业","PREMIUM_INCOME":null,"PREMIUM_INCOME_YOY":null,"NET_INTEREST_INCOME":null,"NET_INTEREST_INCOME_YOY":null,"FEE_COMMISSION_INCOME":null,"FEE_COMMISSION_INCOME_YOY":null,"ACCOUNTS_RECE_TDAYS":6.234764774442,"INVENTORY_TDAYS":13.148427308306,"CURRENT_ASSETS_TDAYS":0.465208621531,"TOTAL_ASSETS_TDAYS":0.402167286952,"PREMIUM_EXPENSE":null,"LOAN_DEPOSIT":null,"LOAN_EQUITY":null,"LOAN_ASSETS":null,"DEPOSIT_EQUITY":null,"DEPOSIT_ASSETS":null,"EQUITY_MULTIPLIER":1.244628754453,"EQUITY_RATIO":0.244628754453},{"SECUCODE":"03686.HK","SECURITY_CODE":"03686","SECURITY_NAME_ABBR":"祈福生活服务","ORG_CODE":"10516268","STD_REPORT_DATE":"2023-06-30 00:00:00","REPORT_DATE":"2023-06-30 00:00:00","DATE_TYPE_CODE":"002","REPORT_TYPE":"2023年中报","PER_NETCASH_OPERATE":0.071488063008,"PER_OI":0.170414964312,"BPS":0.664290425794,"BASIC_EPS":0.058,"DILUTED_EPS":0.058,"OPERATE_INCOME":173099000,"OPERATE_INCOME_YOY":-13.6340276912,"GROSS_PROFIT":84088000,"GROSS_PROFIT_YOY":-10.591287520335,"HOLDER_PROFIT":59357000,"HOLDER_PROFIT_YOY":8.1459752942,"GROSS_PROFIT_RATIO":48.577981386374,"EPS_TTM":0.09806645336,"OPERATE_INCOME_QOQ":-7.136924692203,"NET_PROFIT_RATIO":34.2907815759,"ROE_AVG":9.039022347432,"GROSS_PROFIT_QOQ":-5.601165105321,"ROA":6.904256754556,"HOLDER_PROFIT_QOQ":4.699390372083,"ROE_YEARLY":18.078044694864,"ROIC_YEARLY":58.454750919557,"TOTAL_ASSETS":876330000,"TOTAL_LIABILITIES":201577000,"TAX_EBT":20.782340615783,"OCF_SALES":41.949404675937,"TOTAL_PARENT_EQUITY":674753000,"DEBT_ASSET_RATIO":23.0024077688,"OPERATE_PROFIT":76175000,"PRETAX_PROFIT":74929000,"NETCASH_OPERATE":95815000,"NETCASH_INVEST":-70167000,"NETCASH_FINANCE":-31860000,"END_CASH":561023000,"DIVI_RATIO":3.518683588309,"DIVIDEND_RATE":59.52380952381,"CURRENT_RATIO":5.196221466333,"COMMON_ACS":10000000000,"CURRENTDEBT_DEBT":72.630310005606,"ISSUED_COMMON_SHARES":1015750000,"HK_COMMON_SHARES":1015750000,"PER_SHARES":10000,"TOTAL_MARKET_CAP":639922500,"HKSK_MARKET_CAP":639922500,"PE_TTM":7.230543351402,"PB_TTM":1.429190628992,"REPORT_DATE_SQ":"2022-06-30 00:00:00","REPORT_TYPE_SQ":"2022年中报","OPERATE_INCOME_SQ":200425000,"DPS_HKD":0.375,"OPERATE_INCOME_QOQ_SQ":-2.687333463313,"NET_PROFIT_RATIO_SQ":27.3848072845,"HOLDER_PROFIT_SQ":54886000,"HOLDER_PROFIT_QOQ_SQ":17.733346481929,"ROE_AVG_SQ":9.456011439696,"PE_TTM_SQ":4.235957176344,"PB_TTM_SQ":0.617623081817,"ROA_SQ":6.967474287397,"START_DATE":"2023-01-01 00:00:00","FISCAL_YEAR":"12-31","CURRENCY":"HKD","IS_CNY_CODE":0,"DPS_HKD_LY":0.025,"ORG_TYPE":"一般企业","PREMIUM_INCOME":null,"PREMIUM_INCOME_YOY":null,"NET_INTEREST_INCOME":null,"NET_INTEREST_INCOME_YOY":null,"FEE_COMMISSION_INCOME":null,"FEE_COMMISSION_INCOME_YOY":null,"ACCOUNTS_RECE_TDAYS":2.710898469923,"INVENTORY_TDAYS":6.360200071454,"CURRENT_ASSETS_TDAYS":0.234107384366,"TOTAL_ASSETS_TDAYS":0.201344397452,"PREMIUM_EXPENSE":null,"LOAN_DEPOSIT":null,"LOAN_EQUITY":null,"LOAN_ASSETS":null,"DEPOSIT_EQUITY":null,"DEPOSIT_ASSETS":null,"EQUITY_MULTIPLIER":1.298741910003,"EQUITY_RATIO":0.298741910003},{"SECUCODE":"03686.HK","SECURITY_CODE":"03686","SECURITY_NAME_ABBR":"祈福生活服务","ORG_CODE":"10516268","STD_REPORT_DATE":"2022-12-31 00:00:00","REPORT_DATE":"2022-12-31 00:00:00","DATE_TYPE_CODE":"001","REPORT_TYPE":"2022年年报","PER_NETCASH_OPERATE":0.153593896136,"PER_OI":0.376945114447,"BPS":0.628695052917,"BASIC_EPS":0.094,"DILUTED_EPS":0.094,"OPERATE_INCOME":382882000,"OPERATE_INCOME_YOY":-11.1304533512,"GROSS_PROFIT":177838000,"GROSS_PROFIT_YOY":-6.000317141498,"HOLDER_PROFIT":95140000,"HOLDER_PROFIT_YOY":17.2772545732,"GROSS_PROFIT_RATIO":46.447208278269,"EPS_TTM":0.093664779719,"OPERATE_INCOME_QOQ":-8.676280476461,"NET_PROFIT_RATIO":24.8483867092,"ROE_AVG":15.841828154296,"GROSS_PROFIT_QOQ":-11.810328582622,"ROA":11.84244347175,"HOLDER_PROFIT_QOQ":-0.387393990158,"ROE_YEARLY":15.841828154296,"ROIC_YEARLY":33.508318086004,"TOTAL_ASSETS":843102000,"TOTAL_LIABILITIES":204505000,"TAX_EBT":28.695091698082,"OCF_SALES":40.747018663714,"TOTAL_PARENT_EQUITY":638597000,"DEBT_ASSET_RATIO":24.2562584361,"OPERATE_PROFIT":136139000,"PRETAX_PROFIT":133427000,"NETCASH_OPERATE":156013000,"NETCASH_INVEST":95426000,"NETCASH_FINANCE":-36081000,"END_CASH":567235000,"DIVI_RATIO":3.684040266082,"DIVIDEND_RATE":59.52380952381,"CURRENT_RATIO":4.996569408588,"COMMON_ACS":10000000000,"CURRENTDEBT_DEBT":70.270653529254,"ISSUED_COMMON_SHARES":1015750000,"HK_COMMON_SHARES":1015750000,"PER_SHARES":10000,"TOTAL_MARKET_CAP":639922500,"HKSK_MARKET_CAP":639922500,"PE_TTM":7.230543351402,"PB_TTM":1.429190628992,"REPORT_DATE_SQ":"2021-12-31 00:00:00","REPORT_TYPE_SQ":"2021年年报","OPERATE_INCOME_SQ":430836000,"DPS_HKD":0.375,"OPERATE_INCOME_QOQ_SQ":-5.983144718868,"NET_PROFIT_RATIO_SQ":18.8294385799,"HOLDER_PROFIT_SQ":81124000,"HOLDER_PROFIT_QOQ_SQ":-39.131739671964,"ROE_AVG_SQ":15.212827501756,"PE_TTM_SQ":4.235957176344,"PB_TTM_SQ":0.617623081817,"ROA_SQ":11.129418382116,"START_DATE":"2022-01-01 00:00:00","FISCAL_YEAR":"12-31","CURRENCY":"HKD","IS_CNY_CODE":0,"DPS_HKD_LY":0.022,"ORG_TYPE":"一般企业","PREMIUM_INCOME":null,"PREMIUM_INCOME_YOY":null,"NET_INTEREST_INCOME":null,"NET_INTEREST_INCOME_YOY":null,"FEE_COMMISSION_INCOME":null,"FEE_COMMISSION_INCOME_YOY":null,"ACCOUNTS_RECE_TDAYS":4.106061256005,"INVENTORY_TDAYS":11.561544967578,"CURRENT_ASSETS_TDAYS":0.596799359061,"TOTAL_ASSETS_TDAYS":0.476588022004,"PREMIUM_EXPENSE":null,"LOAN_DEPOSIT":null,"LOAN_EQUITY":null,"LOAN_ASSETS":null,"DEPOSIT_EQUITY":null,"DEPOSIT_ASSETS":null,"EQUITY_MULTIPLIER":1.320241091017,"EQUITY_RATIO":0.320241091017},{"SECUCODE":"03686.HK","SECURITY_CODE":"03686","SECURITY_NAME_ABBR":"祈福生活服务","ORG_CODE":"10516268","STD_REPORT_DATE":"2022-06-30 00:00:00","REPORT_DATE":"2022-06-30 00:00:00","DATE_TYPE_CODE":"002","REPORT_TYPE":"2022年中报","PER_NETCASH_OPERATE":0.082736893921,"PER_OI":0.197317253261,"BPS":0.589065222742,"BASIC_EPS":0.054,"DILUTED_EPS":0.054,"OPERATE_INCOME":200425000,"OPERATE_INCOME_YOY":-5.461243473,"GROSS_PROFIT":94049000,"GROSS_PROFIT_YOY":8.07496954793,"HOLDER_PROFIT":54886000,"HOLDER_PROFIT_YOY":35.5209876543,"GROSS_PROFIT_RATIO":46.924784832232,"EPS_TTM":0.094029042579,"OPERATE_INCOME_QOQ":-2.687333463313,"NET_PROFIT_RATIO":27.3848072845,"ROE_AVG":9.456011439696,"GROSS_PROFIT_QOQ":3.610495974351,"ROA":6.967474287397,"HOLDER_PROFIT_QOQ":17.733346481929,"ROE_YEARLY":18.912022879392,"ROIC_YEARLY":37.853784361158,"TOTAL_ASSETS":811831000,"TOTAL_LIABILITIES":213488000,"TAX_EBT":29.028253701429,"OCF_SALES":41.930896844206,"TOTAL_PARENT_EQUITY":598343000,"DEBT_ASSET_RATIO":26.2970987804,"OPERATE_PROFIT":78640000,"PRETAX_PROFIT":77335000,"NETCASH_OPERATE":84040000,"NETCASH_INVEST":-34331000,"NETCASH_FINANCE":-8431000,"END_CASH":393155000,"DIVI_RATIO":3.669768515496,"DIVIDEND_RATE":59.52380952381,"CURRENT_RATIO":4.485839979785,"COMMON_ACS":10000000000,"CURRENTDEBT_DEBT":72.295866746609,"ISSUED_COMMON_SHARES":1015750000,"HK_COMMON_SHARES":1015750000,"PER_SHARES":10000,"TOTAL_MARKET_CAP":639922500,"HKSK_MARKET_CAP":639922500,"PE_TTM":7.230543351402,"PB_TTM":1.429190628992,"REPORT_DATE_SQ":"2021-06-30 00:00:00","REPORT_TYPE_SQ":"2021年中报","OPERATE_INCOME_SQ":212003000,"DPS_HKD":0.375,"OPERATE_INCOME_QOQ_SQ":8.863411760234,"NET_PROFIT_RATIO_SQ":19.1035032523,"HOLDER_PROFIT_SQ":40500000,"HOLDER_PROFIT_QOQ_SQ":3.526542279669,"ROE_AVG_SQ":7.894913823604,"PE_TTM_SQ":4.235957176344,"PB_TTM_SQ":0.617623081817,"ROA_SQ":5.604365039279,"START_DATE":"2022-01-01 00:00:00","FISCAL_YEAR":"12-31","CURRENCY":"HKD","IS_CNY_CODE":0,"DPS_HKD_LY":0.022,"ORG_TYPE":"一般企业","PREMIUM_INCOME":null,"PREMIUM_INCOME_YOY":null,"NET_INTEREST_INCOME":null,"NET_INTEREST_INCOME_YOY":null,"FEE_COMMISSION_INCOME":null,"FEE_COMMISSION_INCOME_YOY":null,"ACCOUNTS_RECE_TDAYS":1.941989806794,"INVENTORY_TDAYS":6.234490842491,"CURRENT_ASSETS_TDAYS":0.31878412704,"TOTAL_ASSETS_TDAYS":0.254428457904,"PREMIUM_EXPENSE":null,"LOAN_DEPOSIT":null,"LOAN_EQUITY":null,"LOAN_ASSETS":null,"DEPOSIT_EQUITY":null,"DEPOSIT_ASSETS":null,"EQUITY_MULTIPLIER":1.356798692389,"EQUITY_RATIO":0.356798692389},{"SECUCODE":"03686.HK","SECURITY_CODE":"03686","SECURITY_NAME_ABBR":"祈福生活服务","ORG_CODE":"10516268","STD_REPORT_DATE":"2021-12-31 00:00:00","REPORT_DATE":"2021-12-31 00:00:00","DATE_TYPE_CODE":"001","REPORT_TYPE":"2021年年报","PER_NETCASH_OPERATE":0.08724587743,"PER_OI":0.424155550086,"BPS":0.553804577898,"BASIC_EPS":0.08,"DILUTED_EPS":0.08,"OPERATE_INCOME":430836000,"OPERATE_INCOME_YOY":2.3499562887,"GROSS_PROFIT":189190000,"GROSS_PROFIT_YOY":2.957742646459,"HOLDER_PROFIT":81124000,"HOLDER_PROFIT_YOY":-36.9851947366,"GROSS_PROFIT_RATIO":45.174265845937,"EPS_TTM":0.079866108787,"OPERATE_INCOME_QOQ":-5.983144718868,"NET_PROFIT_RATIO":18.8294385799,"ROE_AVG":15.212827501756,"GROSS_PROFIT_QOQ":-2.051795635719,"ROA":11.129418382116,"HOLDER_PROFIT_QOQ":-39.131739671964,"ROE_YEARLY":15.212827501756,"ROIC_YEARLY":23.761216237788,"TOTAL_ASSETS":763661000,"TOTAL_LIABILITIES":201134000,"TAX_EBT":27.207795703749,"OCF_SALES":20.569311756678,"TOTAL_PARENT_EQUITY":562527000,"DEBT_ASSET_RATIO":26.3381264723,"OPERATE_PROFIT":113634000,"PRETAX_PROFIT":111446000,"NETCASH_OPERATE":88620000,"NETCASH_INVEST":-42741000,"NETCASH_FINANCE":-38403000,"END_CASH":351877000,"DIVI_RATIO":4.320541281433,"DIVIDEND_RATE":59.52380952381,"CURRENT_RATIO":3.931756667432,"COMMON_ACS":10000000000,"CURRENTDEBT_DEBT":71.455348175843,"ISSUED_COMMON_SHARES":1015750000,"HK_COMMON_SHARES":1015750000,"PER_SHARES":10000,"TOTAL_MARKET_CAP":639922500,"HKSK_MARKET_CAP":639922500,"PE_TTM":7.230543351402,"PB_TTM":1.429190628992,"REPORT_DATE_SQ":"2020-12-31 00:00:00","REPORT_TYPE_SQ":"2020年年报","OPERATE_INCOME_SQ":420944000,"DPS_HKD":0.375,"OPERATE_INCOME_QOQ_SQ":7.110705116298,"NET_PROFIT_RATIO_SQ":30.5831654567,"HOLDER_PROFIT_SQ":128738000,"HOLDER_PROFIT_QOQ_SQ":45.613102442004,"ROE_AVG_SQ":28.532800819162,"PE_TTM_SQ":4.235957176344,"PB_TTM_SQ":0.617623081817,"ROA_SQ":20.431279037934,"START_DATE":"2021-01-01 00:00:00","FISCAL_YEAR":"12-31","CURRENCY":"HKD","IS_CNY_CODE":0,"DPS_HKD_LY":0.027,"ORG_TYPE":"一般企业","PREMIUM_INCOME":null,"PREMIUM_INCOME_YOY":null,"NET_INTEREST_INCOME":null,"NET_INTEREST_INCOME_YOY":null,"FEE_COMMISSION_INCOME":null,"FEE_COMMISSION_INCOME_YOY":null,"ACCOUNTS_RECE_TDAYS":4.081432360743,"INVENTORY_TDAYS":14.284962656104,"CURRENT_ASSETS_TDAYS":0.81863862348,"TOTAL_ASSETS_TDAYS":0.591064801794,"PREMIUM_EXPENSE":null,"LOAN_DEPOSIT":null,"LOAN_EQUITY":null,"LOAN_ASSETS":null,"DEPOSIT_EQUITY":null,"DEPOSIT_ASSETS":null,"EQUITY_MULTIPLIER":1.357554392944,"EQUITY_RATIO":0.357554392945},{"SECUCODE":"03686.HK","SECURITY_CODE":"03686","SECURITY_NAME_ABBR":"祈福生活服务","ORG_CODE":"10516268","STD_REPORT_DATE":"2021-06-30 00:00:00","REPORT_DATE":"2021-06-30 00:00:00","DATE_TYPE_CODE":"002","REPORT_TYPE":"2021年中报","PER_NETCASH_OPERATE":0.045866601034,"PER_OI":0.208715727295,"BPS":0.513889244401,"BASIC_EPS":0.04,"DILUTED_EPS":0.04,"OPERATE_INCOME":212003000,"OPERATE_INCOME_YOY":21.3574670994,"GROSS_PROFIT":87022000,"GROSS_PROFIT_YOY":20.741470453568,"HOLDER_PROFIT":40500000,"HOLDER_PROFIT_YOY":12.6251390434,"GROSS_PROFIT_RATIO":41.04753234624,"EPS_TTM":0.131211420133,"OPERATE_INCOME_QOQ":8.863411760234,"NET_PROFIT_RATIO":19.1035032523,"ROE_AVG":7.894913823604,"GROSS_PROFIT_QOQ":8.135288835678,"ROA":5.604365039279,"HOLDER_PROFIT_QOQ":3.526542279669,"ROE_YEARLY":15.789827647209,"ROIC_YEARLY":23.542439607103,"TOTAL_ASSETS":751133000,"TOTAL_LIABILITIES":229150000,"TAX_EBT":26.983611877333,"OCF_SALES":21.975632420296,"TOTAL_PARENT_EQUITY":521983000,"DEBT_ASSET_RATIO":30.5072470521,"OPERATE_PROFIT":56537000,"PRETAX_PROFIT":55467000,"NETCASH_OPERATE":46589000,"NETCASH_INVEST":10769000,"NETCASH_FINANCE":-6591000,"END_CASH":394930000,"DIVI_RATIO":2.629838314763,"DIVIDEND_RATE":59.52380952381,"CURRENT_RATIO":2.990154123901,"COMMON_ACS":10000000000,"CURRENTDEBT_DEBT":78.318132227798,"ISSUED_COMMON_SHARES":1015750000,"HK_COMMON_SHARES":1015750000,"PER_SHARES":10000,"TOTAL_MARKET_CAP":639922500,"HKSK_MARKET_CAP":639922500,"PE_TTM":7.230543351402,"PB_TTM":1.429190628992,"REPORT_DATE_SQ":"2020-06-30 00:00:00","REPORT_TYPE_SQ":"2020年中报","OPERATE_INCOME_SQ":174693000,"DPS_HKD":0.375,"OPERATE_INCOME_QOQ_SQ":-0.896473115893,"NET_PROFIT_RATIO_SQ":20.5846828436,"HOLDER_PROFIT_SQ":35960000,"HOLDER_PROFIT_QOQ_SQ":-7.722575931531,"ROE_AVG_SQ":8.883311429729,"PE_TTM_SQ":4.235957176344,"PB_TTM_SQ":0.617623081817,"ROA_SQ":6.060233258311,"START_DATE":"2021-01-01 00:00:00","FISCAL_YEAR":"12-31","CURRENCY":"HKD","IS_CNY_CODE":0,"DPS_HKD_LY":0.027,"ORG_TYPE":"一般企业","PREMIUM_INCOME":null,"PREMIUM_INCOME_YOY":null,"NET_INTEREST_INCOME":null,"NET_INTEREST_INCOME_YOY":null,"FEE_COMMISSION_INCOME":null,"FEE_COMMISSION_INCOME_YOY":null,"ACCOUNTS_RECE_TDAYS":1.986972393659,"INVENTORY_TDAYS":8.346255300678,"CURRENT_ASSETS_TDAYS":0.414019032889,"TOTAL_ASSETS_TDAYS":0.293368444796,"PREMIUM_EXPENSE":null,"LOAN_DEPOSIT":null,"LOAN_EQUITY":null,"LOAN_ASSETS":null,"DEPOSIT_EQUITY":null,"DEPOSIT_ASSETS":null,"EQUITY_MULTIPLIER":1.43899897123,"EQUITY_RATIO":0.438998971231},{"SECUCODE":"03686.HK","SECURITY_CODE":"03686","SECURITY_NAME_ABBR":"祈福生活服务","ORG_CODE":"10516268","STD_REPORT_DATE":"2020-12-31 00:00:00","REPORT_DATE":"2020-12-31 00:00:00","DATE_TYPE_CODE":"001","REPORT_TYPE":"2020年年报","PER_NETCASH_OPERATE":0.103649347451,"PER_OI":0.414621029303,"BPS":0.496179177947,"BASIC_EPS":0.127,"DILUTED_EPS":0.127,"OPERATE_INCOME":420944000,"OPERATE_INCOME_YOY":6.1504864407,"GROSS_PROFIT":183755000,"GROSS_PROFIT_YOY":4.270579757021,"HOLDER_PROFIT":128738000,"HOLDER_PROFIT_YOY":34.3680200397,"GROSS_PROFIT_RATIO":43.653074993348,"EPS_TTM":0.12680423541,"OPERATE_INCOME_QOQ":7.110705116298,"NET_PROFIT_RATIO":30.5831654567,"ROE_AVG":28.532800819162,"GROSS_PROFIT_QOQ":7.697762877958,"ROA":20.431279037934,"HOLDER_PROFIT_QOQ":45.613102442004,"ROE_YEARLY":28.532800819162,"ROIC_YEARLY":50.866892148186,"TOTAL_ASSETS":694169000,"TOTAL_LIABILITIES":190175000,"TAX_EBT":20.298899248418,"OCF_SALES":24.998574632255,"TOTAL_PARENT_EQUITY":503994000,"DEBT_ASSET_RATIO":27.3960663758,"OPERATE_PROFIT":163292000,"PRETAX_PROFIT":161526000,"NETCASH_OPERATE":105212000,"NETCASH_INVEST":-91637000,"NETCASH_FINANCE":-34083000,"END_CASH":344401000,"DIVI_RATIO":2.721240492357,"DIVIDEND_RATE":59.52380952381,"CURRENT_RATIO":3.203026340861,"COMMON_ACS":10000000000,"CURRENTDEBT_DEBT":80.029972393848,"ISSUED_COMMON_SHARES":1015750000,"HK_COMMON_SHARES":1015750000,"PER_SHARES":10000,"TOTAL_MARKET_CAP":639922500,"HKSK_MARKET_CAP":639922500,"PE_TTM":7.230543351402,"PB_TTM":1.429190628992,"REPORT_DATE_SQ":"2019-12-31 00:00:00","REPORT_TYPE_SQ":"2019年年报","OPERATE_INCOME_SQ":396554000,"DPS_HKD":0.375,"OPERATE_INCOME_QOQ_SQ":14.551720352765,"NET_PROFIT_RATIO_SQ":24.1606439476,"HOLDER_PROFIT_SQ":95810000,"HOLDER_PROFIT_QOQ_SQ":22.853808968161,"ROE_AVG_SQ":26.593832706723,"PE_TTM_SQ":4.235957176344,"PB_TTM_SQ":0.617623081817,"ROA_SQ":19.005452091125,"START_DATE":"2020-01-01 00:00:00","FISCAL_YEAR":"12-31","CURRENCY":"HKD","IS_CNY_CODE":0,"DPS_HKD_LY":0.025,"ORG_TYPE":"一般企业","PREMIUM_INCOME":null,"PREMIUM_INCOME_YOY":null,"NET_INTEREST_INCOME":null,"NET_INTEREST_INCOME_YOY":null,"FEE_COMMISSION_INCOME":null,"FEE_COMMISSION_INCOME_YOY":null,"ACCOUNTS_RECE_TDAYS":4.460097478279,"INVENTORY_TDAYS":20.070996403639,"CURRENT_ASSETS_TDAYS":0.846076076579,"TOTAL_ASSETS_TDAYS":0.668056387651,"PREMIUM_EXPENSE":null,"LOAN_DEPOSIT":null,"LOAN_EQUITY":null,"LOAN_ASSETS":null,"DEPOSIT_EQUITY":null,"DEPOSIT_ASSETS":null,"EQUITY_MULTIPLIER":1.3773358413,"EQUITY_RATIO":0.3773358413},{"SECUCODE":"03686.HK","SECURITY_CODE":"03686","SECURITY_NAME_ABBR":"祈福生活服务","ORG_CODE":"10516268","STD_REPORT_DATE":"2020-06-30 00:00:00","REPORT_DATE":"2020-06-30 00:00:00","DATE_TYPE_CODE":"002","REPORT_TYPE":"2020年中报","PER_NETCASH_OPERATE":0.066698187549,"PER_OI":0.172077423168,"BPS":0.404839773566,"BASIC_EPS":0.035,"DILUTED_EPS":0.035,"OPERATE_INCOME":174693000,"OPERATE_INCOME_YOY":-1.9944122795,"GROSS_PROFIT":72073000,"GROSS_PROFIT_YOY":-7.219268547006,"HOLDER_PROFIT":35960000,"HOLDER_PROFIT_YOY":-17.0645079453,"GROSS_PROFIT_RATIO":41.256947902893,"EPS_TTM":0.087087273444,"OPERATE_INCOME_QOQ":-0.896473115893,"NET_PROFIT_RATIO":20.5846828436,"ROE_AVG":8.883311429729,"GROSS_PROFIT_QOQ":-3.182223130132,"ROA":6.060233258311,"HOLDER_PROFIT_QOQ":-7.722575931531,"ROE_YEARLY":17.766622859458,"ROIC_YEARLY":30.974299342141,"TOTAL_ASSETS":620717000,"TOTAL_LIABILITIES":209501000,"TAX_EBT":24.246892774384,"OCF_SALES":38.760568540239,"TOTAL_PARENT_EQUITY":411216000,"DEBT_ASSET_RATIO":33.7514519499,"OPERATE_PROFIT":48470000,"PRETAX_PROFIT":47470000,"NETCASH_OPERATE":67712000,"NETCASH_INVEST":-130174000,"NETCASH_FINANCE":-5281000,"END_CASH":297821000,"DIVI_RATIO":3.962287557702,"DIVIDEND_RATE":59.52380952381,"CURRENT_RATIO":2.54609412354,"COMMON_ACS":10000000000,"CURRENTDEBT_DEBT":83.85831093885,"ISSUED_COMMON_SHARES":1015750000,"HK_COMMON_SHARES":1015750000,"PER_SHARES":10000,"TOTAL_MARKET_CAP":639922500,"HKSK_MARKET_CAP":639922500,"PE_TTM":7.230543351402,"PB_TTM":1.429190628992,"REPORT_DATE_SQ":"2019-06-30 00:00:00","REPORT_TYPE_SQ":"2019年中报","OPERATE_INCOME_SQ":178248000,"DPS_HKD":0.375,"OPERATE_INCOME_QOQ_SQ":1.332447376817,"NET_PROFIT_RATIO_SQ":24.3250976168,"HOLDER_PROFIT_SQ":43359000,"HOLDER_PROFIT_QOQ_SQ":7.301871216291,"ROE_AVG_SQ":12.979948869317,"PE_TTM_SQ":4.235957176344,"PB_TTM_SQ":0.617623081817,"ROA_SQ":8.846960980452,"START_DATE":"2020-01-01 00:00:00","FISCAL_YEAR":"12-31","CURRENCY":"HKD","IS_CNY_CODE":0,"DPS_HKD_LY":0.025,"ORG_TYPE":"一般企业","PREMIUM_INCOME":null,"PREMIUM_INCOME_YOY":null,"NET_INTEREST_INCOME":null,"NET_INTEREST_INCOME_YOY":null,"FEE_COMMISSION_INCOME":null,"FEE_COMMISSION_INCOME_YOY":null,"ACCOUNTS_RECE_TDAYS":2.131364152117,"INVENTORY_TDAYS":10.204852824185,"CURRENT_ASSETS_TDAYS":0.365900172485,"TOTAL_ASSETS_TDAYS":0.294404985705,"PREMIUM_EXPENSE":null,"LOAN_DEPOSIT":null,"LOAN_EQUITY":null,"LOAN_ASSETS":null,"DEPOSIT_EQUITY":null,"DEPOSIT_ASSETS":null,"EQUITY_MULTIPLIER":1.509467044083,"EQUITY_RATIO":0.509467044084}],"count":22},"success":true,"message":"ok","code":0}