{"version":"80295712e4d851a2eb61ba3d8326f6ce","result":{"pages":5,"data":[{"SECUCODE":"03688.HK","SECURITY_CODE":"03688","SECURITY_NAME_ABBR":"莱蒙国际","ORG_CODE":"10158293","STD_REPORT_DATE":"2024-06-30 00:00:00","REPORT_DATE":"2024-06-30 00:00:00","DATE_TYPE_CODE":"002","REPORT_TYPE":"2024年中报","PER_NETCASH_OPERATE":0.126591306896,"PER_OI":0.292997340266,"BPS":4.782562077061,"BASIC_EPS":-0.32217604,"DILUTED_EPS":-0.32217604,"OPERATE_INCOME":413926847.72,"OPERATE_INCOME_YOY":-9.0520966814,"GROSS_PROFIT":-93296887.64,"GROSS_PROFIT_YOY":-163.024731069767,"HOLDER_PROFIT":-492105191.16,"HOLDER_PROFIT_YOY":-2401.464060099,"GROSS_PROFIT_RATIO":-22.539462746594,"EPS_TTM":-0.926122509181,"OPERATE_INCOME_QOQ":-5.300043916325,"NET_PROFIT_RATIO":-123.6040032721,"ROE_AVG":-6.959450350217,"GROSS_PROFIT_QOQ":-104.936643355239,"ROA":-2.736824596302,"HOLDER_PROFIT_QOQ":-64.644835276344,"ROE_YEARLY":-13.918900700434,"ROIC_YEARLY":-5.647029917412,"TOTAL_ASSETS":17670864772.16,"TOTAL_LIABILITIES":10911067495.68,"TAX_EBT":-1.395641604445,"OCF_SALES":43.205616399392,"TOTAL_PARENT_EQUITY":6756480597.36,"DEBT_ASSET_RATIO":61.7460867726,"OPERATE_PROFIT":-362309317.64,"PRETAX_PROFIT":-504587915.52,"NETCASH_OPERATE":178839646,"NETCASH_INVEST":1952222.52,"NETCASH_FINANCE":-312721587.88,"END_CASH":465450371.76,"DIVI_RATIO":null,"DIVIDEND_RATE":null,"CURRENT_RATIO":1.549406043655,"COMMON_ACS":5000000000,"CURRENTDEBT_DEBT":53.808522911297,"ISSUED_COMMON_SHARES":1412732441,"HK_COMMON_SHARES":1412732441,"PER_SHARES":500,"TOTAL_MARKET_CAP":663984247.27,"HKSK_MARKET_CAP":663984247.27,"PE_TTM":-0.461257768119,"PB_TTM":0.089692427006,"REPORT_DATE_SQ":"2023-06-30 00:00:00","REPORT_TYPE_SQ":"2023年中报","OPERATE_INCOME_SQ":459762844.62,"DPS_HKD":null,"OPERATE_INCOME_QOQ_SQ":-61.247690773009,"NET_PROFIT_RATIO_SQ":0.861693829,"HOLDER_PROFIT_SQ":21600147.44,"HOLDER_PROFIT_QOQ_SQ":9.801701008166,"ROE_AVG_SQ":0.258245036047,"PE_TTM_SQ":-4.709724886354,"PB_TTM_SQ":0.088690450065,"ROA_SQ":0.109339567636,"START_DATE":"2024-01-01 00:00:00","FISCAL_YEAR":"12-31","CURRENCY":"HKD","IS_CNY_CODE":0,"DPS_HKD_LY":null,"ORG_TYPE":"一般企业","PREMIUM_INCOME":null,"PREMIUM_INCOME_YOY":null,"NET_INTEREST_INCOME":null,"NET_INTEREST_INCOME_YOY":null,"FEE_COMMISSION_INCOME":null,"FEE_COMMISSION_INCOME_YOY":null,"ACCOUNTS_RECE_TDAYS":0.277872812849,"INVENTORY_TDAYS":0.091437273598,"CURRENT_ASSETS_TDAYS":0.045510267679,"TOTAL_ASSETS_TDAYS":0.023020386662,"PREMIUM_EXPENSE":null,"LOAN_DEPOSIT":null,"LOAN_EQUITY":null,"LOAN_ASSETS":null,"DEPOSIT_EQUITY":null,"DEPOSIT_ASSETS":null,"EQUITY_MULTIPLIER":2.614111644096,"EQUITY_RATIO":1.614903993056},{"SECUCODE":"03688.HK","SECURITY_CODE":"03688","SECURITY_NAME_ABBR":"莱蒙国际","ORG_CODE":"10158293","STD_REPORT_DATE":"2023-12-31 00:00:00","REPORT_DATE":"2023-12-31 00:00:00","DATE_TYPE_CODE":"001","REPORT_TYPE":"2023年年报","PER_NETCASH_OPERATE":0.225950026726,"PER_OI":0.612163307843,"BPS":5.190872791899,"BASIC_EPS":-0.5165454,"DILUTED_EPS":-0.5165454,"OPERATE_INCOME":864822964.18,"OPERATE_INCOME_YOY":-73.9766407984,"GROSS_PROFIT":-229975980.5,"GROSS_PROFIT_YOY":-143.325584058494,"HOLDER_PROFIT":-794657974.46,"HOLDER_PROFIT_YOY":-373.7426998525,"GROSS_PROFIT_RATIO":-26.592261078319,"EPS_TTM":-0.562497151901,"OPERATE_INCOME_QOQ":-31.873408111028,"NET_PROFIT_RATIO":-94.342667389,"ROE_AVG":-10.128076901465,"GROSS_PROFIT_QOQ":-168.39362999602,"ROA":-4.188294999987,"HOLDER_PROFIT_QOQ":-432.837862338034,"ROE_YEARLY":-10.128076901465,"ROIC_YEARLY":-4.32614307551,"TOTAL_ASSETS":18161434492.74,"TOTAL_LIABILITIES":10800062625.1,"TAX_EBT":-7.633563146387,"OCF_SALES":36.910089812736,"TOTAL_PARENT_EQUITY":7333314390.22,"DEBT_ASSET_RATIO":59.4670130788,"OPERATE_PROFIT":-415830827.86,"PRETAX_PROFIT":-758032186.94,"NETCASH_OPERATE":319206932.8,"NETCASH_INVEST":128916138.54,"NETCASH_FINANCE":-349497336.3,"END_CASH":602812106.68,"DIVI_RATIO":null,"DIVIDEND_RATE":null,"CURRENT_RATIO":1.504661373684,"COMMON_ACS":5000000000,"CURRENTDEBT_DEBT":55.56417951275,"ISSUED_COMMON_SHARES":1412732441,"HK_COMMON_SHARES":1412732441,"PER_SHARES":500,"TOTAL_MARKET_CAP":706366220.5,"HKSK_MARKET_CAP":706366220.5,"PE_TTM":-0.490699753318,"PB_TTM":0.095417475539,"REPORT_DATE_SQ":"2022-12-31 00:00:00","REPORT_TYPE_SQ":"2022年年报","OPERATE_INCOME_SQ":3275766693.01,"DPS_HKD":null,"OPERATE_INCOME_QOQ_SQ":19.377710586086,"NET_PROFIT_RATIO_SQ":-5.0077130468,"HOLDER_PROFIT_SQ":-165343383.73,"HOLDER_PROFIT_QOQ_SQ":-246.70197723356,"ROE_AVG_SQ":-1.895854835936,"PE_TTM_SQ":-4.3733159659,"PB_TTM_SQ":0.082355417918,"ROA_SQ":-0.737351490443,"START_DATE":"2023-01-01 00:00:00","FISCAL_YEAR":"12-31","CURRENCY":"HKD","IS_CNY_CODE":0,"DPS_HKD_LY":0.01,"ORG_TYPE":"一般企业","PREMIUM_INCOME":null,"PREMIUM_INCOME_YOY":null,"NET_INTEREST_INCOME":null,"NET_INTEREST_INCOME_YOY":null,"FEE_COMMISSION_INCOME":null,"FEE_COMMISSION_INCOME_YOY":null,"ACCOUNTS_RECE_TDAYS":0.626696077826,"INVENTORY_TDAYS":0.179412236002,"CURRENT_ASSETS_TDAYS":0.089273664265,"TOTAL_ASSETS_TDAYS":0.04558104006,"PREMIUM_EXPENSE":null,"LOAN_DEPOSIT":null,"LOAN_EQUITY":null,"LOAN_ASSETS":null,"DEPOSIT_EQUITY":null,"DEPOSIT_ASSETS":null,"EQUITY_MULTIPLIER":2.467126348088,"EQUITY_RATIO":1.472739616824},{"SECUCODE":"03688.HK","SECURITY_CODE":"03688","SECURITY_NAME_ABBR":"莱蒙国际","ORG_CODE":"10158293","STD_REPORT_DATE":"2023-06-30 00:00:00","REPORT_DATE":"2023-06-30 00:00:00","DATE_TYPE_CODE":"002","REPORT_TYPE":"2023年中报","PER_NETCASH_OPERATE":-0.035828284643,"PER_OI":0.325442264421,"BPS":5.8214700638,"BASIC_EPS":0.0138297,"DILUTED_EPS":0.0138297,"OPERATE_INCOME":459762844.62,"OPERATE_INCOME_YOY":-82.7072005216,"GROSS_PROFIT":148032186.82,"GROSS_PROFIT_YOY":-56.789950460584,"HOLDER_PROFIT":21600147.44,"HOLDER_PROFIT_YOY":271.4602822261,"GROSS_PROFIT_RATIO":32.19750977101,"EPS_TTM":-0.10556628792,"OPERATE_INCOME_QOQ":-61.247690773009,"NET_PROFIT_RATIO":0.861693829,"ROE_AVG":0.258245036047,"GROSS_PROFIT_QOQ":-36.652603376929,"ROA":0.109339567636,"HOLDER_PROFIT_QOQ":9.801701008166,"ROE_YEARLY":0.516490072094,"ROIC_YEARLY":0.226951712192,"TOTAL_ASSETS":19380954487.72,"TOTAL_LIABILITIES":11126206627.38,"TAX_EBT":92.476977485206,"OCF_SALES":-11.009106240813,"TOTAL_PARENT_EQUITY":8224179613.44,"DEBT_ASSET_RATIO":57.4079395028,"OPERATE_PROFIT":163253154.64,"PRETAX_PROFIT":52661653.64,"NETCASH_OPERATE":-50615780.02,"NETCASH_INVEST":13616722.62,"NETCASH_FINANCE":344461869.78,"END_CASH":821295174.1,"DIVI_RATIO":null,"DIVIDEND_RATE":null,"CURRENT_RATIO":1.816324454045,"COMMON_ACS":5000000000,"CURRENTDEBT_DEBT":50.247838636774,"ISSUED_COMMON_SHARES":1412732441,"HK_COMMON_SHARES":1412732441,"PER_SHARES":500,"TOTAL_MARKET_CAP":706366220.5,"HKSK_MARKET_CAP":706366220.5,"PE_TTM":-0.490699753318,"PB_TTM":0.095417475539,"REPORT_DATE_SQ":"2022-06-30 00:00:00","REPORT_TYPE_SQ":"2022年中报","OPERATE_INCOME_SQ":2466094299.2,"DPS_HKD":null,"OPERATE_INCOME_QOQ_SQ":425.263474252883,"NET_PROFIT_RATIO_SQ":0.1453698052,"HOLDER_PROFIT_SQ":5393683.33,"HOLDER_PROFIT_QOQ_SQ":-274.472611571217,"ROE_AVG_SQ":0.062738146574,"PE_TTM_SQ":-4.3733159659,"PB_TTM_SQ":0.082355417918,"ROA_SQ":0.023790651172,"START_DATE":"2023-01-01 00:00:00","FISCAL_YEAR":"12-31","CURRENCY":"HKD","IS_CNY_CODE":0,"DPS_HKD_LY":0.01,"ORG_TYPE":"一般企业","PREMIUM_INCOME":null,"PREMIUM_INCOME_YOY":null,"NET_INTEREST_INCOME":null,"NET_INTEREST_INCOME_YOY":null,"FEE_COMMISSION_INCOME":null,"FEE_COMMISSION_INCOME_YOY":null,"ACCOUNTS_RECE_TDAYS":0.339500711621,"INVENTORY_TDAYS":0.047860523752,"CURRENT_ASSETS_TDAYS":0.044465295876,"TOTAL_ASSETS_TDAYS":0.023273114587,"PREMIUM_EXPENSE":null,"LOAN_DEPOSIT":null,"LOAN_EQUITY":null,"LOAN_ASSETS":null,"DEPOSIT_EQUITY":null,"DEPOSIT_ASSETS":null,"EQUITY_MULTIPLIER":2.34785541795,"EQUITY_RATIO":1.352865227943},{"SECUCODE":"03688.HK","SECURITY_CODE":"03688","SECURITY_NAME_ABBR":"莱蒙国际","ORG_CODE":"10158293","STD_REPORT_DATE":"2022-12-31 00:00:00","REPORT_DATE":"2022-12-31 00:00:00","DATE_TYPE_CODE":"001","REPORT_TYPE":"2022年年报","PER_NETCASH_OPERATE":0.154551067105,"PER_OI":2.318745289583,"BPS":5.832254607085,"BASIC_EPS":-0.1071924,"DILUTED_EPS":-0.1071924,"OPERATE_INCOME":3275766693.01,"OPERATE_INCOME_YOY":473.9295445546,"GROSS_PROFIT":530808725.37,"GROSS_PROFIT_YOY":102.776625177662,"HOLDER_PROFIT":-165343383.73,"HOLDER_PROFIT_YOY":-653.6581718114,"GROSS_PROFIT_RATIO":16.204106553213,"EPS_TTM":-0.117038003044,"OPERATE_INCOME_QOQ":19.377710586086,"NET_PROFIT_RATIO":-5.0077130468,"ROE_AVG":-1.895854835936,"GROSS_PROFIT_QOQ":13.688581773508,"ROA":-0.737351490443,"HOLDER_PROFIT_QOQ":-246.70197723356,"ROE_YEARLY":-1.895854835936,"ROIC_YEARLY":-0.764492892418,"TOTAL_ASSETS":19502442332.8,"TOTAL_LIABILITIES":11211104833.18,"TAX_EBT":-151.473447813108,"OCF_SALES":6.665288671379,"TOTAL_PARENT_EQUITY":8239415287.6,"DEBT_ASSET_RATIO":57.4856453457,"OPERATE_PROFIT":257944218.28,"PRETAX_PROFIT":-65231935.02,"NETCASH_OPERATE":218339306.29,"NETCASH_INVEST":1135262202.62,"NETCASH_FINANCE":-1777961928.19,"END_CASH":518074268.25,"DIVI_RATIO":null,"DIVIDEND_RATE":null,"CURRENT_RATIO":1.858045366004,"COMMON_ACS":5000000000,"CURRENTDEBT_DEBT":48.953574775585,"ISSUED_COMMON_SHARES":1412732441,"HK_COMMON_SHARES":1412732441,"PER_SHARES":500,"TOTAL_MARKET_CAP":706366220.5,"HKSK_MARKET_CAP":706366220.5,"PE_TTM":-0.490699753318,"PB_TTM":0.095417475539,"REPORT_DATE_SQ":"2021-12-31 00:00:00","REPORT_TYPE_SQ":"2021年年报","OPERATE_INCOME_SQ":522411243.2,"DPS_HKD":null,"OPERATE_INCOME_QOQ_SQ":5.236052234312,"NET_PROFIT_RATIO_SQ":7.310977108,"HOLDER_PROFIT_SQ":27334003.2,"HOLDER_PROFIT_QOQ_SQ":-22.151062796961,"ROE_AVG_SQ":0.328122504172,"PE_TTM_SQ":-4.3733159659,"PB_TTM_SQ":0.082355417918,"ROA_SQ":0.12035491524,"START_DATE":"2022-01-01 00:00:00","FISCAL_YEAR":"12-31","CURRENCY":"HKD","IS_CNY_CODE":0,"DPS_HKD_LY":0.01,"ORG_TYPE":"一般企业","PREMIUM_INCOME":null,"PREMIUM_INCOME_YOY":null,"NET_INTEREST_INCOME":null,"NET_INTEREST_INCOME_YOY":null,"FEE_COMMISSION_INCOME":null,"FEE_COMMISSION_INCOME_YOY":null,"ACCOUNTS_RECE_TDAYS":1.966082167001,"INVENTORY_TDAYS":0.358051742943,"CURRENT_ASSETS_TDAYS":0.264695123316,"TOTAL_ASSETS_TDAYS":0.146083344791,"PREMIUM_EXPENSE":null,"LOAN_DEPOSIT":null,"LOAN_EQUITY":null,"LOAN_ASSETS":null,"DEPOSIT_EQUITY":null,"DEPOSIT_ASSETS":null,"EQUITY_MULTIPLIER":2.352146723457,"EQUITY_RATIO":1.360667528199},{"SECUCODE":"03688.HK","SECURITY_CODE":"03688","SECURITY_NAME_ABBR":"莱蒙国际","ORG_CODE":"10158293","STD_REPORT_DATE":"2022-06-30 00:00:00","REPORT_DATE":"2022-06-30 00:00:00","DATE_TYPE_CODE":"002","REPORT_TYPE":"2022年中报","PER_NETCASH_OPERATE":-0.152784142429,"PER_OI":1.745620209199,"BPS":5.934171637784,"BASIC_EPS":0.00342076,"DILUTED_EPS":0.00342076,"OPERATE_INCOME":2466094299.2,"OPERATE_INCOME_YOY":881.4911880629,"GROSS_PROFIT":342587403.62,"GROSS_PROFIT_YOY":149.226165348027,"HOLDER_PROFIT":5393683.33,"HOLDER_PROFIT_YOY":-93.4741895765,"GROSS_PROFIT_RATIO":13.891902014093,"EPS_TTM":-0.033757523963,"OPERATE_INCOME_QOQ":425.263474252883,"NET_PROFIT_RATIO":0.1453698052,"ROE_AVG":0.062738146574,"GROSS_PROFIT_QOQ":78.361469563967,"ROA":0.023790651172,"HOLDER_PROFIT_QOQ":-274.472611571217,"ROE_YEARLY":0.125476293147,"ROIC_YEARLY":0.049513436476,"TOTAL_ASSETS":21077883323.42,"TOTAL_LIABILITIES":12723956387.66,"TAX_EBT":97.244317061306,"OCF_SALES":-8.752427453809,"TOTAL_PARENT_EQUITY":8383396783.16,"DEBT_ASSET_RATIO":60.3663859052,"OPERATE_PROFIT":271025104.42,"PRETAX_PROFIT":130093213.18,"NETCASH_OPERATE":-215843114.48,"NETCASH_INVEST":55791740.41,"NETCASH_FINANCE":60485878.32,"END_CASH":820219570.52,"DIVI_RATIO":null,"DIVIDEND_RATE":null,"CURRENT_RATIO":1.484636434679,"COMMON_ACS":5000000000,"CURRENTDEBT_DEBT":59.309578900151,"ISSUED_COMMON_SHARES":1412732441,"HK_COMMON_SHARES":1412732441,"PER_SHARES":500,"TOTAL_MARKET_CAP":706366220.5,"HKSK_MARKET_CAP":706366220.5,"PE_TTM":-0.490699753318,"PB_TTM":0.095417475539,"REPORT_DATE_SQ":"2021-06-30 00:00:00","REPORT_TYPE_SQ":"2021年中报","OPERATE_INCOME_SQ":244470096.48,"DPS_HKD":null,"OPERATE_INCOME_QOQ_SQ":2.568791039726,"NET_PROFIT_RATIO_SQ":32.8652239913,"HOLDER_PROFIT_SQ":80418035.76,"HOLDER_PROFIT_QOQ_SQ":114.727939818979,"ROE_AVG_SQ":0.954191935273,"PE_TTM_SQ":-4.3733159659,"PB_TTM_SQ":0.082355417918,"ROA_SQ":0.35104860456,"START_DATE":"2022-01-01 00:00:00","FISCAL_YEAR":"12-31","CURRENCY":"HKD","IS_CNY_CODE":0,"DPS_HKD_LY":0.01,"ORG_TYPE":"一般企业","PREMIUM_INCOME":null,"PREMIUM_INCOME_YOY":null,"NET_INTEREST_INCOME":null,"NET_INTEREST_INCOME_YOY":null,"FEE_COMMISSION_INCOME":null,"FEE_COMMISSION_INCOME_YOY":null,"ACCOUNTS_RECE_TDAYS":1.331245145483,"INVENTORY_TDAYS":0.283153283783,"CURRENT_ASSETS_TDAYS":0.196210211949,"TOTAL_ASSETS_TDAYS":0.108775368592,"PREMIUM_EXPENSE":null,"LOAN_DEPOSIT":null,"LOAN_EQUITY":null,"LOAN_ASSETS":null,"DEPOSIT_EQUITY":null,"DEPOSIT_ASSETS":null,"EQUITY_MULTIPLIER":2.523110805914,"EQUITY_RATIO":1.51775667033},{"SECUCODE":"03688.HK","SECURITY_CODE":"03688","SECURITY_NAME_ABBR":"莱蒙国际","ORG_CODE":"10158293","STD_REPORT_DATE":"2021-12-31 00:00:00","REPORT_DATE":"2021-12-31 00:00:00","DATE_TYPE_CODE":"001","REPORT_TYPE":"2021年年报","PER_NETCASH_OPERATE":0.128275235948,"PER_OI":0.369787815469,"BPS":5.962622711231,"BASIC_EPS":0.016352,"DILUTED_EPS":0.016352,"OPERATE_INCOME":522411243.2,"OPERATE_INCOME_YOY":11.1131012728,"GROSS_PROFIT":261770174.4,"GROSS_PROFIT_YOY":19.107384785817,"HOLDER_PROFIT":27334003.2,"HOLDER_PROFIT_YOY":111.8026675328,"GROSS_PROFIT_RATIO":50.108066740015,"EPS_TTM":0.01934832273,"OPERATE_INCOME_QOQ":5.236052234312,"NET_PROFIT_RATIO":7.310977108,"ROE_AVG":0.328122504172,"GROSS_PROFIT_QOQ":10.749472123403,"ROA":0.12035491524,"HOLDER_PROFIT_QOQ":-22.151062796961,"ROE_YEARLY":0.328122504172,"ROIC_YEARLY":0.126927660213,"TOTAL_ASSETS":23198426238.4,"TOTAL_LIABILITIES":14720050777.6,"TAX_EBT":75.097554214555,"OCF_SALES":34.688875777243,"TOTAL_PARENT_EQUITY":8423590537.6,"DEBT_ASSET_RATIO":63.4527990232,"OPERATE_PROFIT":401874110.4,"PRETAX_PROFIT":153371948.8,"NETCASH_OPERATE":181218587.2,"NETCASH_INVEST":248761340.8,"NETCASH_FINANCE":-926979345.6,"END_CASH":880838089.6,"DIVI_RATIO":null,"DIVIDEND_RATE":null,"CURRENT_RATIO":1.267818625942,"COMMON_ACS":5000000000,"CURRENTDEBT_DEBT":71.378860980486,"ISSUED_COMMON_SHARES":1412732441,"HK_COMMON_SHARES":1412732441,"PER_SHARES":500,"TOTAL_MARKET_CAP":706366220.5,"HKSK_MARKET_CAP":706366220.5,"PE_TTM":-0.490699753318,"PB_TTM":0.095417475539,"REPORT_DATE_SQ":"2020-12-31 00:00:00","REPORT_TYPE_SQ":"2020年年报","OPERATE_INCOME_SQ":483985923.64,"DPS_HKD":null,"OPERATE_INCOME_QOQ_SQ":-23.102158129504,"NET_PROFIT_RATIO_SQ":-63.9136354862,"HOLDER_PROFIT_SQ":-238401263.12,"HOLDER_PROFIT_QOQ_SQ":57.989966266111,"ROE_AVG_SQ":-2.867104235654,"PE_TTM_SQ":-4.3733159659,"PB_TTM_SQ":0.082355417918,"ROA_SQ":-1.085331672973,"START_DATE":"2021-01-01 00:00:00","FISCAL_YEAR":"12-31","CURRENCY":"HKD","IS_CNY_CODE":0,"DPS_HKD_LY":0.07,"ORG_TYPE":"一般企业","PREMIUM_INCOME":null,"PREMIUM_INCOME_YOY":null,"NET_INTEREST_INCOME":null,"NET_INTEREST_INCOME_YOY":null,"FEE_COMMISSION_INCOME":null,"FEE_COMMISSION_INCOME_YOY":null,"ACCOUNTS_RECE_TDAYS":0.335745274619,"INVENTORY_TDAYS":0.030428363586,"CURRENT_ASSETS_TDAYS":0.037856926263,"TOTAL_ASSETS_TDAYS":0.023002397576,"PREMIUM_EXPENSE":null,"LOAN_DEPOSIT":null,"LOAN_EQUITY":null,"LOAN_ASSETS":null,"DEPOSIT_EQUITY":null,"DEPOSIT_ASSETS":null,"EQUITY_MULTIPLIER":2.736187651237,"EQUITY_RATIO":1.7474793809},{"SECUCODE":"03688.HK","SECURITY_CODE":"03688","SECURITY_NAME_ABBR":"莱蒙国际","ORG_CODE":"10158293","STD_REPORT_DATE":"2021-06-30 00:00:00","REPORT_DATE":"2021-06-30 00:00:00","DATE_TYPE_CODE":"002","REPORT_TYPE":"2021年中报","PER_NETCASH_OPERATE":0.290854962989,"PER_OI":0.17304769777,"BPS":5.997306085562,"BASIC_EPS":0.05242104,"DILUTED_EPS":0.05242104,"OPERATE_INCOME":244470096.48,"OPERATE_INCOME_YOY":15.6598143497,"GROSS_PROFIT":137460448.08,"GROSS_PROFIT_YOY":13.721531304758,"HOLDER_PROFIT":80418035.76,"HOLDER_PROFIT_YOY":145.7191108504,"GROSS_PROFIT_RATIO":56.227919103082,"EPS_TTM":0.024853676139,"OPERATE_INCOME_QOQ":2.568791039726,"NET_PROFIT_RATIO":32.8652239913,"ROE_AVG":0.954191935273,"GROSS_PROFIT_QOQ":7.546683972545,"ROA":0.35104860456,"HOLDER_PROFIT_QOQ":114.727939818979,"ROE_YEARLY":1.908383870546,"ROIC_YEARLY":0.753761779941,"TOTAL_ASSETS":23198401217.04,"TOTAL_LIABILITIES":14667337097.28,"TAX_EBT":45.57363004047,"OCF_SALES":168.077915359115,"TOTAL_PARENT_EQUITY":8472588865.68,"DEBT_ASSET_RATIO":63.2256376638,"OPERATE_PROFIT":273145237.44,"PRETAX_PROFIT":147622641.12,"NETCASH_OPERATE":410900241.84,"NETCASH_INVEST":282980423.04,"NETCASH_FINANCE":-441470028.96,"END_CASH":1640265990.72,"DIVI_RATIO":null,"DIVIDEND_RATE":null,"CURRENT_RATIO":1.409871023345,"COMMON_ACS":5000000000,"CURRENTDEBT_DEBT":71.076810559248,"ISSUED_COMMON_SHARES":1412732441,"HK_COMMON_SHARES":1412732441,"PER_SHARES":500,"TOTAL_MARKET_CAP":706366220.5,"HKSK_MARKET_CAP":706366220.5,"PE_TTM":-0.490699753318,"PB_TTM":0.095417475539,"REPORT_DATE_SQ":"2020-06-30 00:00:00","REPORT_TYPE_SQ":"2020年中报","OPERATE_INCOME_SQ":232037509.44,"DPS_HKD":null,"OPERATE_INCOME_QOQ_SQ":-2.312327533788,"NET_PROFIT_RATIO_SQ":-92.4208545582,"HOLDER_PROFIT_SQ":-193094821.92,"HOLDER_PROFIT_QOQ_SQ":-8.675350220415,"ROE_AVG_SQ":-2.233763008811,"PE_TTM_SQ":-4.3733159659,"PB_TTM_SQ":0.082355417918,"ROA_SQ":-0.853339247431,"START_DATE":"2021-01-01 00:00:00","FISCAL_YEAR":"12-31","CURRENCY":"HKD","IS_CNY_CODE":0,"DPS_HKD_LY":0.07,"ORG_TYPE":"一般企业","PREMIUM_INCOME":null,"PREMIUM_INCOME_YOY":null,"NET_INTEREST_INCOME":null,"NET_INTEREST_INCOME_YOY":null,"FEE_COMMISSION_INCOME":null,"FEE_COMMISSION_INCOME_YOY":null,"ACCOUNTS_RECE_TDAYS":0.152280125439,"INVENTORY_TDAYS":0.011947270921,"CURRENT_ASSETS_TDAYS":0.016727827129,"TOTAL_ASSETS_TDAYS":0.010671845615,"PREMIUM_EXPENSE":null,"LOAN_DEPOSIT":null,"LOAN_EQUITY":null,"LOAN_ASSETS":null,"DEPOSIT_EQUITY":null,"DEPOSIT_ASSETS":null,"EQUITY_MULTIPLIER":2.719285764516,"EQUITY_RATIO":1.731151756542},{"SECUCODE":"03688.HK","SECURITY_CODE":"03688","SECURITY_NAME_ABBR":"莱蒙国际","ORG_CODE":"10158293","STD_REPORT_DATE":"2020-12-31 00:00:00","REPORT_DATE":"2020-12-31 00:00:00","DATE_TYPE_CODE":"001","REPORT_TYPE":"2020年年报","PER_NETCASH_OPERATE":-0.287854287534,"PER_OI":0.342588525324,"BPS":6.002172101009,"BASIC_EPS":-0.1599116,"DILUTED_EPS":-0.1599116,"OPERATE_INCOME":483985923.64,"OPERATE_INCOME_YOY":-20.0480781263,"GROSS_PROFIT":219776611.56,"GROSS_PROFIT_YOY":-42.677090570173,"HOLDER_PROFIT":-238401263.12,"HOLDER_PROFIT_YOY":51.4086379535,"GROSS_PROFIT_RATIO":45.40971148646,"EPS_TTM":-0.168751885496,"OPERATE_INCOME_QOQ":-23.102158129504,"NET_PROFIT_RATIO":-63.9136354862,"ROE_AVG":-2.867104235654,"GROSS_PROFIT_QOQ":-38.124969707711,"ROA":-1.085331672973,"HOLDER_PROFIT_QOQ":57.989966266111,"ROE_YEARLY":-2.867104235654,"ROIC_YEARLY":-1.175492432346,"TOTAL_ASSETS":22877355799.92,"TOTAL_LIABILITIES":14331139563.04,"TAX_EBT":-6.039168618943,"OCF_SALES":-84.023330104634,"TOTAL_PARENT_EQUITY":8479463243.56,"DEBT_ASSET_RATIO":62.6433390658,"OPERATE_PROFIT":-28345593.56,"PRETAX_PROFIT":-291715790.56,"NETCASH_OPERATE":-406661090.28,"NETCASH_INVEST":23659342.04,"NETCASH_FINANCE":-95729816.88,"END_CASH":1391395881.44,"DIVI_RATIO":null,"DIVIDEND_RATE":null,"CURRENT_RATIO":1.568243039675,"COMMON_ACS":5000000000,"CURRENTDEBT_DEBT":65.39836181605,"ISSUED_COMMON_SHARES":1412732441,"HK_COMMON_SHARES":1412732441,"PER_SHARES":500,"TOTAL_MARKET_CAP":706366220.5,"HKSK_MARKET_CAP":706366220.5,"PE_TTM":-0.490699753318,"PB_TTM":0.095417475539,"REPORT_DATE_SQ":"2019-12-31 00:00:00","REPORT_TYPE_SQ":"2019年年报","OPERATE_INCOME_SQ":644286181.88,"DPS_HKD":null,"OPERATE_INCOME_QOQ_SQ":21.670978478107,"NET_PROFIT_RATIO_SQ":-73.6782686313,"HOLDER_PROFIT_SQ":-522185097.42,"HOLDER_PROFIT_QOQ_SQ":-1515.56795406208,"ROE_AVG_SQ":-5.752729131592,"PE_TTM_SQ":-4.3733159659,"PB_TTM_SQ":0.082355417918,"ROA_SQ":-2.177783728602,"START_DATE":"2020-01-01 00:00:00","FISCAL_YEAR":"12-31","CURRENCY":"HKD","IS_CNY_CODE":0,"DPS_HKD_LY":0.02,"ORG_TYPE":"一般企业","PREMIUM_INCOME":null,"PREMIUM_INCOME_YOY":null,"NET_INTEREST_INCOME":null,"NET_INTEREST_INCOME_YOY":null,"FEE_COMMISSION_INCOME":null,"FEE_COMMISSION_INCOME_YOY":null,"ACCOUNTS_RECE_TDAYS":0.358536192266,"INVENTORY_TDAYS":0.02998155008,"CURRENT_ASSETS_TDAYS":0.033944082762,"TOTAL_ASSETS_TDAYS":0.022033660616,"PREMIUM_EXPENSE":null,"LOAN_DEPOSIT":null,"LOAN_EQUITY":null,"LOAN_ASSETS":null,"DEPOSIT_EQUITY":null,"DEPOSIT_ASSETS":null,"EQUITY_MULTIPLIER":2.676898777868,"EQUITY_RATIO":1.690099850828},{"SECUCODE":"03688.HK","SECURITY_CODE":"03688","SECURITY_NAME_ABBR":"莱蒙国际","ORG_CODE":"10158293","STD_REPORT_DATE":"2020-06-30 00:00:00","REPORT_DATE":"2020-06-30 00:00:00","DATE_TYPE_CODE":"002","REPORT_TYPE":"2020年中报","PER_NETCASH_OPERATE":-0.500034682845,"PER_OI":0.164247314428,"BPS":5.976201893533,"BASIC_EPS":-0.1278816,"DILUTED_EPS":-0.1278816,"OPERATE_INCOME":232037509.44,"OPERATE_INCOME_YOY":-9.5081523385,"GROSS_PROFIT":120874601.76,"GROSS_PROFIT_YOY":-18.920323552493,"HOLDER_PROFIT":-193094821.92,"HOLDER_PROFIT_YOY":-25.820179511,"GROSS_PROFIT_RATIO":52.092699172526,"EPS_TTM":-0.40169423944,"OPERATE_INCOME_QOQ":-2.312327533788,"NET_PROFIT_RATIO":-92.4208545582,"ROE_AVG":-2.233763008811,"GROSS_PROFIT_QOQ":-7.356959408276,"ROA":-0.853339247431,"HOLDER_PROFIT_QOQ":-8.675350220415,"ROE_YEARLY":-4.467526017623,"ROIC_YEARLY":-1.84603513495,"TOTAL_ASSETS":22406015475.36,"TOTAL_LIABILITIES":13851073494.72,"TAX_EBT":7.626781871048,"OCF_SALES":-304.440096683017,"TOTAL_PARENT_EQUITY":8442774288.96,"DEBT_ASSET_RATIO":61.8185482821,"OPERATE_PROFIT":-81952923.36,"PRETAX_PROFIT":-232157170.08,"NETCASH_OPERATE":-706415218.08,"NETCASH_INVEST":17634872.64,"NETCASH_FINANCE":13122479.04,"END_CASH":1229737782.24,"DIVI_RATIO":null,"DIVIDEND_RATE":null,"CURRENT_RATIO":1.72862340908,"COMMON_ACS":5000000000,"CURRENTDEBT_DEBT":60.819263820463,"ISSUED_COMMON_SHARES":1412732441,"HK_COMMON_SHARES":1412732441,"PER_SHARES":500,"TOTAL_MARKET_CAP":706366220.5,"HKSK_MARKET_CAP":706366220.5,"PE_TTM":-0.490699753318,"PB_TTM":0.095417475539,"REPORT_DATE_SQ":"2019-06-30 00:00:00","REPORT_TYPE_SQ":"2019年中报","OPERATE_INCOME_SQ":246935516.22,"DPS_HKD":null,"OPERATE_INCOME_QOQ_SQ":-2.478884191116,"NET_PROFIT_RATIO_SQ":-56.6848463043,"HOLDER_PROFIT_SQ":-147793435.92,"HOLDER_PROFIT_QOQ_SQ":-135.95061356927,"ROE_AVG_SQ":-1.608282599869,"PE_TTM_SQ":-4.3733159659,"PB_TTM_SQ":0.082355417918,"ROA_SQ":-0.613201694659,"START_DATE":"2020-01-01 00:00:00","FISCAL_YEAR":"12-31","CURRENCY":"HKD","IS_CNY_CODE":0,"DPS_HKD_LY":0.02,"ORG_TYPE":"一般企业","PREMIUM_INCOME":null,"PREMIUM_INCOME_YOY":null,"NET_INTEREST_INCOME":null,"NET_INTEREST_INCOME_YOY":null,"FEE_COMMISSION_INCOME":null,"FEE_COMMISSION_INCOME_YOY":null,"ACCOUNTS_RECE_TDAYS":0.168768023195,"INVENTORY_TDAYS":0.012050915333,"CURRENT_ASSETS_TDAYS":0.015699660876,"TOTAL_ASSETS_TDAYS":0.010254377187,"PREMIUM_EXPENSE":null,"LOAN_DEPOSIT":null,"LOAN_EQUITY":null,"LOAN_ASSETS":null,"DEPOSIT_EQUITY":null,"DEPOSIT_ASSETS":null,"EQUITY_MULTIPLIER":2.619072756553,"EQUITY_RATIO":1.64058318044}],"count":42},"success":true,"message":"ok","code":0}