{"version":"a3b8ff0e02022128a6883d465c470ef3","result":{"pages":3,"data":[{"SECUCODE":"03699.HK","SECURITY_CODE":"03699","SECURITY_NAME_ABBR":"光大永年","ORG_CODE":"10707406","STD_REPORT_DATE":"2024-06-30 00:00:00","REPORT_DATE":"2024-06-30 00:00:00","DATE_TYPE_CODE":"002","REPORT_TYPE":"2024年中报","PER_NETCASH_OPERATE":-0.003729043951,"PER_OI":0.054130040779,"BPS":2.22562528319,"BASIC_EPS":0.03,"DILUTED_EPS":0.03,"OPERATE_INCOME":23893000,"OPERATE_INCOME_YOY":8.0056052798,"GROSS_PROFIT":17459000,"GROSS_PROFIT_YOY":4.997594419052,"HOLDER_PROFIT":11430000,"HOLDER_PROFIT_YOY":-14.1956309586,"GROSS_PROFIT_RATIO":73.071610932072,"EPS_TTM":0.039345265066,"OPERATE_INCOME_QOQ":3.78588682956,"NET_PROFIT_RATIO":47.8382789938,"ROE_AVG":1.169459010104,"GROSS_PROFIT_QOQ":2.400554640783,"ROA":0.954961014113,"HOLDER_PROFIT_QOQ":-9.819295877038,"ROE_YEARLY":2.338918020207,"ROIC_YEARLY":2.346704553387,"TOTAL_ASSETS":1199517000,"TOTAL_LIABILITIES":217126000,"TAX_EBT":20.292887029289,"OCF_SALES":-6.889047001214,"TOTAL_PARENT_EQUITY":982391000,"DEBT_ASSET_RATIO":18.1011190337,"OPERATE_PROFIT":14352000,"PRETAX_PROFIT":14340000,"NETCASH_OPERATE":-1646000,"NETCASH_INVEST":2547000,"NETCASH_FINANCE":-622000,"END_CASH":223340000,"DIVI_RATIO":0.349186413589,"DIVIDEND_RATE":3.318681318681,"CURRENT_RATIO":11.969163220503,"COMMON_ACS":4000000000,"CURRENTDEBT_DEBT":9.021029264114,"ISSUED_COMMON_SHARES":441400000,"HK_COMMON_SHARES":441400000,"PER_SHARES":2000,"TOTAL_MARKET_CAP":200837000,"HKSK_MARKET_CAP":200837000,"PE_TTM":10.391947059203,"PB_TTM":0.18658549718,"REPORT_DATE_SQ":"2023-06-30 00:00:00","REPORT_TYPE_SQ":"2023年中报","OPERATE_INCOME_SQ":22122000,"DPS_HKD":0.0151,"OPERATE_INCOME_QOQ_SQ":-9.486203797541,"NET_PROFIT_RATIO_SQ":60.216074496,"HOLDER_PROFIT_SQ":13321000,"HOLDER_PROFIT_QOQ_SQ":4.856482111277,"ROE_AVG_SQ":1.374698468802,"PE_TTM_SQ":7.115941836082,"PB_TTM_SQ":0.167347174827,"ROA_SQ":1.118393932245,"START_DATE":"2024-01-01 00:00:00","FISCAL_YEAR":"12-31","CURRENCY":"HKD","IS_CNY_CODE":0,"DPS_HKD_LY":0.0151,"ORG_TYPE":"一般企业","PREMIUM_INCOME":null,"PREMIUM_INCOME_YOY":null,"NET_INTEREST_INCOME":null,"NET_INTEREST_INCOME_YOY":null,"FEE_COMMISSION_INCOME":null,"FEE_COMMISSION_INCOME_YOY":null,"ACCOUNTS_RECE_TDAYS":2.351094710947,"INVENTORY_TDAYS":null,"CURRENT_ASSETS_TDAYS":0.10257235831,"TOTAL_ASSETS_TDAYS":0.019962277787,"PREMIUM_EXPENSE":null,"LOAN_DEPOSIT":null,"LOAN_EQUITY":null,"LOAN_ASSETS":null,"DEPOSIT_EQUITY":null,"DEPOSIT_ASSETS":null,"EQUITY_MULTIPLIER":1.221017904276,"EQUITY_RATIO":0.221017904276},{"SECUCODE":"03699.HK","SECURITY_CODE":"03699","SECURITY_NAME_ABBR":"光大永年","ORG_CODE":"10707406","STD_REPORT_DATE":"2023-12-31 00:00:00","REPORT_DATE":"2023-12-31 00:00:00","DATE_TYPE_CODE":"001","REPORT_TYPE":"2023年年报","PER_NETCASH_OPERATE":0.031511101042,"PER_OI":0.105978704123,"BPS":2.20289759855,"BASIC_EPS":0.04,"DILUTED_EPS":0.04,"OPERATE_INCOME":46779000,"OPERATE_INCOME_YOY":-10.5512744517,"GROSS_PROFIT":34617000,"GROSS_PROFIT_YOY":-10.106728297281,"HOLDER_PROFIT":19258000,"HOLDER_PROFIT_YOY":-12.674012606,"GROSS_PROFIT_RATIO":74.001154364138,"EPS_TTM":0.043629361124,"OPERATE_INCOME_QOQ":-1.176694270745,"NET_PROFIT_RATIO":41.1680454905,"ROE_AVG":1.987771766478,"GROSS_PROFIT_QOQ":0.836003495485,"ROA":1.621344702447,"HOLDER_PROFIT_QOQ":-16.718560802629,"ROE_YEARLY":1.987771766478,"ROIC_YEARLY":1.986958585254,"TOTAL_ASSETS":1194298000,"TOTAL_LIABILITIES":221939000,"TAX_EBT":26.753385060094,"OCF_SALES":29.733427392633,"TOTAL_PARENT_EQUITY":972359000,"DEBT_ASSET_RATIO":18.5832179238,"OPERATE_PROFIT":26333000,"PRETAX_PROFIT":26292000,"NETCASH_OPERATE":13909000,"NETCASH_INVEST":-359000,"NETCASH_FINANCE":-14297000,"END_CASH":154244000,"DIVI_RATIO":0.314898766476,"DIVIDEND_RATE":3.431818181818,"CURRENT_RATIO":8.966217263288,"COMMON_ACS":4000000000,"CURRENTDEBT_DEBT":11.630222718855,"ISSUED_COMMON_SHARES":441400000,"HK_COMMON_SHARES":441400000,"PER_SHARES":2000,"TOTAL_MARKET_CAP":194216000,"HKSK_MARKET_CAP":194216000,"PE_TTM":10.04935539791,"PB_TTM":0.180434326943,"REPORT_DATE_SQ":"2022-12-31 00:00:00","REPORT_TYPE_SQ":"2022年年报","OPERATE_INCOME_SQ":52297000,"DPS_HKD":0.0151,"OPERATE_INCOME_QOQ_SQ":-4.216194435796,"NET_PROFIT_RATIO_SQ":42.1687668509,"HOLDER_PROFIT_SQ":22053000,"HOLDER_PROFIT_QOQ_SQ":-22.321239873195,"ROE_AVG_SQ":2.314037792908,"PE_TTM_SQ":7.115941836082,"PB_TTM_SQ":0.167347174827,"ROA_SQ":1.877646067165,"START_DATE":"2023-01-01 00:00:00","FISCAL_YEAR":"12-31","CURRENCY":"HKD","IS_CNY_CODE":0,"DPS_HKD_LY":0.0333,"ORG_TYPE":"一般企业","PREMIUM_INCOME":null,"PREMIUM_INCOME_YOY":null,"NET_INTEREST_INCOME":null,"NET_INTEREST_INCOME_YOY":null,"FEE_COMMISSION_INCOME":null,"FEE_COMMISSION_INCOME_YOY":null,"ACCOUNTS_RECE_TDAYS":5.427427775844,"INVENTORY_TDAYS":null,"CURRENT_ASSETS_TDAYS":0.205912971518,"TOTAL_ASSETS_TDAYS":0.039383572456,"PREMIUM_EXPENSE":null,"LOAN_DEPOSIT":null,"LOAN_EQUITY":null,"LOAN_ASSETS":null,"DEPOSIT_EQUITY":null,"DEPOSIT_ASSETS":null,"EQUITY_MULTIPLIER":1.228248003052,"EQUITY_RATIO":0.228248003052},{"SECUCODE":"03699.HK","SECURITY_CODE":"03699","SECURITY_NAME_ABBR":"光大永年","ORG_CODE":"10707406","STD_REPORT_DATE":"2023-06-30 00:00:00","REPORT_DATE":"2023-06-30 00:00:00","DATE_TYPE_CODE":"002","REPORT_TYPE":"2023年中报","PER_NETCASH_OPERATE":0.006918894427,"PER_OI":0.050117806978,"BPS":2.203753964658,"BASIC_EPS":0.03,"DILUTED_EPS":0.03,"OPERATE_INCOME":22122000,"OPERATE_INCOME_YOY":-18.3177639109,"GROSS_PROFIT":16628000,"GROSS_PROFIT_YOY":-20.084586917864,"HOLDER_PROFIT":13321000,"HOLDER_PROFIT_YOY":8.7428571429,"GROSS_PROFIT_RATIO":75.164994123497,"EPS_TTM":0.052387856819,"OPERATE_INCOME_QOQ":-9.486203797541,"NET_PROFIT_RATIO":60.216074496,"ROE_AVG":1.374698468802,"GROSS_PROFIT_QOQ":-10.852008621361,"ROA":1.118393932245,"HOLDER_PROFIT_QOQ":4.856482111277,"ROE_YEARLY":2.749396937604,"ROIC_YEARLY":2.741967687554,"TOTAL_ASSETS":1200905000,"TOTAL_LIABILITIES":228168000,"TAX_EBT":22.574832897414,"OCF_SALES":13.805261730404,"TOTAL_PARENT_EQUITY":972737000,"DEBT_ASSET_RATIO":18.9996710814,"OPERATE_PROFIT":17228000,"PRETAX_PROFIT":17205000,"NETCASH_OPERATE":3054000,"NETCASH_INVEST":3024000,"NETCASH_FINANCE":-608000,"END_CASH":223982000,"DIVI_RATIO":0.262252224736,"DIVIDEND_RATE":3.431818181818,"CURRENT_RATIO":7.245387172527,"COMMON_ACS":4000000000,"CURRENTDEBT_DEBT":14.370551523439,"ISSUED_COMMON_SHARES":441400000,"HK_COMMON_SHARES":441400000,"PER_SHARES":2000,"TOTAL_MARKET_CAP":194216000,"HKSK_MARKET_CAP":194216000,"PE_TTM":10.04935539791,"PB_TTM":0.180434326943,"REPORT_DATE_SQ":"2022-06-30 00:00:00","REPORT_TYPE_SQ":"2022年中报","OPERATE_INCOME_SQ":27083000,"DPS_HKD":0.0151,"OPERATE_INCOME_QOQ_SQ":3.646683625043,"NET_PROFIT_RATIO_SQ":45.231325924,"HOLDER_PROFIT_SQ":12250000,"HOLDER_PROFIT_QOQ_SQ":-13.108683010437,"ROE_AVG_SQ":1.293991075159,"PE_TTM_SQ":7.115941836082,"PB_TTM_SQ":0.167347174827,"ROA_SQ":1.047131159802,"START_DATE":"2023-01-01 00:00:00","FISCAL_YEAR":"12-31","CURRENCY":"HKD","IS_CNY_CODE":0,"DPS_HKD_LY":0.0333,"ORG_TYPE":"一般企业","PREMIUM_INCOME":null,"PREMIUM_INCOME_YOY":null,"NET_INTEREST_INCOME":null,"NET_INTEREST_INCOME_YOY":null,"FEE_COMMISSION_INCOME":null,"FEE_COMMISSION_INCOME_YOY":null,"ACCOUNTS_RECE_TDAYS":null,"INVENTORY_TDAYS":null,"CURRENT_ASSETS_TDAYS":0.096080262329,"TOTAL_ASSETS_TDAYS":0.018573012964,"PREMIUM_EXPENSE":null,"LOAN_DEPOSIT":null,"LOAN_EQUITY":null,"LOAN_ASSETS":null,"DEPOSIT_EQUITY":null,"DEPOSIT_ASSETS":null,"EQUITY_MULTIPLIER":1.234562888016,"EQUITY_RATIO":0.234562888016},{"SECUCODE":"03699.HK","SECURITY_CODE":"03699","SECURITY_NAME_ABBR":"光大永年","ORG_CODE":"10707406","STD_REPORT_DATE":"2022-12-31 00:00:00","REPORT_DATE":"2022-12-31 00:00:00","DATE_TYPE_CODE":"001","REPORT_TYPE":"2022年年报","PER_NETCASH_OPERATE":0.025654734934,"PER_OI":0.118479836883,"BPS":2.186878115088,"BASIC_EPS":0.05,"DILUTED_EPS":0.05,"OPERATE_INCOME":52297000,"OPERATE_INCOME_YOY":-0.7232620828,"GROSS_PROFIT":38509000,"GROSS_PROFIT_YOY":-2.784509744522,"HOLDER_PROFIT":22053000,"HOLDER_PROFIT_YOY":-32.5039023047,"GROSS_PROFIT_RATIO":73.635198959787,"EPS_TTM":0.04996148618,"OPERATE_INCOME_QOQ":-4.216194435796,"NET_PROFIT_RATIO":42.1687668509,"ROE_AVG":2.314037792908,"GROSS_PROFIT_QOQ":-6.433899458172,"ROA":1.877646067165,"HOLDER_PROFIT_QOQ":-22.321239873195,"ROE_YEARLY":2.314037792908,"ROIC_YEARLY":2.284897843733,"TOTAL_ASSETS":1181261000,"TOTAL_LIABILITIES":215973000,"TAX_EBT":23.437716983752,"OCF_SALES":21.653249708396,"TOTAL_PARENT_EQUITY":965288000,"DEBT_ASSET_RATIO":18.2832583146,"OPERATE_PROFIT":29035000,"PRETAX_PROFIT":28804000,"NETCASH_OPERATE":11324000,"NETCASH_INVEST":-59596000,"NETCASH_FINANCE":-12779000,"END_CASH":153272000,"DIVI_RATIO":0.274988457117,"DIVIDEND_RATE":3.431818181818,"CURRENT_RATIO":9.843725161176,"COMMON_ACS":4000000000,"CURRENTDEBT_DEBT":10.485569955504,"ISSUED_COMMON_SHARES":441400000,"HK_COMMON_SHARES":441400000,"PER_SHARES":2000,"TOTAL_MARKET_CAP":194216000,"HKSK_MARKET_CAP":194216000,"PE_TTM":10.04935539791,"PB_TTM":0.180434326943,"REPORT_DATE_SQ":"2021-12-31 00:00:00","REPORT_TYPE_SQ":"2021年年报","OPERATE_INCOME_SQ":52678000,"DPS_HKD":0.0151,"OPERATE_INCOME_QOQ_SQ":2.480399976655,"NET_PROFIT_RATIO_SQ":62.0239948366,"HOLDER_PROFIT_SQ":32673000,"HOLDER_PROFIT_QOQ_SQ":-10.826965065502,"ROE_AVG_SQ":3.484424973365,"PE_TTM_SQ":7.115941836082,"PB_TTM_SQ":0.167347174827,"ROA_SQ":2.802739003348,"START_DATE":"2022-01-01 00:00:00","FISCAL_YEAR":"12-31","CURRENCY":"HKD","IS_CNY_CODE":0,"DPS_HKD_LY":0.01217,"ORG_TYPE":"一般企业","PREMIUM_INCOME":null,"PREMIUM_INCOME_YOY":null,"NET_INTEREST_INCOME":null,"NET_INTEREST_INCOME_YOY":null,"FEE_COMMISSION_INCOME":null,"FEE_COMMISSION_INCOME_YOY":null,"ACCOUNTS_RECE_TDAYS":8.789411764706,"INVENTORY_TDAYS":null,"CURRENT_ASSETS_TDAYS":0.242915337059,"TOTAL_ASSETS_TDAYS":0.044526938001,"PREMIUM_EXPENSE":null,"LOAN_DEPOSIT":null,"LOAN_EQUITY":null,"LOAN_ASSETS":null,"DEPOSIT_EQUITY":null,"DEPOSIT_ASSETS":null,"EQUITY_MULTIPLIER":1.223739443565,"EQUITY_RATIO":0.223739443565},{"SECUCODE":"03699.HK","SECURITY_CODE":"03699","SECURITY_NAME_ABBR":"光大永年","ORG_CODE":"10707406","STD_REPORT_DATE":"2022-06-30 00:00:00","REPORT_DATE":"2022-06-30 00:00:00","DATE_TYPE_CODE":"002","REPORT_TYPE":"2022年中报","PER_NETCASH_OPERATE":0.010826914363,"PER_OI":0.061357045763,"BPS":2.158214771183,"BASIC_EPS":0.03,"DILUTED_EPS":0.03,"OPERATE_INCOME":27083000,"OPERATE_INCOME_YOY":7.6345282569,"GROSS_PROFIT":20807000,"GROSS_PROFIT_YOY":8.020973938324,"HOLDER_PROFIT":12250000,"HOLDER_PROFIT_YOY":-25.9057642291,"GROSS_PROFIT_RATIO":76.82679171436,"EPS_TTM":0.06431807884,"OPERATE_INCOME_QOQ":3.646683625043,"NET_PROFIT_RATIO":45.231325924,"ROE_AVG":1.293991075159,"GROSS_PROFIT_QOQ":3.900333232354,"ROA":1.047131159802,"HOLDER_PROFIT_QOQ":-13.108683010437,"ROE_YEARLY":2.587982150317,"ROIC_YEARLY":2.539261385867,"TOTAL_ASSETS":1171982000,"TOTAL_LIABILITIES":219346000,"TAX_EBT":24.823565510893,"OCF_SALES":17.645755640069,"TOTAL_PARENT_EQUITY":952636000,"DEBT_ASSET_RATIO":18.7158164545,"OPERATE_PROFIT":16497000,"PRETAX_PROFIT":16295000,"NETCASH_OPERATE":4779000,"NETCASH_INVEST":225000,"NETCASH_FINANCE":-7800000,"END_CASH":206261000,"DIVI_RATIO":0.21360762398,"DIVIDEND_RATE":3.431818181818,"CURRENT_RATIO":8.090860604213,"COMMON_ACS":4000000000,"CURRENTDEBT_DEBT":11.966938079564,"ISSUED_COMMON_SHARES":441400000,"HK_COMMON_SHARES":441400000,"PER_SHARES":2000,"TOTAL_MARKET_CAP":194216000,"HKSK_MARKET_CAP":194216000,"PE_TTM":10.04935539791,"PB_TTM":0.180434326943,"REPORT_DATE_SQ":"2021-06-30 00:00:00","REPORT_TYPE_SQ":"2021年中报","OPERATE_INCOME_SQ":25162000,"DPS_HKD":0.0151,"OPERATE_INCOME_QOQ_SQ":-0.639811342637,"NET_PROFIT_RATIO_SQ":65.7062236706,"HOLDER_PROFIT_SQ":16533000,"HOLDER_PROFIT_QOQ_SQ":7.821788005415,"ROE_AVG_SQ":1.770518031537,"PE_TTM_SQ":7.115941836082,"PB_TTM_SQ":0.167347174827,"ROA_SQ":1.419471825635,"START_DATE":"2022-01-01 00:00:00","FISCAL_YEAR":"12-31","CURRENCY":"HKD","IS_CNY_CODE":0,"DPS_HKD_LY":0.01217,"ORG_TYPE":"一般企业","PREMIUM_INCOME":null,"PREMIUM_INCOME_YOY":null,"NET_INTEREST_INCOME":null,"NET_INTEREST_INCOME_YOY":null,"FEE_COMMISSION_INCOME":null,"FEE_COMMISSION_INCOME_YOY":null,"ACCOUNTS_RECE_TDAYS":null,"INVENTORY_TDAYS":null,"CURRENT_ASSETS_TDAYS":0.128956227353,"TOTAL_ASSETS_TDAYS":0.023150574042,"PREMIUM_EXPENSE":null,"LOAN_DEPOSIT":null,"LOAN_EQUITY":null,"LOAN_ASSETS":null,"DEPOSIT_EQUITY":null,"DEPOSIT_ASSETS":null,"EQUITY_MULTIPLIER":1.230251638611,"EQUITY_RATIO":0.230251638611},{"SECUCODE":"03699.HK","SECURITY_CODE":"03699","SECURITY_NAME_ABBR":"光大永年","ORG_CODE":"10707406","STD_REPORT_DATE":"2021-12-31 00:00:00","REPORT_DATE":"2021-12-31 00:00:00","DATE_TYPE_CODE":"001","REPORT_TYPE":"2021年年报","PER_NETCASH_OPERATE":0.042469415496,"PER_OI":0.119342999547,"BPS":2.131243769823,"BASIC_EPS":0.07,"DILUTED_EPS":0.07,"OPERATE_INCOME":52678000,"OPERATE_INCOME_YOY":1.8247187536,"GROSS_PROFIT":39612000,"GROSS_PROFIT_YOY":0.745186805361,"HOLDER_PROFIT":32673000,"HOLDER_PROFIT_YOY":-3.8520393149,"GROSS_PROFIT_RATIO":75.196476707544,"EPS_TTM":0.074021295877,"OPERATE_INCOME_QOQ":2.480399976655,"NET_PROFIT_RATIO":62.0239948366,"ROE_AVG":3.484424973365,"GROSS_PROFIT_QOQ":1.623951358424,"ROA":2.802739003348,"HOLDER_PROFIT_QOQ":-10.826965065502,"ROE_YEARLY":3.484424973365,"ROIC_YEARLY":3.421312073651,"TOTAL_ASSETS":1167744000,"TOTAL_LIABILITIES":227013000,"TAX_EBT":25.13404518583,"OCF_SALES":35.586013136414,"TOTAL_PARENT_EQUITY":940731000,"DEBT_ASSET_RATIO":19.4403054094,"OPERATE_PROFIT":44311000,"PRETAX_PROFIT":43642000,"NETCASH_OPERATE":18746000,"NETCASH_INVEST":-1179000,"NETCASH_FINANCE":-27910000,"END_CASH":203770000,"DIVI_RATIO":0.185606477667,"DIVIDEND_RATE":3.431818181818,"CURRENT_RATIO":5.997660514687,"COMMON_ACS":4000000000,"CURRENTDEBT_DEBT":15.251549470735,"ISSUED_COMMON_SHARES":441400000,"HK_COMMON_SHARES":441400000,"PER_SHARES":2000,"TOTAL_MARKET_CAP":194216000,"HKSK_MARKET_CAP":194216000,"PE_TTM":10.04935539791,"PB_TTM":0.180434326943,"REPORT_DATE_SQ":"2020-12-31 00:00:00","REPORT_TYPE_SQ":"2020年年报","OPERATE_INCOME_SQ":51734000,"DPS_HKD":0.0151,"OPERATE_INCOME_QOQ_SQ":-12.307822696839,"NET_PROFIT_RATIO_SQ":65.6860092009,"HOLDER_PROFIT_SQ":33982000,"HOLDER_PROFIT_QOQ_SQ":4.843884980871,"ROE_AVG_SQ":3.664639443025,"PE_TTM_SQ":7.115941836082,"PB_TTM_SQ":0.167347174827,"ROA_SQ":2.943232220173,"START_DATE":"2021-01-01 00:00:00","FISCAL_YEAR":"12-31","CURRENCY":"HKD","IS_CNY_CODE":0,"DPS_HKD_LY":0.051133,"ORG_TYPE":"一般企业","PREMIUM_INCOME":null,"PREMIUM_INCOME_YOY":null,"NET_INTEREST_INCOME":null,"NET_INTEREST_INCOME_YOY":null,"FEE_COMMISSION_INCOME":null,"FEE_COMMISSION_INCOME_YOY":null,"ACCOUNTS_RECE_TDAYS":8.817877469032,"INVENTORY_TDAYS":null,"CURRENT_ASSETS_TDAYS":0.243044725988,"TOTAL_ASSETS_TDAYS":0.045187979438,"PREMIUM_EXPENSE":null,"LOAN_DEPOSIT":null,"LOAN_EQUITY":null,"LOAN_ASSETS":null,"DEPOSIT_EQUITY":null,"DEPOSIT_ASSETS":null,"EQUITY_MULTIPLIER":1.241315530157,"EQUITY_RATIO":0.241315530157},{"SECUCODE":"03699.HK","SECURITY_CODE":"03699","SECURITY_NAME_ABBR":"光大永年","ORG_CODE":"10707406","STD_REPORT_DATE":"2021-06-30 00:00:00","REPORT_DATE":"2021-06-30 00:00:00","DATE_TYPE_CODE":"002","REPORT_TYPE":"2021年中报","PER_NETCASH_OPERATE":-0.008849116448,"PER_OI":0.057004984141,"BPS":2.113606705936,"BASIC_EPS":0.04,"DILUTED_EPS":0.04,"OPERATE_INCOME":25162000,"OPERATE_INCOME_YOY":-1.298395638,"GROSS_PROFIT":19262000,"GROSS_PROFIT_YOY":-1.734516886032,"HOLDER_PROFIT":16533000,"HOLDER_PROFIT_YOY":19.1567567568,"GROSS_PROFIT_RATIO":76.551943406724,"EPS_TTM":0.083008608971,"OPERATE_INCOME_QOQ":-0.639811342637,"NET_PROFIT_RATIO":65.7062236706,"ROE_AVG":1.770518031537,"GROSS_PROFIT_QOQ":-0.86472189018,"ROA":1.419471825635,"HOLDER_PROFIT_QOQ":7.821788005415,"ROE_YEARLY":3.541036063074,"ROIC_YEARLY":3.474580323006,"TOTAL_ASSETS":1165697000,"TOTAL_LIABILITIES":232751000,"TAX_EBT":26.562430595656,"OCF_SALES":-15.523408314125,"TOTAL_PARENT_EQUITY":932946000,"DEBT_ASSET_RATIO":19.9666808785,"OPERATE_PROFIT":22894000,"PRETAX_PROFIT":22513000,"NETCASH_OPERATE":2715000,"NETCASH_INVEST":580000,"NETCASH_FINANCE":-11177000,"END_CASH":208383000,"DIVI_RATIO":0.16551092917,"DIVIDEND_RATE":3.431818181818,"CURRENT_RATIO":4.798192110229,"COMMON_ACS":4000000000,"CURRENTDEBT_DEBT":19.58230039828,"ISSUED_COMMON_SHARES":441400000,"HK_COMMON_SHARES":441400000,"PER_SHARES":2000,"TOTAL_MARKET_CAP":194216000,"HKSK_MARKET_CAP":194216000,"PE_TTM":10.04935539791,"PB_TTM":0.180434326943,"REPORT_DATE_SQ":"2020-06-30 00:00:00","REPORT_TYPE_SQ":"2020年中报","OPERATE_INCOME_SQ":25493000,"DPS_HKD":0.0151,"OPERATE_INCOME_QOQ_SQ":-17.227881134776,"NET_PROFIT_RATIO_SQ":54.4267053701,"HOLDER_PROFIT_SQ":13875000,"HOLDER_PROFIT_QOQ_SQ":-13.060271988412,"ROE_AVG_SQ":1.497223257839,"PE_TTM_SQ":7.115941836082,"PB_TTM_SQ":0.167347174827,"ROA_SQ":1.1995373028,"START_DATE":"2021-01-01 00:00:00","FISCAL_YEAR":"12-31","CURRENCY":"HKD","IS_CNY_CODE":0,"DPS_HKD_LY":0.051133,"ORG_TYPE":"一般企业","PREMIUM_INCOME":null,"PREMIUM_INCOME_YOY":null,"NET_INTEREST_INCOME":null,"NET_INTEREST_INCOME_YOY":null,"FEE_COMMISSION_INCOME":null,"FEE_COMMISSION_INCOME_YOY":null,"ACCOUNTS_RECE_TDAYS":2.739466521502,"INVENTORY_TDAYS":null,"CURRENT_ASSETS_TDAYS":0.113210009021,"TOTAL_ASSETS_TDAYS":0.021603308581,"PREMIUM_EXPENSE":null,"LOAN_DEPOSIT":null,"LOAN_EQUITY":null,"LOAN_ASSETS":null,"DEPOSIT_EQUITY":null,"DEPOSIT_ASSETS":null,"EQUITY_MULTIPLIER":1.249479605465,"EQUITY_RATIO":0.249479605465},{"SECUCODE":"03699.HK","SECURITY_CODE":"03699","SECURITY_NAME_ABBR":"光大永年","ORG_CODE":"10707406","STD_REPORT_DATE":"2020-12-31 00:00:00","REPORT_DATE":"2020-12-31 00:00:00","DATE_TYPE_CODE":"001","REPORT_TYPE":"2020年年报","PER_NETCASH_OPERATE":0.019406434073,"PER_OI":0.117204349796,"BPS":2.117451291346,"BASIC_EPS":0.08,"DILUTED_EPS":0.08,"OPERATE_INCOME":51734000,"OPERATE_INCOME_YOY":-27.4153267671,"GROSS_PROFIT":39319000,"GROSS_PROFIT_YOY":-5.127400830036,"HOLDER_PROFIT":33982000,"HOLDER_PROFIT_YOY":-8.8490115608,"GROSS_PROFIT_RATIO":76.002242239146,"EPS_TTM":0.076986859991,"OPERATE_INCOME_QOQ":-12.307822696839,"NET_PROFIT_RATIO":65.6860092009,"ROE_AVG":3.664639443025,"GROSS_PROFIT_QOQ":-1.994067648745,"ROA":2.943232220173,"HOLDER_PROFIT_QOQ":4.843884980871,"ROE_YEARLY":3.664639443025,"ROIC_YEARLY":3.595716291615,"TOTAL_ASSETS":1163761000,"TOTAL_LIABILITIES":229118000,"TAX_EBT":25.639510711394,"OCF_SALES":16.557776317316,"TOTAL_PARENT_EQUITY":934643000,"DEBT_ASSET_RATIO":19.6877193857,"OPERATE_PROFIT":46775000,"PRETAX_PROFIT":45699000,"NETCASH_OPERATE":17517000,"NETCASH_INVEST":25583000,"NETCASH_FINANCE":-17933000,"END_CASH":217766000,"DIVI_RATIO":0.178456843176,"DIVIDEND_RATE":3.431818181818,"CURRENT_RATIO":5.932511952924,"COMMON_ACS":4000000000,"CURRENTDEBT_DEBT":16.614146422368,"ISSUED_COMMON_SHARES":441400000,"HK_COMMON_SHARES":441400000,"PER_SHARES":2000,"TOTAL_MARKET_CAP":194216000,"HKSK_MARKET_CAP":194216000,"PE_TTM":10.04935539791,"PB_TTM":0.180434326943,"REPORT_DATE_SQ":"2019-12-31 00:00:00","REPORT_TYPE_SQ":"2019年年报","OPERATE_INCOME_SQ":71274000,"DPS_HKD":0.0151,"OPERATE_INCOME_QOQ_SQ":4.213943151246,"NET_PROFIT_RATIO_SQ":52.3065914639,"HOLDER_PROFIT_SQ":37281000,"HOLDER_PROFIT_QOQ_SQ":41.066293325261,"ROE_AVG_SQ":4.144633604984,"PE_TTM_SQ":7.115941836082,"PB_TTM_SQ":0.167347174827,"ROA_SQ":3.306666950493,"START_DATE":"2020-01-01 00:00:00","FISCAL_YEAR":"12-31","CURRENCY":"HKD","IS_CNY_CODE":0,"DPS_HKD_LY":0.0222,"ORG_TYPE":"一般企业","PREMIUM_INCOME":null,"PREMIUM_INCOME_YOY":null,"NET_INTEREST_INCOME":null,"NET_INTEREST_INCOME_YOY":null,"FEE_COMMISSION_INCOME":null,"FEE_COMMISSION_INCOME_YOY":null,"ACCOUNTS_RECE_TDAYS":6.417814166977,"INVENTORY_TDAYS":null,"CURRENT_ASSETS_TDAYS":0.234896159679,"TOTAL_ASSETS_TDAYS":0.044807596868,"PREMIUM_EXPENSE":null,"LOAN_DEPOSIT":null,"LOAN_EQUITY":null,"LOAN_ASSETS":null,"DEPOSIT_EQUITY":null,"DEPOSIT_ASSETS":null,"EQUITY_MULTIPLIER":1.245139588057,"EQUITY_RATIO":0.245139588057},{"SECUCODE":"03699.HK","SECURITY_CODE":"03699","SECURITY_NAME_ABBR":"光大永年","ORG_CODE":"10707406","STD_REPORT_DATE":"2020-06-30 00:00:00","REPORT_DATE":"2020-06-30 00:00:00","DATE_TYPE_CODE":"002","REPORT_TYPE":"2020年中报","PER_NETCASH_OPERATE":0.010104213865,"PER_OI":0.057754870865,"BPS":2.114827820571,"BASIC_EPS":0.03,"DILUTED_EPS":0.03,"OPERATE_INCOME":25493000,"OPERATE_INCOME_YOY":-32.5082071376,"GROSS_PROFIT":19602000,"GROSS_PROFIT_YOY":-6.331533425718,"HOLDER_PROFIT":13875000,"HOLDER_PROFIT_YOY":-25.97631242,"GROSS_PROFIT_RATIO":76.89169575962,"EPS_TTM":0.073429995469,"OPERATE_INCOME_QOQ":-17.227881134776,"NET_PROFIT_RATIO":54.4267053701,"ROE_AVG":1.497223257839,"GROSS_PROFIT_QOQ":-3.197085223434,"ROA":1.1995373028,"HOLDER_PROFIT_QOQ":-13.060271988412,"ROE_YEARLY":2.994446515678,"ROIC_YEARLY":2.908619050564,"TOTAL_ASSETS":1167991000,"TOTAL_LIABILITIES":234506000,"TAX_EBT":29.927781425181,"OCF_SALES":17.494998627074,"TOTAL_PARENT_EQUITY":933485000,"DEBT_ASSET_RATIO":20.0777232016,"OPERATE_PROFIT":20391000,"PRETAX_PROFIT":19801000,"NETCASH_OPERATE":4460000,"NETCASH_INVEST":790000,"NETCASH_FINANCE":-4543000,"END_CASH":204012000,"DIVI_RATIO":0.1871010874,"DIVIDEND_RATE":3.431818181818,"CURRENT_RATIO":5.708403760828,"COMMON_ACS":4000000000,"CURRENTDEBT_DEBT":16.146281971463,"ISSUED_COMMON_SHARES":441400000,"HK_COMMON_SHARES":441400000,"PER_SHARES":2000,"TOTAL_MARKET_CAP":194216000,"HKSK_MARKET_CAP":194216000,"PE_TTM":10.04935539791,"PB_TTM":0.180434326943,"REPORT_DATE_SQ":"2019-06-30 00:00:00","REPORT_TYPE_SQ":"2019年中报","OPERATE_INCOME_SQ":37772000,"DPS_HKD":0.0151,"OPERATE_INCOME_QOQ_SQ":10.770626153996,"NET_PROFIT_RATIO_SQ":49.6240601504,"HOLDER_PROFIT_SQ":18744000,"HOLDER_PROFIT_QOQ_SQ":-27.701482737867,"ROE_AVG_SQ":2.108379526312,"PE_TTM_SQ":7.115941836082,"PB_TTM_SQ":0.167347174827,"ROA_SQ":1.678577185535,"START_DATE":"2020-01-01 00:00:00","FISCAL_YEAR":"12-31","CURRENCY":"HKD","IS_CNY_CODE":0,"DPS_HKD_LY":0.0222,"ORG_TYPE":"一般企业","PREMIUM_INCOME":null,"PREMIUM_INCOME_YOY":null,"NET_INTEREST_INCOME":null,"NET_INTEREST_INCOME_YOY":null,"FEE_COMMISSION_INCOME":null,"FEE_COMMISSION_INCOME_YOY":null,"ACCOUNTS_RECE_TDAYS":2.101475558487,"INVENTORY_TDAYS":null,"CURRENT_ASSETS_TDAYS":0.118351903435,"TOTAL_ASSETS_TDAYS":0.02203949871,"PREMIUM_EXPENSE":null,"LOAN_DEPOSIT":null,"LOAN_EQUITY":null,"LOAN_ASSETS":null,"DEPOSIT_EQUITY":null,"DEPOSIT_ASSETS":null,"EQUITY_MULTIPLIER":1.251215606035,"EQUITY_RATIO":0.251215606035}],"count":19},"success":true,"message":"ok","code":0}