{"version":"513649ec0e356981eb10a8217a5e7608","result":{"pages":4,"data":[{"SECUCODE":"03690.HK","SECURITY_CODE":"03690","SECURITY_NAME_ABBR":"美团-W","ORG_CODE":"10945642","STD_REPORT_DATE":"2024-09-30 00:00:00","REPORT_DATE":"2024-09-30 00:00:00","DATE_TYPE_CODE":"004","REPORT_TYPE":"2024年三季报","PER_NETCASH_OPERATE":6.620571610579,"PER_OI":40.939247222661,"BPS":26.515622287174,"BASIC_EPS":2.7,"DILUTED_EPS":2.58,"OPERATE_INCOME":249104280000,"OPERATE_INCOME_YOY":22.6818533061,"GROSS_PROFIT":96340447000,"GROSS_PROFIT_YOY":33.439547525409,"HOLDER_PROFIT":29585158000,"HOLDER_PROFIT_YOY":154.1871099256,"GROSS_PROFIT_RATIO":38.674745773136,"EPS_TTM":5.226502766955,"OPERATE_INCOME_QOQ":5.597311698497,"NET_PROFIT_RATIO":11.8770624897,"ROE_AVG":18.944348968502,"GROSS_PROFIT_QOQ":8.758756036929,"ROA":10.220170628301,"HOLDER_PROFIT_QOQ":41.152242698062,"ROE_YEARLY":25.259131958003,"ROIC_YEARLY":11.757307195454,"TOTAL_ASSETS":285926612000,"TOTAL_LIABILITIES":125661178000,"TAX_EBT":4.834030570622,"OCF_SALES":16.17169845496,"TOTAL_PARENT_EQUITY":160324346000,"DEBT_ASSET_RATIO":43.9487521364,"OPERATE_PROFIT":null,"PRETAX_PROFIT":31089129000,"NETCASH_OPERATE":40284393000,"NETCASH_INVEST":16635146000,"NETCASH_FINANCE":-47363886000,"END_CASH":42468059000,"DIVI_RATIO":null,"DIVIDEND_RATE":null,"CURRENT_RATIO":1.823336340159,"COMMON_ACS":10000000000,"CURRENTDEBT_DEBT":75.884605347246,"ISSUED_COMMON_SHARES":6046410839,"HK_COMMON_SHARES":5466971668,"PER_SHARES":100,"TOTAL_MARKET_CAP":1013983097700.3,"HKSK_MARKET_CAP":916811148723.6,"PE_TTM":28.633119889828,"PB_TTM":5.703437066727,"REPORT_DATE_SQ":"2023-09-30 00:00:00","REPORT_TYPE_SQ":"2023年三季报","OPERATE_INCOME_SQ":203049003000,"DPS_HKD":null,"OPERATE_INCOME_QOQ_SQ":5.554092589936,"NET_PROFIT_RATIO_SQ":5.7327757477,"HOLDER_PROFIT_SQ":11639126000,"HOLDER_PROFIT_QOQ_SQ":29.057106118461,"ROE_AVG_SQ":8.414635552589,"PE_TTM_SQ":40.165911912645,"PB_TTM_SQ":2.839715783929,"ROA_SQ":4.392169459845,"START_DATE":"2024-01-01 00:00:00","FISCAL_YEAR":"12-31","CURRENCY":"HKD","IS_CNY_CODE":0,"DPS_HKD_LY":null,"ORG_TYPE":"一般企业","PREMIUM_INCOME":null,"PREMIUM_INCOME_YOY":null,"NET_INTEREST_INCOME":null,"NET_INTEREST_INCOME_YOY":null,"FEE_COMMISSION_INCOME":null,"FEE_COMMISSION_INCOME_YOY":null,"ACCOUNTS_RECE_TDAYS":83.107187914267,"INVENTORY_TDAYS":99.212240415439,"CURRENT_ASSETS_TDAYS":1.395601003397,"TOTAL_ASSETS_TDAYS":0.860528865805,"PREMIUM_EXPENSE":null,"LOAN_DEPOSIT":null,"LOAN_EQUITY":null,"LOAN_ASSETS":null,"DEPOSIT_EQUITY":null,"DEPOSIT_ASSETS":null,"EQUITY_MULTIPLIER":1.784081600527,"EQUITY_RATIO":0.783793485738},{"SECUCODE":"03690.HK","SECURITY_CODE":"03690","SECURITY_NAME_ABBR":"美团-W","ORG_CODE":"10945642","STD_REPORT_DATE":"2024-06-30 00:00:00","REPORT_DATE":"2024-06-30 00:00:00","DATE_TYPE_CODE":"002","REPORT_TYPE":"2024年中报","PER_NETCASH_OPERATE":4.047304550499,"PER_OI":25.140047319459,"BPS":26.553826108607,"BASIC_EPS":2.7,"DILUTED_EPS":2.58,"OPERATE_INCOME":155526961000,"OPERATE_INCOME_YOY":22.8664763143,"GROSS_PROFIT":59586584000,"GROSS_PROFIT_YOY":31.783738427347,"HOLDER_PROFIT":16720459000,"HOLDER_PROFIT_YOY":107.808165021,"GROSS_PROFIT_RATIO":38.312703866181,"EPS_TTM":3.641875905208,"OPERATE_INCOME_QOQ":4.902638290046,"NET_PROFIT_RATIO":10.7513944158,"ROE_AVG":10.698746917112,"GROSS_PROFIT_QOQ":8.238866579019,"ROA":5.779746189759,"HOLDER_PROFIT_QOQ":42.001734133957,"ROE_YEARLY":21.397493834225,"ROIC_YEARLY":13.631080237,"TOTAL_ASSETS":285558370000,"TOTAL_LIABILITIES":125059010000,"TAX_EBT":2.43529626964,"OCF_SALES":16.099033144485,"TOTAL_PARENT_EQUITY":160555342000,"DEBT_ASSET_RATIO":43.7945524062,"OPERATE_PROFIT":16466281000,"PRETAX_PROFIT":17138695000,"NETCASH_OPERATE":25038337000,"NETCASH_INVEST":28571875000,"NETCASH_FINANCE":-32413691000,"END_CASH":54704168000,"DIVI_RATIO":null,"DIVIDEND_RATE":null,"CURRENT_RATIO":1.806439559587,"COMMON_ACS":10000000000,"CURRENTDEBT_DEBT":75.369178918016,"ISSUED_COMMON_SHARES":6046410839,"HK_COMMON_SHARES":5466971668,"PER_SHARES":100,"TOTAL_MARKET_CAP":912403395605.1,"HKSK_MARKET_CAP":824966024701.2,"PE_TTM":25.764685696929,"PB_TTM":5.132073067198,"REPORT_DATE_SQ":"2023-06-30 00:00:00","REPORT_TYPE_SQ":"2023年中报","OPERATE_INCOME_SQ":126582096000,"DPS_HKD":null,"OPERATE_INCOME_QOQ_SQ":7.329312228762,"NET_PROFIT_RATIO_SQ":6.3572260646,"HOLDER_PROFIT_SQ":8046103000,"HOLDER_PROFIT_QOQ_SQ":244.435259318154,"ROE_AVG_SQ":5.941267102832,"PE_TTM_SQ":35.655464437877,"PB_TTM_SQ":2.520828740743,"ROA_SQ":3.152323033799,"START_DATE":"2024-01-01 00:00:00","FISCAL_YEAR":"12-31","CURRENCY":"HKD","IS_CNY_CODE":0,"DPS_HKD_LY":null,"ORG_TYPE":"一般企业","PREMIUM_INCOME":null,"PREMIUM_INCOME_YOY":null,"NET_INTEREST_INCOME":null,"NET_INTEREST_INCOME_YOY":null,"FEE_COMMISSION_INCOME":null,"FEE_COMMISSION_INCOME_YOY":null,"ACCOUNTS_RECE_TDAYS":54.787340787582,"INVENTORY_TDAYS":70.39196519302,"CURRENT_ASSETS_TDAYS":0.880215432819,"TOTAL_ASSETS_TDAYS":0.537608662684,"PREMIUM_EXPENSE":null,"LOAN_DEPOSIT":null,"LOAN_EQUITY":null,"LOAN_ASSETS":null,"DEPOSIT_EQUITY":null,"DEPOSIT_ASSETS":null,"EQUITY_MULTIPLIER":1.779186969966,"EQUITY_RATIO":0.778915285173},{"SECUCODE":"03690.HK","SECURITY_CODE":"03690","SECURITY_NAME_ABBR":"美团-W","ORG_CODE":"10945642","STD_REPORT_DATE":"2024-03-31 00:00:00","REPORT_DATE":"2024-03-31 00:00:00","DATE_TYPE_CODE":"003","REPORT_TYPE":"2024年一季报","PER_NETCASH_OPERATE":null,"PER_OI":11.752688251536,"BPS":25.931937669312,"BASIC_EPS":null,"DILUTED_EPS":null,"OPERATE_INCOME":73275884000,"OPERATE_INCOME_YOY":25.0068989669,"GROSS_PROFIT":25696740000,"GROSS_PROFIT_YOY":29.667401289522,"HOLDER_PROFIT":5368538000,"HOLDER_PROFIT_YOY":59.8619869437,"GROSS_PROFIT_RATIO":35.068481739504,"EPS_TTM":2.544762406502,"OPERATE_INCOME_QOQ":5.296722411062,"NET_PROFIT_RATIO":7.3270750306,"ROE_AVG":3.476938298911,"GROSS_PROFIT_QOQ":6.049228077438,"ROA":1.856549006258,"HOLDER_PROFIT_QOQ":14.508732354357,"ROE_YEARLY":13.907753195642,"ROIC_YEARLY":8.688274575725,"TOTAL_ASSETS":285305546000,"TOTAL_LIABILITIES":128566796000,"TAX_EBT":2.05240153163,"OCF_SALES":null,"TOTAL_PARENT_EQUITY":156795149000,"DEBT_ASSET_RATIO":45.0628450104,"OPERATE_PROFIT":5209392000,"PRETAX_PROFIT":5481481000,"NETCASH_OPERATE":null,"NETCASH_INVEST":null,"NETCASH_FINANCE":null,"END_CASH":null,"DIVI_RATIO":null,"DIVIDEND_RATE":null,"CURRENT_RATIO":1.992397815483,"COMMON_ACS":10000000000,"CURRENTDEBT_DEBT":68.173914048539,"ISSUED_COMMON_SHARES":6046410839,"HK_COMMON_SHARES":5466971668,"PER_SHARES":100,"TOTAL_MARKET_CAP":912403395605.1,"HKSK_MARKET_CAP":824966024701.2,"PE_TTM":25.764685696929,"PB_TTM":5.132073067198,"REPORT_DATE_SQ":"2023-03-31 00:00:00","REPORT_TYPE_SQ":"2023年一季报","OPERATE_INCOME_SQ":58617472000,"DPS_HKD":null,"OPERATE_INCOME_QOQ_SQ":5.614203323128,"NET_PROFIT_RATIO_SQ":5.7295050186,"HOLDER_PROFIT_SQ":3358233000,"HOLDER_PROFIT_QOQ_SQ":135.515598756227,"ROE_AVG_SQ":2.554172042393,"PE_TTM_SQ":35.655464437877,"PB_TTM_SQ":2.520828740743,"ROA_SQ":1.358244890142,"START_DATE":"2024-01-01 00:00:00","FISCAL_YEAR":"12-31","CURRENCY":"HKD","IS_CNY_CODE":0,"DPS_HKD_LY":null,"ORG_TYPE":"一般企业","PREMIUM_INCOME":null,"PREMIUM_INCOME_YOY":null,"NET_INTEREST_INCOME":null,"NET_INTEREST_INCOME_YOY":null,"FEE_COMMISSION_INCOME":null,"FEE_COMMISSION_INCOME_YOY":null,"ACCOUNTS_RECE_TDAYS":25.498035256981,"INVENTORY_TDAYS":35.977185305498,"CURRENT_ASSETS_TDAYS":0.409650965124,"TOTAL_ASSETS_TDAYS":0.253402825169,"PREMIUM_EXPENSE":null,"LOAN_DEPOSIT":null,"LOAN_EQUITY":null,"LOAN_ASSETS":null,"DEPOSIT_EQUITY":null,"DEPOSIT_ASSETS":null,"EQUITY_MULTIPLIER":1.820261715754,"EQUITY_RATIO":0.819966668739},{"SECUCODE":"03690.HK","SECURITY_CODE":"03690","SECURITY_NAME_ABBR":"美团-W","ORG_CODE":"10945642","STD_REPORT_DATE":"2023-12-31 00:00:00","REPORT_DATE":"2023-12-31 00:00:00","DATE_TYPE_CODE":"001","REPORT_TYPE":"2023年年报","PER_NETCASH_OPERATE":6.489335591125,"PER_OI":44.31907426873,"BPS":25.141064847843,"BASIC_EPS":2.23,"DILUTED_EPS":2.11,"OPERATE_INCOME":276744954000,"OPERATE_INCOME_YOY":25.8189263376,"GROSS_PROFIT":97191161000,"GROSS_PROFIT_YOY":57.386999904895,"HOLDER_PROFIT":13855828000,"HOLDER_PROFIT_YOY":307.2330248829,"GROSS_PROFIT_RATIO":35.119397696408,"EPS_TTM":2.218929239038,"OPERATE_INCOME_QOQ":5.155071848689,"NET_PROFIT_RATIO":5.0072569706,"ROE_AVG":9.869708507369,"GROSS_PROFIT_QOQ":9.042783416244,"ROA":5.155553109383,"HOLDER_PROFIT_QOQ":31.265410092973,"ROE_YEARLY":9.869708507369,"ROIC_YEARLY":5.724068107118,"TOTAL_ASSETS":293029632000,"TOTAL_LIABILITIES":141073265000,"TAX_EBT":1.17343138589,"OCF_SALES":14.642308527873,"TOTAL_PARENT_EQUITY":152013207000,"DEBT_ASSET_RATIO":48.1430031622,"OPERATE_PROFIT":13415387000,"PRETAX_PROFIT":14021868000,"NETCASH_OPERATE":40521850000,"NETCASH_INVEST":-24663844000,"NETCASH_FINANCE":-2781303000,"END_CASH":33339754000,"DIVI_RATIO":null,"DIVIDEND_RATE":null,"CURRENT_RATIO":1.81529439248,"COMMON_ACS":10000000000,"CURRENTDEBT_DEBT":71.504756765926,"ISSUED_COMMON_SHARES":6046410839,"HK_COMMON_SHARES":5466971668,"PER_SHARES":100,"TOTAL_MARKET_CAP":912403395605.1,"HKSK_MARKET_CAP":824966024701.2,"PE_TTM":25.764685696929,"PB_TTM":5.132073067198,"REPORT_DATE_SQ":"2022-12-31 00:00:00","REPORT_TYPE_SQ":"2022年年报","OPERATE_INCOME_SQ":219954948000,"DPS_HKD":null,"OPERATE_INCOME_QOQ_SQ":5.066085248154,"NET_PROFIT_RATIO_SQ":-3.0394055968,"HOLDER_PROFIT_SQ":-6686110000,"HOLDER_PROFIT_QOQ_SQ":38.893199115054,"ROE_AVG_SQ":-5.256891308665,"PE_TTM_SQ":35.655464437877,"PB_TTM_SQ":2.520828740743,"ROA_SQ":-2.756394582326,"START_DATE":"2023-01-01 00:00:00","FISCAL_YEAR":"12-31","CURRENCY":"HKD","IS_CNY_CODE":0,"DPS_HKD_LY":null,"ORG_TYPE":"一般企业","PREMIUM_INCOME":null,"PREMIUM_INCOME_YOY":null,"NET_INTEREST_INCOME":null,"NET_INTEREST_INCOME_YOY":null,"FEE_COMMISSION_INCOME":null,"FEE_COMMISSION_INCOME_YOY":null,"ACCOUNTS_RECE_TDAYS":115.413067040888,"INVENTORY_TDAYS":145.543247033266,"CURRENT_ASSETS_TDAYS":1.696460233024,"TOTAL_ASSETS_TDAYS":1.029727929721,"PREMIUM_EXPENSE":null,"LOAN_DEPOSIT":null,"LOAN_EQUITY":null,"LOAN_ASSETS":null,"DEPOSIT_EQUITY":null,"DEPOSIT_ASSETS":null,"EQUITY_MULTIPLIER":1.92838008558,"EQUITY_RATIO":0.928032950453},{"SECUCODE":"03690.HK","SECURITY_CODE":"03690","SECURITY_NAME_ABBR":"美团-W","ORG_CODE":"10945642","STD_REPORT_DATE":"2023-09-30 00:00:00","REPORT_DATE":"2023-09-30 00:00:00","DATE_TYPE_CODE":"004","REPORT_TYPE":"2023年三季报","PER_NETCASH_OPERATE":4.825041309704,"PER_OI":32.518364683285,"BPS":24.457226598988,"BASIC_EPS":1.3,"DILUTED_EPS":1.21,"OPERATE_INCOME":203049003000,"OPERATE_INCOME_YOY":27.0437798394,"GROSS_PROFIT":72197822000,"GROSS_PROFIT_YOY":61.085438925213,"HOLDER_PROFIT":11639126000,"HOLDER_PROFIT_YOY":307.7463433719,"GROSS_PROFIT_RATIO":35.556846344131,"EPS_TTM":1.690479932671,"OPERATE_INCOME_QOQ":5.554092589936,"NET_PROFIT_RATIO":5.7327757477,"ROE_AVG":8.414635552589,"GROSS_PROFIT_QOQ":10.511017635472,"ROA":4.392169459845,"HOLDER_PROFIT_QOQ":29.057106118461,"ROE_YEARLY":11.219514070119,"ROIC_YEARLY":4.801644754478,"TOTAL_ASSETS":285513204000,"TOTAL_LIABILITIES":137689439000,"TAX_EBT":0.584841071117,"OCF_SALES":14.837896544609,"TOTAL_PARENT_EQUITY":147878440000,"DEBT_ASSET_RATIO":48.2252439015,"OPERATE_PROFIT":null,"PRETAX_PROFIT":11708822000,"NETCASH_OPERATE":30128201000,"NETCASH_INVEST":-25741754000,"NETCASH_FINANCE":466501000,"END_CASH":25148894000,"DIVI_RATIO":null,"DIVIDEND_RATE":null,"CURRENT_RATIO":1.746236230955,"COMMON_ACS":10000000000,"CURRENTDEBT_DEBT":70.887321285404,"ISSUED_COMMON_SHARES":6046410839,"HK_COMMON_SHARES":5466971668,"PER_SHARES":100,"TOTAL_MARKET_CAP":912403395605.1,"HKSK_MARKET_CAP":824966024701.2,"PE_TTM":25.764685696929,"PB_TTM":5.132073067198,"REPORT_DATE_SQ":"2022-09-30 00:00:00","REPORT_TYPE_SQ":"2022年三季报","OPERATE_INCOME_SQ":159826009000,"DPS_HKD":null,"OPERATE_INCOME_QOQ_SQ":7.051313558494,"NET_PROFIT_RATIO_SQ":-3.504925159,"HOLDER_PROFIT_SQ":-5602566000,"HOLDER_PROFIT_QOQ_SQ":50.608101980514,"ROE_AVG_SQ":-4.42364535777,"PE_TTM_SQ":35.655464437877,"PB_TTM_SQ":2.520828740743,"ROA_SQ":-2.298086985204,"START_DATE":"2023-01-01 00:00:00","FISCAL_YEAR":"12-31","CURRENCY":"HKD","IS_CNY_CODE":0,"DPS_HKD_LY":null,"ORG_TYPE":"一般企业","PREMIUM_INCOME":null,"PREMIUM_INCOME_YOY":null,"NET_INTEREST_INCOME":null,"NET_INTEREST_INCOME_YOY":null,"FEE_COMMISSION_INCOME":null,"FEE_COMMISSION_INCOME_YOY":null,"ACCOUNTS_RECE_TDAYS":81.458715112341,"INVENTORY_TDAYS":103.592354897792,"CURRENT_ASSETS_TDAYS":1.295014312641,"TOTAL_ASSETS_TDAYS":0.766230754636,"PREMIUM_EXPENSE":null,"LOAN_DEPOSIT":null,"LOAN_EQUITY":null,"LOAN_ASSETS":null,"DEPOSIT_EQUITY":null,"DEPOSIT_ASSETS":null,"EQUITY_MULTIPLIER":1.931443188448,"EQUITY_RATIO":0.93109880656},{"SECUCODE":"03690.HK","SECURITY_CODE":"03690","SECURITY_NAME_ABBR":"美团-W","ORG_CODE":"10945642","STD_REPORT_DATE":"2023-06-30 00:00:00","REPORT_DATE":"2023-06-30 00:00:00","DATE_TYPE_CODE":"002","REPORT_TYPE":"2023年中报","PER_NETCASH_OPERATE":3.030445909962,"PER_OI":20.278685621355,"BPS":23.500416161516,"BASIC_EPS":1.3,"DILUTED_EPS":1.21,"OPERATE_INCOME":126582096000,"OPERATE_INCOME_YOY":30.2189591735,"GROSS_PROFIT":45215430000,"GROSS_PROFIT_YOY":71.825649641275,"HOLDER_PROFIT":8046103000,"HOLDER_PROFIT_YOY":217.9952127934,"GROSS_PROFIT_RATIO":35.7202411943,"EPS_TTM":1.310291069724,"OPERATE_INCOME_QOQ":7.329312228762,"NET_PROFIT_RATIO":6.3572260646,"ROE_AVG":5.941267102832,"GROSS_PROFIT_QOQ":13.869209054109,"ROA":3.152323033799,"HOLDER_PROFIT_QOQ":244.435259318154,"ROE_YEARLY":11.882534205664,"ROIC_YEARLY":6.944731922495,"TOTAL_ASSETS":266006021000,"TOTAL_LIABILITIES":123967736000,"TAX_EBT":0.227921591402,"OCF_SALES":14.943995713264,"TOTAL_PARENT_EQUITY":142093171000,"DEBT_ASSET_RATIO":46.6033571473,"OPERATE_PROFIT":8298720000,"PRETAX_PROFIT":8065493000,"NETCASH_OPERATE":18916423000,"NETCASH_INVEST":-10548255000,"NETCASH_FINANCE":-1697222000,"END_CASH":27003038000,"DIVI_RATIO":null,"DIVIDEND_RATE":null,"CURRENT_RATIO":1.814304083051,"COMMON_ACS":10000000000,"CURRENTDEBT_DEBT":68.066755691981,"ISSUED_COMMON_SHARES":6046410839,"HK_COMMON_SHARES":5466971668,"PER_SHARES":100,"TOTAL_MARKET_CAP":912403395605.1,"HKSK_MARKET_CAP":824966024701.2,"PE_TTM":25.764685696929,"PB_TTM":5.132073067198,"REPORT_DATE_SQ":"2022-06-30 00:00:00","REPORT_TYPE_SQ":"2022年中报","OPERATE_INCOME_SQ":97207117000,"DPS_HKD":null,"OPERATE_INCOME_QOQ_SQ":3.810973757479,"NET_PROFIT_RATIO_SQ":-7.0144997717,"HOLDER_PROFIT_SQ":-6819008000,"HOLDER_PROFIT_QOQ_SQ":9.186038050578,"ROE_AVG_SQ":-5.471960887603,"PE_TTM_SQ":35.655464437877,"PB_TTM_SQ":2.520828740743,"ROA_SQ":-2.819637318115,"START_DATE":"2023-01-01 00:00:00","FISCAL_YEAR":"12-31","CURRENCY":"HKD","IS_CNY_CODE":0,"DPS_HKD_LY":null,"ORG_TYPE":"一般企业","PREMIUM_INCOME":null,"PREMIUM_INCOME_YOY":null,"NET_INTEREST_INCOME":null,"NET_INTEREST_INCOME_YOY":null,"FEE_COMMISSION_INCOME":null,"FEE_COMMISSION_INCOME_YOY":null,"ACCOUNTS_RECE_TDAYS":56.445619595019,"INVENTORY_TDAYS":67.972824793011,"CURRENT_ASSETS_TDAYS":0.854597503495,"TOTAL_ASSETS_TDAYS":0.495926608058,"PREMIUM_EXPENSE":null,"LOAN_DEPOSIT":null,"LOAN_EQUITY":null,"LOAN_ASSETS":null,"DEPOSIT_EQUITY":null,"DEPOSIT_ASSETS":null,"EQUITY_MULTIPLIER":1.872776913632,"EQUITY_RATIO":0.872439788116},{"SECUCODE":"03690.HK","SECURITY_CODE":"03690","SECURITY_NAME_ABBR":"美团-W","ORG_CODE":"10945642","STD_REPORT_DATE":"2023-03-31 00:00:00","REPORT_DATE":"2023-03-31 00:00:00","DATE_TYPE_CODE":"003","REPORT_TYPE":"2023年一季报","PER_NETCASH_OPERATE":1.289779764151,"PER_OI":9.391656014969,"BPS":22.194817483192,"BASIC_EPS":null,"DILUTED_EPS":null,"OPERATE_INCOME":58617472000,"OPERATE_INCOME_YOY":26.6891085937,"GROSS_PROFIT":19817425000,"GROSS_PROFIT_YOY":84.51485514307,"HOLDER_PROFIT":3358233000,"HOLDER_PROFIT_YOY":158.890652836,"GROSS_PROFIT_RATIO":33.808051292284,"EPS_TTM":0.380458902646,"OPERATE_INCOME_QOQ":5.614203323128,"NET_PROFIT_RATIO":5.7295050186,"ROE_AVG":2.554172042393,"GROSS_PROFIT_QOQ":14.699109495592,"ROA":1.358244890142,"HOLDER_PROFIT_QOQ":135.515598756227,"ROE_YEARLY":10.216688169572,"ROIC_YEARLY":6.002387982141,"TOTAL_ASSETS":250014760000,"TOTAL_LIABILITIES":115871410000,"TAX_EBT":0.249814220907,"OCF_SALES":13.733251751287,"TOTAL_PARENT_EQUITY":134198985000,"DEBT_ASSET_RATIO":46.3458277423,"OPERATE_PROFIT":3585721000,"PRETAX_PROFIT":3366902000,"NETCASH_OPERATE":8050085000,"NETCASH_INVEST":-790839000,"NETCASH_FINANCE":-566042000,"END_CASH":26862612000,"DIVI_RATIO":null,"DIVIDEND_RATE":null,"CURRENT_RATIO":1.828672487287,"COMMON_ACS":10000000000,"CURRENTDEBT_DEBT":66.364347339866,"ISSUED_COMMON_SHARES":6046410839,"HK_COMMON_SHARES":5466971668,"PER_SHARES":100,"TOTAL_MARKET_CAP":912403395605.1,"HKSK_MARKET_CAP":824966024701.2,"PE_TTM":25.764685696929,"PB_TTM":5.132073067198,"REPORT_DATE_SQ":"2022-03-31 00:00:00","REPORT_TYPE_SQ":"2022年一季报","OPERATE_INCOME_SQ":46268754000,"DPS_HKD":null,"OPERATE_INCOME_QOQ_SQ":5.165296410923,"NET_PROFIT_RATIO_SQ":-12.3248747956,"HOLDER_PROFIT_SQ":-5702489000,"HOLDER_PROFIT_QOQ_SQ":-3.633240844665,"ROE_AVG_SQ":-4.621930446163,"PE_TTM_SQ":35.655464437877,"PB_TTM_SQ":2.520828740743,"ROA_SQ":-2.41869987537,"START_DATE":"2023-01-01 00:00:00","FISCAL_YEAR":"12-31","CURRENCY":"HKD","IS_CNY_CODE":0,"DPS_HKD_LY":null,"ORG_TYPE":"一般企业","PREMIUM_INCOME":null,"PREMIUM_INCOME_YOY":null,"NET_INTEREST_INCOME":null,"NET_INTEREST_INCOME_YOY":null,"FEE_COMMISSION_INCOME":null,"FEE_COMMISSION_INCOME_YOY":null,"ACCOUNTS_RECE_TDAYS":26.905391706751,"INVENTORY_TDAYS":35.309491871546,"CURRENT_ASSETS_TDAYS":0.413140298654,"TOTAL_ASSETS_TDAYS":0.23707968392,"PREMIUM_EXPENSE":null,"LOAN_DEPOSIT":null,"LOAN_EQUITY":null,"LOAN_ASSETS":null,"DEPOSIT_EQUITY":null,"DEPOSIT_ASSETS":null,"EQUITY_MULTIPLIER":1.863787955198,"EQUITY_RATIO":0.86342985381},{"SECUCODE":"03690.HK","SECURITY_CODE":"03690","SECURITY_NAME_ABBR":"美团-W","ORG_CODE":"10945642","STD_REPORT_DATE":"2022-12-31 00:00:00","REPORT_DATE":"2022-12-31 00:00:00","DATE_TYPE_CODE":"001","REPORT_TYPE":"2022年年报","PER_NETCASH_OPERATE":1.842644650836,"PER_OI":35.516860643543,"BPS":21.29554432019,"BASIC_EPS":-1.09,"DILUTED_EPS":-1.09,"OPERATE_INCOME":219954948000,"OPERATE_INCOME_YOY":22.7920546669,"GROSS_PROFIT":61752979000,"GROSS_PROFIT_YOY":45.389633425788,"HOLDER_PROFIT":-6686110000,"HOLDER_PROFIT_YOY":71.5948579127,"GROSS_PROFIT_RATIO":28.075285217044,"EPS_TTM":-1.079628529736,"OPERATE_INCOME_QOQ":5.066085248154,"NET_PROFIT_RATIO":-3.0394055968,"ROE_AVG":-5.256891308665,"GROSS_PROFIT_QOQ":8.715849421711,"ROA":-2.756394582326,"HOLDER_PROFIT_QOQ":38.893199115054,"ROE_YEARLY":-5.256891308665,"ROIC_YEARLY":-3.091306709819,"TOTAL_ASSETS":244481192000,"TOTAL_LIABILITIES":115775475000,"TAX_EBT":1.039061851225,"OCF_SALES":5.188084243506,"TOTAL_PARENT_EQUITY":128761610000,"DEBT_ASSET_RATIO":47.3555753115,"OPERATE_PROFIT":-5820448000,"PRETAX_PROFIT":-6755517000,"NETCASH_OPERATE":11411448000,"NETCASH_INVEST":-14713569000,"NETCASH_FINANCE":-9990201000,"END_CASH":20158606000,"DIVI_RATIO":null,"DIVIDEND_RATE":null,"CURRENT_RATIO":1.872893959562,"COMMON_ACS":10000000000,"CURRENTDEBT_DEBT":66.015792204696,"ISSUED_COMMON_SHARES":6046410839,"HK_COMMON_SHARES":5466971668,"PER_SHARES":100,"TOTAL_MARKET_CAP":912403395605.1,"HKSK_MARKET_CAP":824966024701.2,"PE_TTM":25.764685696929,"PB_TTM":5.132073067198,"REPORT_DATE_SQ":"2021-12-31 00:00:00","REPORT_TYPE_SQ":"2021年年报","OPERATE_INCOME_SQ":179127997000,"DPS_HKD":null,"OPERATE_INCOME_QOQ_SQ":6.927808589716,"NET_PROFIT_RATIO_SQ":-13.1393184729,"HOLDER_PROFIT_SQ":-23538379000,"HOLDER_PROFIT_QOQ_SQ":-15.136064346024,"ROE_AVG_SQ":-21.081681247667,"PE_TTM_SQ":35.655464437877,"PB_TTM_SQ":2.520828740743,"ROA_SQ":-11.560292954363,"START_DATE":"2022-01-01 00:00:00","FISCAL_YEAR":"12-31","CURRENCY":"HKD","IS_CNY_CODE":0,"DPS_HKD_LY":null,"ORG_TYPE":"一般企业","PREMIUM_INCOME":null,"PREMIUM_INCOME_YOY":null,"NET_INTEREST_INCOME":null,"NET_INTEREST_INCOME_YOY":null,"FEE_COMMISSION_INCOME":null,"FEE_COMMISSION_INCOME_YOY":null,"ACCOUNTS_RECE_TDAYS":114.388107856796,"INVENTORY_TDAYS":171.543042996913,"CURRENT_ASSETS_TDAYS":1.511852187114,"TOTAL_ASSETS_TDAYS":0.906779318652,"PREMIUM_EXPENSE":null,"LOAN_DEPOSIT":null,"LOAN_EQUITY":null,"LOAN_ASSETS":null,"DEPOSIT_EQUITY":null,"DEPOSIT_ASSETS":null,"EQUITY_MULTIPLIER":1.8995363819,"EQUITY_RATIO":0.899145910027},{"SECUCODE":"03690.HK","SECURITY_CODE":"03690","SECURITY_NAME_ABBR":"美团-W","ORG_CODE":"10945642","STD_REPORT_DATE":"2022-09-30 00:00:00","REPORT_DATE":"2022-09-30 00:00:00","DATE_TYPE_CODE":"004","REPORT_TYPE":"2022年三季报","PER_NETCASH_OPERATE":1.187204884731,"PER_OI":25.824634591754,"BPS":21.117887520379,"BASIC_EPS":-1.11,"DILUTED_EPS":-1.11,"OPERATE_INCOME":159826009000,"OPERATE_INCOME_YOY":23.3179095809,"GROSS_PROFIT":44819583000,"GROSS_PROFIT_YOY":46.990296484023,"HOLDER_PROFIT":-5602566000,"HOLDER_PROFIT_YOY":69.2154287981,"GROSS_PROFIT_RATIO":28.042734271116,"EPS_TTM":-1.767952936842,"OPERATE_INCOME_QOQ":7.051313558494,"NET_PROFIT_RATIO":-3.504925159,"ROE_AVG":-4.42364535777,"GROSS_PROFIT_QOQ":15.74494748428,"ROA":-2.298086985204,"HOLDER_PROFIT_QOQ":50.608101980514,"ROE_YEARLY":-5.89819381036,"ROIC_YEARLY":-2.594215663172,"TOTAL_ASSETS":246931930000,"TOTAL_LIABILITIES":119300402000,"TAX_EBT":1.207965677867,"OCF_SALES":4.597179799441,"TOTAL_PARENT_EQUITY":127687424000,"DEBT_ASSET_RATIO":48.3130723516,"OPERATE_PROFIT":null,"PRETAX_PROFIT":-5670277000,"NETCASH_OPERATE":7347489000,"NETCASH_INVEST":-16084985000,"NETCASH_FINANCE":-1440176000,"END_CASH":23256803000,"DIVI_RATIO":null,"DIVIDEND_RATE":null,"CURRENT_RATIO":1.962855398604,"COMMON_ACS":10000000000,"CURRENTDEBT_DEBT":59.295758282525,"ISSUED_COMMON_SHARES":6046410839,"HK_COMMON_SHARES":5466971668,"PER_SHARES":100,"TOTAL_MARKET_CAP":912403395605.1,"HKSK_MARKET_CAP":824966024701.2,"PE_TTM":25.764685696929,"PB_TTM":5.132073067198,"REPORT_DATE_SQ":"2021-09-30 00:00:00","REPORT_TYPE_SQ":"2021年三季报","OPERATE_INCOME_SQ":129604864000,"DPS_HKD":null,"OPERATE_INCOME_QOQ_SQ":8.714202759505,"NET_PROFIT_RATIO_SQ":-14.0404043787,"HOLDER_PROFIT_SQ":-18199266000,"HOLDER_PROFIT_QOQ_SQ":-395.286653306536,"ROE_AVG_SQ":-16.035243856533,"PE_TTM_SQ":35.655464437877,"PB_TTM_SQ":2.520828740743,"ROA_SQ":-8.89538232369,"START_DATE":"2022-01-01 00:00:00","FISCAL_YEAR":"12-31","CURRENCY":"HKD","IS_CNY_CODE":0,"DPS_HKD_LY":null,"ORG_TYPE":"一般企业","PREMIUM_INCOME":null,"PREMIUM_INCOME_YOY":null,"NET_INTEREST_INCOME":null,"NET_INTEREST_INCOME_YOY":null,"FEE_COMMISSION_INCOME":null,"FEE_COMMISSION_INCOME_YOY":null,"ACCOUNTS_RECE_TDAYS":84.096710738344,"INVENTORY_TDAYS":135.295072064129,"CURRENT_ASSETS_TDAYS":1.115008569047,"TOTAL_ASSETS_TDAYS":0.655581872985,"PREMIUM_EXPENSE":null,"LOAN_DEPOSIT":null,"LOAN_EQUITY":null,"LOAN_ASSETS":null,"DEPOSIT_EQUITY":null,"DEPOSIT_ASSETS":null,"EQUITY_MULTIPLIER":1.934725172296,"EQUITY_RATIO":0.934315990273}],"count":32},"success":true,"message":"ok","code":0}