{"version":"0c1f2a059ff9f15c294de04d88e2fd81","result":{"pages":3,"data":[{"SECUCODE":"03698.HK","SECURITY_CODE":"03698","SECURITY_NAME_ABBR":"徽商银行","ORG_CODE":"10060228","STD_REPORT_DATE":"2024-06-30 00:00:00","REPORT_DATE":"2024-06-30 00:00:00","DATE_TYPE_CODE":"002","REPORT_TYPE":"2024年中报","PER_NETCASH_OPERATE":2.50944217779,"PER_OI":1.489736007425,"BPS":9.399496653459,"BASIC_EPS":0.62,"DILUTED_EPS":0.62,"OPERATE_INCOME":20692137000,"OPERATE_INCOME_YOY":4.5697200803,"GROSS_PROFIT":null,"GROSS_PROFIT_YOY":null,"HOLDER_PROFIT":8630741000,"HOLDER_PROFIT_YOY":6.5258317774,"GROSS_PROFIT_RATIO":null,"EPS_TTM":1.077189714432,"OPERATE_INCOME_QOQ":2.48657375402,"NET_PROFIT_RATIO":43.4293519321,"ROE_AVG":5.88046162389,"GROSS_PROFIT_QOQ":null,"ROA":0.462246843878,"HOLDER_PROFIT_QOQ":3.663241768456,"ROE_YEARLY":11.76092324778,"ROIC_YEARLY":0.975216195357,"TOTAL_ASSETS":1928112774000,"TOTAL_LIABILITIES":1773456296000,"TAX_EBT":11.750566432918,"OCF_SALES":168.448783226208,"TOTAL_PARENT_EQUITY":150556497000,"DEBT_ASSET_RATIO":91.978867622,"OPERATE_PROFIT":10011274000,"PRETAX_PROFIT":10183024000,"NETCASH_OPERATE":34855653000,"NETCASH_INVEST":-50512717000,"NETCASH_FINANCE":12360303000,"END_CASH":40253420000,"DIVI_RATIO":0.134605914146,"DIVIDEND_RATE":6.2500390625,"CURRENT_RATIO":null,"COMMON_ACS":null,"CURRENTDEBT_DEBT":null,"ISSUED_COMMON_SHARES":13889801211,"HK_COMMON_SHARES":3478750000,"PER_SHARES":1000,"TOTAL_MARKET_CAP":35557891100.16,"HKSK_MARKET_CAP":8905600000,"PE_TTM":2.142596657889,"PB_TTM":0.248572970037,"REPORT_DATE_SQ":"2023-06-30 00:00:00","REPORT_TYPE_SQ":"2023年中报","OPERATE_INCOME_SQ":19787886000,"DPS_HKD":0.160001,"OPERATE_INCOME_QOQ_SQ":1.857606041418,"NET_PROFIT_RATIO_SQ":42.8829436353,"HOLDER_PROFIT_SQ":8102017000,"HOLDER_PROFIT_QOQ_SQ":6.41243954141,"ROE_AVG_SQ":6.563260242379,"PE_TTM_SQ":2.140149623952,"PB_TTM_SQ":0.257689130508,"ROA_SQ":0.48908544494,"START_DATE":"2024-01-01 00:00:00","FISCAL_YEAR":"12-31","CURRENCY":"HKD","IS_CNY_CODE":0,"DPS_HKD_LY":0.160001,"ORG_TYPE":"银行","PREMIUM_INCOME":null,"PREMIUM_INCOME_YOY":null,"NET_INTEREST_INCOME":14686073000,"NET_INTEREST_INCOME_YOY":-3.012738512786,"FEE_COMMISSION_INCOME":1766748000,"FEE_COMMISSION_INCOME_YOY":null,"ACCOUNTS_RECE_TDAYS":null,"INVENTORY_TDAYS":null,"CURRENT_ASSETS_TDAYS":null,"TOTAL_ASSETS_TDAYS":0.011082333512,"PREMIUM_EXPENSE":null,"LOAN_DEPOSIT":84.887158354035,"LOAN_EQUITY":6.285747868899,"LOAN_ASSETS":50.418815751282,"DEPOSIT_EQUITY":7.404827762856,"DEPOSIT_ASSETS":59.395103722289,"EQUITY_MULTIPLIER":12.467067651729,"EQUITY_RATIO":11.779340854351},{"SECUCODE":"03698.HK","SECURITY_CODE":"03698","SECURITY_NAME_ABBR":"徽商银行","ORG_CODE":"10060228","STD_REPORT_DATE":"2023-12-31 00:00:00","REPORT_DATE":"2023-12-31 00:00:00","DATE_TYPE_CODE":"001","REPORT_TYPE":"2023年年报","PER_NETCASH_OPERATE":6.521673465583,"PER_OI":2.618132502228,"BPS":8.854246229428,"BASIC_EPS":1,"DILUTED_EPS":1,"OPERATE_INCOME":36365340000,"OPERATE_INCOME_YOY":0.3745524279,"GROSS_PROFIT":null,"GROSS_PROFIT_YOY":null,"HOLDER_PROFIT":14433227000,"HOLDER_PROFIT_YOY":7.7299441691,"GROSS_PROFIT_RATIO":null,"EPS_TTM":1.039124086857,"OPERATE_INCOME_QOQ":-1.456006744232,"NET_PROFIT_RATIO":41.2220812455,"ROE_AVG":10.992945260948,"GROSS_PROFIT_QOQ":null,"ROA":0.852428271858,"HOLDER_PROFIT_QOQ":1.23811147773,"ROE_YEARLY":10.992945260948,"ROIC_YEARLY":0.908860169299,"TOTAL_ASSETS":1806143550000,"TOTAL_LIABILITIES":1659416708000,"TAX_EBT":15.100924250262,"OCF_SALES":249.096386834277,"TOTAL_PARENT_EQUITY":142983077000,"DEBT_ASSET_RATIO":91.8762358618,"OPERATE_PROFIT":17367634000,"PRETAX_PROFIT":17656906000,"NETCASH_OPERATE":90584748000,"NETCASH_INVEST":-60797922000,"NETCASH_FINANCE":-33632618000,"END_CASH":43557585000,"DIVI_RATIO":0.139536854216,"DIVIDEND_RATE":6.299251968504,"CURRENT_RATIO":null,"COMMON_ACS":null,"CURRENTDEBT_DEBT":null,"ISSUED_COMMON_SHARES":13889801211,"HK_COMMON_SHARES":3478750000,"PER_SHARES":1000,"TOTAL_MARKET_CAP":35280095075.94,"HKSK_MARKET_CAP":8836025000,"PE_TTM":2.125857621499,"PB_TTM":0.246630993708,"REPORT_DATE_SQ":"2022-12-31 00:00:00","REPORT_TYPE_SQ":"2022年年报","OPERATE_INCOME_SQ":36229641000,"DPS_HKD":0.160001,"OPERATE_INCOME_QOQ_SQ":-2.240907234957,"NET_PROFIT_RATIO_SQ":37.7676085722,"HOLDER_PROFIT_SQ":13397600000,"HOLDER_PROFIT_QOQ_SQ":7.111109227892,"ROE_AVG_SQ":11.743440826672,"PE_TTM_SQ":2.149218054562,"PB_TTM_SQ":0.258781033603,"ROA_SQ":0.904052850893,"START_DATE":"2023-01-01 00:00:00","FISCAL_YEAR":"12-31","CURRENCY":"HKD","IS_CNY_CODE":0,"DPS_HKD_LY":0.140202,"ORG_TYPE":"银行","PREMIUM_INCOME":null,"PREMIUM_INCOME_YOY":null,"NET_INTEREST_INCOME":28720205000,"NET_INTEREST_INCOME_YOY":0.054151484318,"FEE_COMMISSION_INCOME":2805235000,"FEE_COMMISSION_INCOME_YOY":null,"ACCOUNTS_RECE_TDAYS":null,"INVENTORY_TDAYS":null,"CURRENT_ASSETS_TDAYS":null,"TOTAL_ASSETS_TDAYS":0.021477417304,"PREMIUM_EXPENSE":null,"LOAN_DEPOSIT":84.557381822823,"LOAN_EQUITY":6.006769579352,"LOAN_ASSETS":48.7975792954,"DEPOSIT_EQUITY":7.10377905496,"DEPOSIT_ASSETS":57.709425532649,"EQUITY_MULTIPLIER":12.309564667169,"EQUITY_RATIO":11.605686091089},{"SECUCODE":"03698.HK","SECURITY_CODE":"03698","SECURITY_NAME_ABBR":"徽商银行","ORG_CODE":"10060228","STD_REPORT_DATE":"2023-06-30 00:00:00","REPORT_DATE":"2023-06-30 00:00:00","DATE_TYPE_CODE":"002","REPORT_TYPE":"2023年中报","PER_NETCASH_OPERATE":3.599531284897,"PER_OI":1.424634211779,"BPS":8.443789599171,"BASIC_EPS":0.58,"DILUTED_EPS":0.58,"OPERATE_INCOME":19787886000,"OPERATE_INCOME_YOY":3.5208378477,"GROSS_PROFIT":null,"GROSS_PROFIT_YOY":null,"HOLDER_PROFIT":8102017000,"HOLDER_PROFIT_YOY":11.8614439733,"GROSS_PROFIT_RATIO":null,"EPS_TTM":1.026415913621,"OPERATE_INCOME_QOQ":1.857606041418,"NET_PROFIT_RATIO":42.8829436353,"ROE_AVG":6.563260242379,"GROSS_PROFIT_QOQ":null,"ROA":0.48908544494,"HOLDER_PROFIT_QOQ":6.41243954141,"ROE_YEARLY":13.126520484757,"ROIC_YEARLY":1.042091491577,"TOTAL_ASSETS":1732893782000,"TOTAL_LIABILITIES":1602036258000,"TAX_EBT":14.121821199178,"OCF_SALES":252.663543745906,"TOTAL_PARENT_EQUITY":127282370000,"DEBT_ASSET_RATIO":92.4486125255,"OPERATE_PROFIT":9741838000,"PRETAX_PROFIT":9881006000,"NETCASH_OPERATE":49996774000,"NETCASH_INVEST":-33181141000,"NETCASH_FINANCE":-36549990000,"END_CASH":27703696000,"DIVI_RATIO":0.141264476024,"DIVIDEND_RATE":6.299251968504,"CURRENT_RATIO":null,"COMMON_ACS":null,"CURRENTDEBT_DEBT":null,"ISSUED_COMMON_SHARES":13889801211,"HK_COMMON_SHARES":3478750000,"PER_SHARES":1000,"TOTAL_MARKET_CAP":35280095075.94,"HKSK_MARKET_CAP":8836025000,"PE_TTM":2.125857621499,"PB_TTM":0.246630993708,"REPORT_DATE_SQ":"2022-06-30 00:00:00","REPORT_TYPE_SQ":"2022年中报","OPERATE_INCOME_SQ":19114882000,"DPS_HKD":0.160001,"OPERATE_INCOME_QOQ_SQ":4.352374884286,"NET_PROFIT_RATIO_SQ":38.3752826724,"HOLDER_PROFIT_SQ":7242904000,"HOLDER_PROFIT_QOQ_SQ":9.142364613818,"ROE_AVG_SQ":6.481240450519,"PE_TTM_SQ":2.149218054562,"PB_TTM_SQ":0.258781033603,"ROA_SQ":0.488997825564,"START_DATE":"2023-01-01 00:00:00","FISCAL_YEAR":"12-31","CURRENCY":"HKD","IS_CNY_CODE":0,"DPS_HKD_LY":0.140202,"ORG_TYPE":"银行","PREMIUM_INCOME":null,"PREMIUM_INCOME_YOY":null,"NET_INTEREST_INCOME":15142270000,"NET_INTEREST_INCOME_YOY":10.255123710057,"FEE_COMMISSION_INCOME":1786724000,"FEE_COMMISSION_INCOME_YOY":null,"ACCOUNTS_RECE_TDAYS":null,"INVENTORY_TDAYS":null,"CURRENT_ASSETS_TDAYS":null,"TOTAL_ASSETS_TDAYS":0.011945132957,"PREMIUM_EXPENSE":null,"LOAN_DEPOSIT":83.350110546699,"LOAN_EQUITY":6.523127871501,"LOAN_ASSETS":49.258666103287,"DEPOSIT_EQUITY":7.826177828338,"DEPOSIT_ASSETS":59.098501225968,"EQUITY_MULTIPLIER":13.242599500779,"EQUITY_RATIO":12.586474136206},{"SECUCODE":"03698.HK","SECURITY_CODE":"03698","SECURITY_NAME_ABBR":"徽商银行","ORG_CODE":"10060228","STD_REPORT_DATE":"2022-12-31 00:00:00","REPORT_DATE":"2022-12-31 00:00:00","DATE_TYPE_CODE":"001","REPORT_TYPE":"2022年年报","PER_NETCASH_OPERATE":3.613276406019,"PER_OI":2.608362815971,"BPS":7.891245478243,"BASIC_EPS":0.93,"DILUTED_EPS":0.93,"OPERATE_INCOME":36229641000,"OPERATE_INCOME_YOY":2.0139349657,"GROSS_PROFIT":null,"GROSS_PROFIT_YOY":null,"HOLDER_PROFIT":13397600000,"HOLDER_PROFIT_YOY":16.9035973754,"GROSS_PROFIT_RATIO":null,"EPS_TTM":0.96456384051,"OPERATE_INCOME_QOQ":-2.240907234957,"NET_PROFIT_RATIO":37.7676085722,"ROE_AVG":11.743440826672,"GROSS_PROFIT_QOQ":null,"ROA":0.904052850893,"HOLDER_PROFIT_QOQ":7.111109227892,"ROE_YEARLY":11.743440826672,"ROIC_YEARLY":0.966739775015,"TOTAL_ASSETS":1580235686000,"TOTAL_LIABILITIES":1457414028000,"TAX_EBT":20.976277351712,"OCF_SALES":138.526603120357,"TOTAL_PARENT_EQUITY":119607642000,"DEBT_ASSET_RATIO":92.2276367324,"OPERATE_PROFIT":17093188000,"PRETAX_PROFIT":17315141000,"NETCASH_OPERATE":50187691000,"NETCASH_INVEST":-64964733000,"NETCASH_FINANCE":28275488000,"END_CASH":47294163000,"DIVI_RATIO":0.150322975142,"DIVIDEND_RATE":6.299251968504,"CURRENT_RATIO":null,"COMMON_ACS":null,"CURRENTDEBT_DEBT":null,"ISSUED_COMMON_SHARES":13889801211,"HK_COMMON_SHARES":3478750000,"PER_SHARES":1000,"TOTAL_MARKET_CAP":35280095075.94,"HKSK_MARKET_CAP":8836025000,"PE_TTM":2.125857621499,"PB_TTM":0.246630993708,"REPORT_DATE_SQ":"2021-12-31 00:00:00","REPORT_TYPE_SQ":"2021年年报","OPERATE_INCOME_SQ":35514404000,"DPS_HKD":0.160001,"OPERATE_INCOME_QOQ_SQ":6.137713925325,"NET_PROFIT_RATIO_SQ":33.184273626,"HOLDER_PROFIT_SQ":11460383000,"HOLDER_PROFIT_QOQ_SQ":8.990212796754,"ROE_AVG_SQ":10.831861424556,"PE_TTM_SQ":2.149218054562,"PB_TTM_SQ":0.258781033603,"ROA_SQ":0.863187822743,"START_DATE":"2022-01-01 00:00:00","FISCAL_YEAR":"12-31","CURRENCY":"HKD","IS_CNY_CODE":0,"DPS_HKD_LY":0.104283,"ORG_TYPE":"银行","PREMIUM_INCOME":null,"PREMIUM_INCOME_YOY":null,"NET_INTEREST_INCOME":28704661000,"NET_INTEREST_INCOME_YOY":6.881806278804,"FEE_COMMISSION_INCOME":4179891000,"FEE_COMMISSION_INCOME_YOY":null,"ACCOUNTS_RECE_TDAYS":null,"INVENTORY_TDAYS":null,"CURRENT_ASSETS_TDAYS":null,"TOTAL_ASSETS_TDAYS":0.024447296705,"PREMIUM_EXPENSE":null,"LOAN_DEPOSIT":82.768790577714,"LOAN_EQUITY":6.151144458577,"LOAN_ASSETS":47.808929243482,"DEPOSIT_EQUITY":7.431719632054,"DEPOSIT_ASSETS":57.762024683197,"EQUITY_MULTIPLIER":12.866099609222,"EQUITY_RATIO":12.184957446114},{"SECUCODE":"03698.HK","SECURITY_CODE":"03698","SECURITY_NAME_ABBR":"徽商银行","ORG_CODE":"10060228","STD_REPORT_DATE":"2022-06-30 00:00:00","REPORT_DATE":"2022-06-30 00:00:00","DATE_TYPE_CODE":"002","REPORT_TYPE":"2022年中报","PER_NETCASH_OPERATE":7.521010157962,"PER_OI":1.376181106527,"BPS":7.555172129958,"BASIC_EPS":0.52,"DILUTED_EPS":0.52,"OPERATE_INCOME":19114882000,"OPERATE_INCOME_YOY":8.7979153474,"GROSS_PROFIT":null,"GROSS_PROFIT_YOY":null,"HOLDER_PROFIT":7242904000,"HOLDER_PROFIT_YOY":16.9124125082,"GROSS_PROFIT_RATIO":null,"EPS_TTM":0.900526422948,"OPERATE_INCOME_QOQ":4.352374884286,"NET_PROFIT_RATIO":38.3752826724,"ROE_AVG":6.481240450519,"GROSS_PROFIT_QOQ":null,"ROA":0.488997825564,"HOLDER_PROFIT_QOQ":9.142364613818,"ROE_YEARLY":12.962480901038,"ROIC_YEARLY":1.045576743238,"TOTAL_ASSETS":1578684266000,"TOTAL_LIABILITIES":1460718864000,"TAX_EBT":14.065796678418,"OCF_SALES":546.513109523773,"TOTAL_PARENT_EQUITY":114939650000,"DEBT_ASSET_RATIO":92.527612738,"OPERATE_PROFIT":8367386000,"PRETAX_PROFIT":8536054000,"NETCASH_OPERATE":104403355000,"NETCASH_INVEST":-81770876000,"NETCASH_FINANCE":-8246936000,"END_CASH":47934501000,"DIVI_RATIO":0.161012606099,"DIVIDEND_RATE":6.299251968504,"CURRENT_RATIO":null,"COMMON_ACS":null,"CURRENTDEBT_DEBT":null,"ISSUED_COMMON_SHARES":13889801211,"HK_COMMON_SHARES":3478750000,"PER_SHARES":1000,"TOTAL_MARKET_CAP":35280095075.94,"HKSK_MARKET_CAP":8836025000,"PE_TTM":2.125857621499,"PB_TTM":0.246630993708,"REPORT_DATE_SQ":"2021-06-30 00:00:00","REPORT_TYPE_SQ":"2021年中报","OPERATE_INCOME_SQ":17569162000,"DPS_HKD":0.160001,"OPERATE_INCOME_QOQ_SQ":3.624250775726,"NET_PROFIT_RATIO_SQ":34.6748353735,"HOLDER_PROFIT_SQ":6195154000,"HOLDER_PROFIT_QOQ_SQ":9.878418595319,"ROE_AVG_SQ":5.83056808222,"PE_TTM_SQ":2.149218054562,"PB_TTM_SQ":0.258781033603,"ROA_SQ":0.465532964448,"START_DATE":"2022-01-01 00:00:00","FISCAL_YEAR":"12-31","CURRENCY":"HKD","IS_CNY_CODE":0,"DPS_HKD_LY":0.104283,"ORG_TYPE":"银行","PREMIUM_INCOME":null,"PREMIUM_INCOME_YOY":null,"NET_INTEREST_INCOME":13733847000,"NET_INTEREST_INCOME_YOY":4.197671269148,"FEE_COMMISSION_INCOME":2942763000,"FEE_COMMISSION_INCOME_YOY":null,"ACCOUNTS_RECE_TDAYS":null,"INVENTORY_TDAYS":null,"CURRENT_ASSETS_TDAYS":null,"TOTAL_ASSETS_TDAYS":0.012905232119,"PREMIUM_EXPENSE":null,"LOAN_DEPOSIT":78.29966424732,"LOAN_EQUITY":6.205614922586,"LOAN_ASSETS":46.370757900491,"DEPOSIT_EQUITY":7.9254681131,"DEPOSIT_ASSETS":59.222166973824,"EQUITY_MULTIPLIER":13.382604045235,"EQUITY_RATIO":12.708572402996},{"SECUCODE":"03698.HK","SECURITY_CODE":"03698","SECURITY_NAME_ABBR":"徽商银行","ORG_CODE":"10060228","STD_REPORT_DATE":"2021-12-31 00:00:00","REPORT_DATE":"2021-12-31 00:00:00","DATE_TYPE_CODE":"001","REPORT_TYPE":"2021年年报","PER_NETCASH_OPERATE":2.672197278864,"PER_OI":2.556869134446,"BPS":7.096154401543,"BASIC_EPS":0.76,"DILUTED_EPS":0.76,"OPERATE_INCOME":35514404000,"OPERATE_INCOME_YOY":9.9844108456,"GROSS_PROFIT":null,"GROSS_PROFIT_YOY":null,"HOLDER_PROFIT":11460383000,"HOLDER_PROFIT_YOY":19.7567222447,"GROSS_PROFIT_RATIO":null,"EPS_TTM":0.825093377933,"OPERATE_INCOME_QOQ":6.137713925325,"NET_PROFIT_RATIO":33.184273626,"ROE_AVG":10.831861424556,"GROSS_PROFIT_QOQ":null,"ROA":0.863187822743,"HOLDER_PROFIT_QOQ":8.990212796754,"ROE_YEARLY":10.831861424556,"ROIC_YEARLY":0.927942009145,"TOTAL_ASSETS":1383661831000,"TOTAL_LIABILITIES":1272146180000,"TAX_EBT":12.942889643494,"OCF_SALES":104.510521984263,"TOTAL_PARENT_EQUITY":108563985000,"DEBT_ASSET_RATIO":91.9405415036,"OPERATE_PROFIT":13282071000,"PRETAX_PROFIT":13537317000,"NETCASH_OPERATE":37013012000,"NETCASH_INVEST":-36189934000,"NETCASH_FINANCE":-9313021000,"END_CASH":33467968000,"DIVI_RATIO":0.175732965623,"DIVIDEND_RATE":6.299251968504,"CURRENT_RATIO":null,"COMMON_ACS":null,"CURRENTDEBT_DEBT":null,"ISSUED_COMMON_SHARES":13889801211,"HK_COMMON_SHARES":3478750000,"PER_SHARES":1000,"TOTAL_MARKET_CAP":35280095075.94,"HKSK_MARKET_CAP":8836025000,"PE_TTM":2.125857621499,"PB_TTM":0.246630993708,"REPORT_DATE_SQ":"2020-12-31 00:00:00","REPORT_TYPE_SQ":"2020年年报","OPERATE_INCOME_SQ":32290398000,"DPS_HKD":0.160001,"OPERATE_INCOME_QOQ_SQ":0.1310214857,"NET_PROFIT_RATIO_SQ":30.7254806831,"HOLDER_PROFIT_SQ":9569720000,"HOLDER_PROFIT_QOQ_SQ":-5.706825370237,"ROE_AVG_SQ":10.060149046783,"PE_TTM_SQ":2.149218054562,"PB_TTM_SQ":0.258781033603,"ROA_SQ":0.796341238021,"START_DATE":"2021-01-01 00:00:00","FISCAL_YEAR":"12-31","CURRENCY":"HKD","IS_CNY_CODE":0,"DPS_HKD_LY":null,"ORG_TYPE":"银行","PREMIUM_INCOME":null,"PREMIUM_INCOME_YOY":null,"NET_INTEREST_INCOME":26856452000,"NET_INTEREST_INCOME_YOY":4.287986879257,"FEE_COMMISSION_INCOME":null,"FEE_COMMISSION_INCOME_YOY":null,"ACCOUNTS_RECE_TDAYS":null,"INVENTORY_TDAYS":null,"CURRENT_ASSETS_TDAYS":null,"TOTAL_ASSETS_TDAYS":0.026749194215,"PREMIUM_EXPENSE":null,"LOAN_DEPOSIT":82.079104208619,"LOAN_EQUITY":5.769118542831,"LOAN_ASSETS":46.495971456771,"DEPOSIT_EQUITY":7.028729904469,"DEPOSIT_ASSETS":56.647756947485,"EQUITY_MULTIPLIER":12.407781496073,"EQUITY_RATIO":11.717939241084},{"SECUCODE":"03698.HK","SECURITY_CODE":"03698","SECURITY_NAME_ABBR":"徽商银行","ORG_CODE":"10060228","STD_REPORT_DATE":"2021-06-30 00:00:00","REPORT_DATE":"2021-06-30 00:00:00","DATE_TYPE_CODE":"002","REPORT_TYPE":"2021年中报","PER_NETCASH_OPERATE":4.231258756494,"PER_OI":1.264896576496,"BPS":6.729761468866,"BASIC_EPS":0.45,"DILUTED_EPS":0.45,"OPERATE_INCOME":17569162000,"OPERATE_INCOME_YOY":7.1363728138,"GROSS_PROFIT":null,"GROSS_PROFIT_YOY":null,"HOLDER_PROFIT":6195154000,"HOLDER_PROFIT_YOY":18.0070467218,"GROSS_PROFIT_RATIO":null,"EPS_TTM":0.757034376538,"OPERATE_INCOME_QOQ":3.624250775726,"NET_PROFIT_RATIO":34.6748353735,"ROE_AVG":5.83056808222,"GROSS_PROFIT_QOQ":null,"ROA":0.465532964448,"HOLDER_PROFIT_QOQ":9.878418595319,"ROE_YEARLY":11.661136164441,"ROIC_YEARLY":1.015514271727,"TOTAL_ASSETS":1389831126000,"TOTAL_LIABILITIES":1277842400000,"TAX_EBT":16.665975873112,"OCF_SALES":334.514207336696,"TOTAL_PARENT_EQUITY":109464950000,"DEBT_ASSET_RATIO":91.9422781729,"OPERATE_PROFIT":7104133000,"PRETAX_PROFIT":7310433000,"NETCASH_OPERATE":58771343000,"NETCASH_INVEST":-43983131000,"NETCASH_FINANCE":-944447000,"END_CASH":55956258000,"DIVI_RATIO":0.191531733187,"DIVIDEND_RATE":6.299251968504,"CURRENT_RATIO":null,"COMMON_ACS":null,"CURRENTDEBT_DEBT":null,"ISSUED_COMMON_SHARES":13889801211,"HK_COMMON_SHARES":3478750000,"PER_SHARES":1000,"TOTAL_MARKET_CAP":35280095075.94,"HKSK_MARKET_CAP":8836025000,"PE_TTM":2.125857621499,"PB_TTM":0.246630993708,"REPORT_DATE_SQ":"2020-06-30 00:00:00","REPORT_TYPE_SQ":"2020年中报","OPERATE_INCOME_SQ":16398877000,"DPS_HKD":0.160001,"OPERATE_INCOME_QOQ_SQ":3.494389703908,"NET_PROFIT_RATIO_SQ":32.5058661029,"HOLDER_PROFIT_SQ":5249817000,"HOLDER_PROFIT_QOQ_SQ":3.362128492542,"ROE_AVG_SQ":5.895028917135,"PE_TTM_SQ":2.149218054562,"PB_TTM_SQ":0.258781033603,"ROA_SQ":0.451422440225,"START_DATE":"2021-01-01 00:00:00","FISCAL_YEAR":"12-31","CURRENCY":"HKD","IS_CNY_CODE":0,"DPS_HKD_LY":null,"ORG_TYPE":"银行","PREMIUM_INCOME":null,"PREMIUM_INCOME_YOY":null,"NET_INTEREST_INCOME":13180570000,"NET_INTEREST_INCOME_YOY":2.678195833596,"FEE_COMMISSION_INCOME":1955474000,"FEE_COMMISSION_INCOME_YOY":null,"ACCOUNTS_RECE_TDAYS":null,"INVENTORY_TDAYS":null,"CURRENT_ASSETS_TDAYS":null,"TOTAL_ASSETS_TDAYS":0.013202293387,"PREMIUM_EXPENSE":null,"LOAN_DEPOSIT":78.393647136093,"LOAN_EQUITY":5.578731648398,"LOAN_ASSETS":44.95186777102,"DEPOSIT_EQUITY":7.116305787781,"DEPOSIT_ASSETS":57.341212474759,"EQUITY_MULTIPLIER":12.410455727533,"EQUITY_RATIO":11.673530203047},{"SECUCODE":"03698.HK","SECURITY_CODE":"03698","SECURITY_NAME_ABBR":"徽商银行","ORG_CODE":"10060228","STD_REPORT_DATE":"2020-12-31 00:00:00","REPORT_DATE":"2020-12-31 00:00:00","DATE_TYPE_CODE":"001","REPORT_TYPE":"2020年年报","PER_NETCASH_OPERATE":0.58694345355,"PER_OI":2.656596141678,"BPS":6.267272272483,"BASIC_EPS":0.72,"DILUTED_EPS":0.72,"OPERATE_INCOME":32290398000,"OPERATE_INCOME_YOY":3.6299895909,"GROSS_PROFIT":null,"GROSS_PROFIT_YOY":null,"HOLDER_PROFIT":9569720000,"HOLDER_PROFIT_YOY":-2.5365676795,"GROSS_PROFIT_RATIO":null,"EPS_TTM":0.787320157185,"OPERATE_INCOME_QOQ":0.1310214857,"NET_PROFIT_RATIO":30.7254806831,"ROE_AVG":10.060149046783,"GROSS_PROFIT_QOQ":null,"ROA":0.796341238021,"HOLDER_PROFIT_QOQ":-5.706825370237,"ROE_YEARLY":10.060149046783,"ROIC_YEARLY":0.866763471642,"TOTAL_ASSETS":1271700698000,"TOTAL_LIABILITIES":1166028059000,"TAX_EBT":17.887696586921,"OCF_SALES":22.09381562903,"TOTAL_PARENT_EQUITY":103041067000,"DEBT_ASSET_RATIO":91.690447354,"OPERATE_PROFIT":12439214000,"PRETAX_PROFIT":12082696000,"NETCASH_OPERATE":7134181000,"NETCASH_INVEST":-9797275000,"NETCASH_FINANCE":-402673000,"END_CASH":42395379000,"DIVI_RATIO":0.184164097536,"DIVIDEND_RATE":6.299251968504,"CURRENT_RATIO":null,"COMMON_ACS":null,"CURRENTDEBT_DEBT":null,"ISSUED_COMMON_SHARES":13889801211,"HK_COMMON_SHARES":3478750000,"PER_SHARES":1000,"TOTAL_MARKET_CAP":35280095075.94,"HKSK_MARKET_CAP":8836025000,"PE_TTM":2.125857621499,"PB_TTM":0.246630993708,"REPORT_DATE_SQ":"2019-12-31 00:00:00","REPORT_TYPE_SQ":"2019年年报","OPERATE_INCOME_SQ":31159318000,"DPS_HKD":0.160001,"OPERATE_INCOME_QOQ_SQ":8.12411962884,"NET_PROFIT_RATIO_SQ":32.2908190738,"HOLDER_PROFIT_SQ":9818780000,"HOLDER_PROFIT_QOQ_SQ":4.527697532925,"ROE_AVG_SQ":12.635032617941,"PE_TTM_SQ":2.149218054562,"PB_TTM_SQ":0.258781033603,"ROA_SQ":0.899885991587,"START_DATE":"2020-01-01 00:00:00","FISCAL_YEAR":"12-31","CURRENCY":"HKD","IS_CNY_CODE":0,"DPS_HKD_LY":0.1719553,"ORG_TYPE":"银行","PREMIUM_INCOME":null,"PREMIUM_INCOME_YOY":null,"NET_INTEREST_INCOME":25752201000,"NET_INTEREST_INCOME_YOY":1.623657291334,"FEE_COMMISSION_INCOME":3616545000,"FEE_COMMISSION_INCOME_YOY":null,"ACCOUNTS_RECE_TDAYS":null,"INVENTORY_TDAYS":null,"CURRENT_ASSETS_TDAYS":null,"TOTAL_ASSETS_TDAYS":0.026870353071,"PREMIUM_EXPENSE":null,"LOAN_DEPOSIT":76.873949203524,"LOAN_EQUITY":5.286854566015,"LOAN_ASSETS":43.931396348105,"DEPOSIT_EQUITY":6.877303196715,"DEPOSIT_ASSETS":57.147312975683,"EQUITY_MULTIPLIER":12.03434219147,"EQUITY_RATIO":11.316148919537},{"SECUCODE":"03698.HK","SECURITY_CODE":"03698","SECURITY_NAME_ABBR":"徽商银行","ORG_CODE":"10060228","STD_REPORT_DATE":"2020-06-30 00:00:00","REPORT_DATE":"2020-06-30 00:00:00","DATE_TYPE_CODE":"002","REPORT_TYPE":"2020年中报","PER_NETCASH_OPERATE":-0.257616965152,"PER_OI":1.34916867132,"BPS":5.393242629036,"BASIC_EPS":0.43,"DILUTED_EPS":0.43,"OPERATE_INCOME":16398877000,"OPERATE_INCOME_YOY":7.1118518301,"GROSS_PROFIT":null,"GROSS_PROFIT_YOY":null,"HOLDER_PROFIT":5249817000,"HOLDER_PROFIT_YOY":6.7101693458,"GROSS_PROFIT_RATIO":null,"EPS_TTM":0.834970463426,"OPERATE_INCOME_QOQ":3.494389703908,"NET_PROFIT_RATIO":32.5058661029,"ROE_AVG":5.895028917135,"GROSS_PROFIT_QOQ":null,"ROA":0.451422440225,"HOLDER_PROFIT_QOQ":3.362128492542,"ROE_YEARLY":11.790057834271,"ROIC_YEARLY":0.978479005665,"TOTAL_ASSETS":1194178643000,"TOTAL_LIABILITIES":1100916982000,"TAX_EBT":17.221831671045,"OCF_SALES":-19.094496531683,"TOTAL_PARENT_EQUITY":90900969000,"DEBT_ASSET_RATIO":92.1903090843,"OPERATE_PROFIT":6361249000,"PRETAX_PROFIT":6439617000,"NETCASH_OPERATE":-3131283000,"NETCASH_INVEST":14021808000,"NETCASH_FINANCE":-18297968000,"END_CASH":38190331000,"DIVI_RATIO":0.173654174095,"DIVIDEND_RATE":6.299251968504,"CURRENT_RATIO":null,"COMMON_ACS":null,"CURRENTDEBT_DEBT":null,"ISSUED_COMMON_SHARES":13889801211,"HK_COMMON_SHARES":3478750000,"PER_SHARES":1000,"TOTAL_MARKET_CAP":35280095075.94,"HKSK_MARKET_CAP":8836025000,"PE_TTM":2.125857621499,"PB_TTM":0.246630993708,"REPORT_DATE_SQ":"2019-06-30 00:00:00","REPORT_TYPE_SQ":"2019年中报","OPERATE_INCOME_SQ":15310049000,"DPS_HKD":0.160001,"OPERATE_INCOME_QOQ_SQ":6.929312803284,"NET_PROFIT_RATIO_SQ":32.7276222303,"HOLDER_PROFIT_SQ":4919697000,"HOLDER_PROFIT_QOQ_SQ":7.390404812787,"ROE_AVG_SQ":7.004759186962,"PE_TTM_SQ":2.149218054562,"PB_TTM_SQ":0.258781033603,"ROA_SQ":0.457920170201,"START_DATE":"2020-01-01 00:00:00","FISCAL_YEAR":"12-31","CURRENCY":"HKD","IS_CNY_CODE":0,"DPS_HKD_LY":0.1719553,"ORG_TYPE":"银行","PREMIUM_INCOME":null,"PREMIUM_INCOME_YOY":null,"NET_INTEREST_INCOME":12836776000,"NET_INTEREST_INCOME_YOY":0.09016615086,"FEE_COMMISSION_INCOME":1946548000,"FEE_COMMISSION_INCOME_YOY":null,"ACCOUNTS_RECE_TDAYS":null,"INVENTORY_TDAYS":null,"CURRENT_ASSETS_TDAYS":null,"TOTAL_ASSETS_TDAYS":0.01410110309,"PREMIUM_EXPENSE":null,"LOAN_DEPOSIT":73.591687445137,"LOAN_EQUITY":5.522774905328,"LOAN_ASSETS":43.13116500778,"DEPOSIT_EQUITY":7.504617840765,"DEPOSIT_ASSETS":58.608745777076,"EQUITY_MULTIPLIER":12.804604059165,"EQUITY_RATIO":12.111168825934}],"count":27},"success":true,"message":"ok","code":0}