{"version":"86666aa772ab2b9a08021c168fbb373a","result":{"pages":2,"data":[{"SECUCODE":"03692.HK","SECURITY_CODE":"03692","SECURITY_NAME_ABBR":"翰森制药","ORG_CODE":"10972761","STD_REPORT_DATE":"2024-06-30 00:00:00","REPORT_DATE":"2024-06-30 00:00:00","DATE_TYPE_CODE":"002","REPORT_TYPE":"2024年中报","PER_NETCASH_OPERATE":0.451910568913,"PER_OI":1.096004805418,"BPS":4.700963613241,"BASIC_EPS":0.46,"DILUTED_EPS":0.46,"OPERATE_INCOME":6505501000,"OPERATE_INCOME_YOY":44.2072283377,"GROSS_PROFIT":5926283000,"GROSS_PROFIT_YOY":49.060305923745,"HOLDER_PROFIT":2725525000,"HOLDER_PROFIT_YOY":111.4698552506,"GROSS_PROFIT_RATIO":91.096488956039,"EPS_TTM":0.794214609083,"OPERATE_INCOME_QOQ":19.737948254351,"NET_PROFIT_RATIO":41.8956971953,"ROE_AVG":10.1513000994,"GROSS_PROFIT_QOQ":21.498217281868,"ROA":8.423611647466,"HOLDER_PROFIT_QOQ":43.834498397103,"ROE_YEARLY":20.302600198801,"ROIC_YEARLY":53.099306286477,"TOTAL_ASSETS":31672475000,"TOTAL_LIABILITIES":3769200000,"TAX_EBT":12.592609934109,"OCF_SALES":41.232535357385,"TOTAL_PARENT_EQUITY":27903275000,"DEBT_ASSET_RATIO":11.90055403,"OPERATE_PROFIT":3118186000,"PRETAX_PROFIT":3118186000,"NETCASH_OPERATE":2682383000,"NETCASH_INVEST":2368869000,"NETCASH_FINANCE":-4196329000,"END_CASH":6796204000,"DIVI_RATIO":0.393235229405,"DIVIDEND_RATE":1.861171366594,"CURRENT_RATIO":7.984258983307,"COMMON_ACS":20000000000,"CURRENTDEBT_DEBT":91.068688315823,"ISSUED_COMMON_SHARES":5935650070,"HK_COMMON_SHARES":5935650070,"PER_SHARES":2000,"TOTAL_MARKET_CAP":109453387290.8,"HKSK_MARKET_CAP":109453387290.8,"PE_TTM":21.028309802112,"PB_TTM":3.580078593375,"REPORT_DATE_SQ":"2023-06-30 00:00:00","REPORT_TYPE_SQ":"2023年中报","OPERATE_INCOME_SQ":4511217000,"DPS_HKD":0.3432,"OPERATE_INCOME_QOQ_SQ":0.81896868715,"NET_PROFIT_RATIO_SQ":28.56985155,"HOLDER_PROFIT_SQ":1288848000,"HOLDER_PROFIT_QOQ_SQ":-0.35328536424,"ROE_AVG_SQ":5.505242215229,"PE_TTM_SQ":28.37624076064,"PB_TTM_SQ":3.000455793469,"ROA_SQ":4.161319784062,"START_DATE":"2024-01-01 00:00:00","FISCAL_YEAR":"12-31","CURRENCY":"HKD","IS_CNY_CODE":0,"DPS_HKD_LY":0.3432,"ORG_TYPE":"一般企业","PREMIUM_INCOME":null,"PREMIUM_INCOME_YOY":null,"NET_INTEREST_INCOME":null,"NET_INTEREST_INCOME_YOY":null,"FEE_COMMISSION_INCOME":null,"FEE_COMMISSION_INCOME_YOY":null,"ACCOUNTS_RECE_TDAYS":2.114693370321,"INVENTORY_TDAYS":0.985661386826,"CURRENT_ASSETS_TDAYS":0.231143307532,"TOTAL_ASSETS_TDAYS":0.20106149823,"PREMIUM_EXPENSE":null,"LOAN_DEPOSIT":null,"LOAN_EQUITY":null,"LOAN_ASSETS":null,"DEPOSIT_EQUITY":null,"DEPOSIT_ASSETS":null,"EQUITY_MULTIPLIER":1.135080917921,"EQUITY_RATIO":0.135080917921},{"SECUCODE":"03692.HK","SECURITY_CODE":"03692","SECURITY_NAME_ABBR":"翰森制药","ORG_CODE":"10972761","STD_REPORT_DATE":"2023-12-31 00:00:00","REPORT_DATE":"2023-12-31 00:00:00","DATE_TYPE_CODE":"001","REPORT_TYPE":"2023年年报","PER_NETCASH_OPERATE":0.525245934124,"PER_OI":1.702883848214,"BPS":4.345736809919,"BASIC_EPS":0.55,"DILUTED_EPS":0.52,"OPERATE_INCOME":10103806000,"OPERATE_INCOME_YOY":7.6888134285,"GROSS_PROFIT":9072943000,"GROSS_PROFIT_YOY":6.547466942246,"HOLDER_PROFIT":3277503000,"HOLDER_PROFIT_YOY":26.8507713797,"GROSS_PROFIT_RATIO":89.797280351582,"EPS_TTM":0.552386587903,"OPERATE_INCOME_QOQ":6.814039888367,"NET_PROFIT_RATIO":32.4383009729,"ROE_AVG":13.531737531104,"GROSS_PROFIT_QOQ":7.303965316226,"ROA":10.398011400779,"HOLDER_PROFIT_QOQ":27.300505434008,"ROE_YEARLY":13.531737531104,"ROIC_YEARLY":28.5111913174,"TOTAL_ASSETS":33039079000,"TOTAL_LIABILITIES":7244306000,"TAX_EBT":12.974824456243,"OCF_SALES":30.844495628677,"TOTAL_PARENT_EQUITY":25794773000,"DEBT_ASSET_RATIO":21.9264768246,"OPERATE_PROFIT":3832834000,"PRETAX_PROFIT":3766155000,"NETCASH_OPERATE":3116468000,"NETCASH_INVEST":1073972000,"NETCASH_FINANCE":-753695000,"END_CASH":5980513000,"DIVI_RATIO":0.565388752804,"DIVIDEND_RATE":1.845161290323,"CURRENT_RATIO":4.20864672966,"COMMON_ACS":20000000000,"CURRENTDEBT_DEBT":94.734388635709,"ISSUED_COMMON_SHARES":5935650070,"HK_COMMON_SHARES":5935650070,"PER_SHARES":2000,"TOTAL_MARKET_CAP":110403091302,"HKSK_MARKET_CAP":110403091302,"PE_TTM":21.210768021654,"PB_TTM":3.611142182038,"REPORT_DATE_SQ":"2022-12-31 00:00:00","REPORT_TYPE_SQ":"2022年年报","OPERATE_INCOME_SQ":9382410000,"DPS_HKD":0.3432,"OPERATE_INCOME_QOQ_SQ":-5.874869006055,"NET_PROFIT_RATIO_SQ":27.5382018053,"HOLDER_PROFIT_SQ":2583747000,"HOLDER_PROFIT_QOQ_SQ":-5.019358244421,"ROE_AVG_SQ":12.108725160301,"PE_TTM_SQ":32.313818664077,"PB_TTM_SQ":3.416808633589,"ROA_SQ":9.040078163747,"START_DATE":"2023-01-01 00:00:00","FISCAL_YEAR":"12-31","CURRENCY":"HKD","IS_CNY_CODE":0,"DPS_HKD_LY":0.1207,"ORG_TYPE":"一般企业","PREMIUM_INCOME":null,"PREMIUM_INCOME_YOY":null,"NET_INTEREST_INCOME":null,"NET_INTEREST_INCOME_YOY":null,"FEE_COMMISSION_INCOME":null,"FEE_COMMISSION_INCOME_YOY":null,"ACCOUNTS_RECE_TDAYS":2.974926254773,"INVENTORY_TDAYS":2.014049422081,"CURRENT_ASSETS_TDAYS":0.369325394513,"TOTAL_ASSETS_TDAYS":0.32054734955,"PREMIUM_EXPENSE":null,"LOAN_DEPOSIT":null,"LOAN_EQUITY":null,"LOAN_ASSETS":null,"DEPOSIT_EQUITY":null,"DEPOSIT_ASSETS":null,"EQUITY_MULTIPLIER":1.280843952377,"EQUITY_RATIO":0.280843952377},{"SECUCODE":"03692.HK","SECURITY_CODE":"03692","SECURITY_NAME_ABBR":"翰森制药","ORG_CODE":"10972761","STD_REPORT_DATE":"2023-06-30 00:00:00","REPORT_DATE":"2023-06-30 00:00:00","DATE_TYPE_CODE":"002","REPORT_TYPE":"2023年中报","PER_NETCASH_OPERATE":0.193173668581,"PER_OI":0.760315327223,"BPS":4.072953714403,"BASIC_EPS":0.22,"DILUTED_EPS":0.22,"OPERATE_INCOME":4511217000,"OPERATE_INCOME_YOY":1.7328022104,"GROSS_PROFIT":3975762000,"GROSS_PROFIT_YOY":-1.487538022239,"HOLDER_PROFIT":1288848000,"HOLDER_PROFIT_YOY":-0.7032487504,"GROSS_PROFIT_RATIO":88.130586491406,"EPS_TTM":0.433923326557,"OPERATE_INCOME_QOQ":0.81896868715,"NET_PROFIT_RATIO":28.56985155,"ROE_AVG":5.505242215229,"GROSS_PROFIT_QOQ":-0.705005049675,"ROA":4.161319784062,"HOLDER_PROFIT_QOQ":-0.35328536424,"ROE_YEARLY":11.010484430458,"ROIC_YEARLY":18.807334295359,"TOTAL_ASSETS":31942315000,"TOTAL_LIABILITIES":7766687000,"TAX_EBT":14.070097467603,"OCF_SALES":25.407046479919,"TOTAL_PARENT_EQUITY":24175628000,"DEBT_ASSET_RATIO":24.3147279713,"OPERATE_PROFIT":1499883000,"PRETAX_PROFIT":1499883000,"NETCASH_OPERATE":1146167000,"NETCASH_INVEST":1041872000,"NETCASH_FINANCE":-50459000,"END_CASH":4731335000,"DIVI_RATIO":0.719742739987,"DIVIDEND_RATE":2.060024009604,"CURRENT_RATIO":3.742102696133,"COMMON_ACS":20000000000,"CURRENTDEBT_DEBT":95.483659892564,"ISSUED_COMMON_SHARES":5935650070,"HK_COMMON_SHARES":5935650070,"PER_SHARES":2000,"TOTAL_MARKET_CAP":98887930166.2,"HKSK_MARKET_CAP":98887930166.2,"PE_TTM":18.998462109718,"PB_TTM":3.234496169503,"REPORT_DATE_SQ":"2022-06-30 00:00:00","REPORT_TYPE_SQ":"2022年中报","OPERATE_INCOME_SQ":4434378000,"DPS_HKD":0.3432,"OPERATE_INCOME_QOQ_SQ":0.330916289965,"NET_PROFIT_RATIO_SQ":29.2707568006,"HOLDER_PROFIT_SQ":1297976000,"HOLDER_PROFIT_QOQ_SQ":0.272254581994,"ROE_AVG_SQ":6.307754623808,"PE_TTM_SQ":29.788632834699,"PB_TTM_SQ":3.149799746991,"ROA_SQ":4.635207512489,"START_DATE":"2023-01-01 00:00:00","FISCAL_YEAR":"12-31","CURRENCY":"HKD","IS_CNY_CODE":0,"DPS_HKD_LY":0.1207,"ORG_TYPE":"一般企业","PREMIUM_INCOME":null,"PREMIUM_INCOME_YOY":null,"NET_INTEREST_INCOME":null,"NET_INTEREST_INCOME_YOY":null,"FEE_COMMISSION_INCOME":null,"FEE_COMMISSION_INCOME_YOY":null,"ACCOUNTS_RECE_TDAYS":1.306575078547,"INVENTORY_TDAYS":1.021593590989,"CURRENT_ASSETS_TDAYS":0.168383205018,"TOTAL_ASSETS_TDAYS":0.145654231937,"PREMIUM_EXPENSE":null,"LOAN_DEPOSIT":null,"LOAN_EQUITY":null,"LOAN_ASSETS":null,"DEPOSIT_EQUITY":null,"DEPOSIT_ASSETS":null,"EQUITY_MULTIPLIER":1.321261023705,"EQUITY_RATIO":0.321261023705},{"SECUCODE":"03692.HK","SECURITY_CODE":"03692","SECURITY_NAME_ABBR":"翰森制药","ORG_CODE":"10972761","STD_REPORT_DATE":"2022-12-31 00:00:00","REPORT_DATE":"2022-12-31 00:00:00","DATE_TYPE_CODE":"001","REPORT_TYPE":"2022年年报","PER_NETCASH_OPERATE":0.462857643942,"PER_OI":1.584237657197,"BPS":3.8154109041,"BASIC_EPS":0.44,"DILUTED_EPS":0.44,"OPERATE_INCOME":9382410000,"OPERATE_INCOME_YOY":-5.5633936146,"GROSS_PROFIT":8515400000,"GROSS_PROFIT_YOY":-6.06390509359,"HOLDER_PROFIT":2583747000,"HOLDER_PROFIT_YOY":-4.7607690952,"GROSS_PROFIT_RATIO":90.759197263816,"EPS_TTM":0.436270563114,"OPERATE_INCOME_QOQ":-5.874869006055,"NET_PROFIT_RATIO":27.5382018053,"ROE_AVG":12.108725160301,"GROSS_PROFIT_QOQ":-6.578926292864,"ROA":9.040078163747,"HOLDER_PROFIT_QOQ":-5.019358244421,"ROE_YEARLY":12.108725160301,"ROIC_YEARLY":20.799163765983,"TOTAL_ASSETS":30001879000,"TOTAL_LIABILITIES":7354935000,"TAX_EBT":12.368658824296,"OCF_SALES":29.216427335834,"TOTAL_PARENT_EQUITY":22646944000,"DEBT_ASSET_RATIO":24.5149145492,"OPERATE_PROFIT":3006570000,"PRETAX_PROFIT":2948428000,"NETCASH_OPERATE":2741205000,"NETCASH_INVEST":-5935073000,"NETCASH_FINANCE":-818144000,"END_CASH":2666132000,"DIVI_RATIO":0.715870357538,"DIVIDEND_RATE":1.845161290323,"CURRENT_RATIO":9.861271340888,"COMMON_ACS":20000000000,"CURRENTDEBT_DEBT":35.615569682125,"ISSUED_COMMON_SHARES":5935650070,"HK_COMMON_SHARES":5935650070,"PER_SHARES":2000,"TOTAL_MARKET_CAP":110403091302,"HKSK_MARKET_CAP":110403091302,"PE_TTM":21.210768021654,"PB_TTM":3.611142182038,"REPORT_DATE_SQ":"2021-12-31 00:00:00","REPORT_TYPE_SQ":"2021年年报","OPERATE_INCOME_SQ":9935141000,"DPS_HKD":0.3432,"OPERATE_INCOME_QOQ_SQ":9.030996518191,"NET_PROFIT_RATIO_SQ":27.3061247948,"HOLDER_PROFIT_SQ":2712902000,"HOLDER_PROFIT_QOQ_SQ":2.852487220695,"ROE_AVG_SQ":14.314427466986,"PE_TTM_SQ":32.313818664077,"PB_TTM_SQ":3.416808633589,"ROA_SQ":11.315018898704,"START_DATE":"2022-01-01 00:00:00","FISCAL_YEAR":"12-31","CURRENCY":"HKD","IS_CNY_CODE":0,"DPS_HKD_LY":0.14,"ORG_TYPE":"一般企业","PREMIUM_INCOME":null,"PREMIUM_INCOME_YOY":null,"NET_INTEREST_INCOME":null,"NET_INTEREST_INCOME_YOY":null,"FEE_COMMISSION_INCOME":null,"FEE_COMMISSION_INCOME_YOY":null,"ACCOUNTS_RECE_TDAYS":2.586687604816,"INVENTORY_TDAYS":2.020962288626,"CURRENT_ASSETS_TDAYS":0.382869653638,"TOTAL_ASSETS_TDAYS":0.32827409094,"PREMIUM_EXPENSE":null,"LOAN_DEPOSIT":null,"LOAN_EQUITY":null,"LOAN_ASSETS":null,"DEPOSIT_EQUITY":null,"DEPOSIT_ASSETS":null,"EQUITY_MULTIPLIER":1.324765010237,"EQUITY_RATIO":0.324765010237},{"SECUCODE":"03692.HK","SECURITY_CODE":"03692","SECURITY_NAME_ABBR":"翰森制药","ORG_CODE":"10972761","STD_REPORT_DATE":"2022-06-30 00:00:00","REPORT_DATE":"2022-06-30 00:00:00","DATE_TYPE_CODE":"002","REPORT_TYPE":"2022年中报","PER_NETCASH_OPERATE":0.299516573494,"PER_OI":0.748753104357,"BPS":3.559186399275,"BASIC_EPS":0.22,"DILUTED_EPS":0.22,"OPERATE_INCOME":4434378000,"OPERATE_INCOME_YOY":0.7469497337,"GROSS_PROFIT":4035796000,"GROSS_PROFIT_YOY":1.25381947659,"HOLDER_PROFIT":1297976000,"HOLDER_PROFIT_YOY":0.5722963916,"GROSS_PROFIT_RATIO":91.011546602477,"EPS_TTM":0.459325768968,"OPERATE_INCOME_QOQ":0.330916289965,"NET_PROFIT_RATIO":29.2707568006,"ROE_AVG":6.307754623808,"GROSS_PROFIT_QOQ":0.551290173444,"ROA":4.635207512489,"HOLDER_PROFIT_QOQ":0.272254581994,"ROE_YEARLY":12.615509247616,"ROIC_YEARLY":21.343518775984,"TOTAL_ASSETS":28844916000,"TOTAL_LIABILITIES":7718831000,"TAX_EBT":13.991428139769,"OCF_SALES":40.002047637797,"TOTAL_PARENT_EQUITY":21126085000,"DEBT_ASSET_RATIO":26.7597624483,"OPERATE_PROFIT":1509124000,"PRETAX_PROFIT":1509124000,"NETCASH_OPERATE":1773842000,"NETCASH_INVEST":-5468360000,"NETCASH_FINANCE":-54829000,"END_CASH":2707527000,"DIVI_RATIO":0.679938259727,"DIVIDEND_RATE":2.060024009604,"CURRENT_RATIO":7.697520442209,"COMMON_ACS":20000000000,"CURRENTDEBT_DEBT":41.5663330367,"ISSUED_COMMON_SHARES":5935650070,"HK_COMMON_SHARES":5935650070,"PER_SHARES":2000,"TOTAL_MARKET_CAP":98887930166.2,"HKSK_MARKET_CAP":98887930166.2,"PE_TTM":18.998462109718,"PB_TTM":3.234496169503,"REPORT_DATE_SQ":"2021-06-30 00:00:00","REPORT_TYPE_SQ":"2021年中报","OPERATE_INCOME_SQ":4401501000,"DPS_HKD":0.3432,"OPERATE_INCOME_QOQ_SQ":4.855830119189,"NET_PROFIT_RATIO_SQ":29.3215882491,"HOLDER_PROFIT_SQ":1290590000,"HOLDER_PROFIT_QOQ_SQ":2.676469019704,"ROE_AVG_SQ":7.053560885762,"PE_TTM_SQ":29.788632834699,"PB_TTM_SQ":3.149799746991,"ROA_SQ":5.560714937861,"START_DATE":"2022-01-01 00:00:00","FISCAL_YEAR":"12-31","CURRENCY":"HKD","IS_CNY_CODE":0,"DPS_HKD_LY":0.14,"ORG_TYPE":"一般企业","PREMIUM_INCOME":null,"PREMIUM_INCOME_YOY":null,"NET_INTEREST_INCOME":null,"NET_INTEREST_INCOME_YOY":null,"FEE_COMMISSION_INCOME":null,"FEE_COMMISSION_INCOME_YOY":null,"ACCOUNTS_RECE_TDAYS":1.321872122904,"INVENTORY_TDAYS":0.878656780413,"CURRENT_ASSETS_TDAYS":0.185242897111,"TOTAL_ASSETS_TDAYS":0.158356257888,"PREMIUM_EXPENSE":null,"LOAN_DEPOSIT":null,"LOAN_EQUITY":null,"LOAN_ASSETS":null,"DEPOSIT_EQUITY":null,"DEPOSIT_ASSETS":null,"EQUITY_MULTIPLIER":1.365369683972,"EQUITY_RATIO":0.365369683971},{"SECUCODE":"03692.HK","SECURITY_CODE":"03692","SECURITY_NAME_ABBR":"翰森制药","ORG_CODE":"10972761","STD_REPORT_DATE":"2021-12-31 00:00:00","REPORT_DATE":"2021-12-31 00:00:00","DATE_TYPE_CODE":"001","REPORT_TYPE":"2021年年报","PER_NETCASH_OPERATE":0.435141788233,"PER_OI":1.67756733097,"BPS":3.374330488455,"BASIC_EPS":0.46,"DILUTED_EPS":0.44,"OPERATE_INCOME":9935141000,"OPERATE_INCOME_YOY":14.3253564864,"GROSS_PROFIT":9065099000,"GROSS_PROFIT_YOY":14.912850361525,"HOLDER_PROFIT":2712902000,"HOLDER_PROFIT_YOY":5.6053021772,"GROSS_PROFIT_RATIO":91.2427815569,"EPS_TTM":0.458078628912,"OPERATE_INCOME_QOQ":9.030996518191,"NET_PROFIT_RATIO":27.3061247948,"ROE_AVG":14.314427466986,"GROSS_PROFIT_QOQ":9.842162232375,"ROA":11.315018898704,"HOLDER_PROFIT_QOQ":2.852487220695,"ROE_YEARLY":14.314427466986,"ROIC_YEARLY":18.732144309008,"TOTAL_ASSETS":27160171000,"TOTAL_LIABILITIES":7131326000,"TAX_EBT":17.792891206946,"OCF_SALES":25.938856831524,"TOTAL_PARENT_EQUITY":20028845000,"DEBT_ASSET_RATIO":26.2565578103,"OPERATE_PROFIT":3352900000,"PRETAX_PROFIT":3300082000,"NETCASH_OPERATE":2577062000,"NETCASH_INVEST":-2259157000,"NETCASH_FINANCE":3416776000,"END_CASH":6718709000,"DIVI_RATIO":0.681789422794,"DIVIDEND_RATE":1.845161290323,"CURRENT_RATIO":7.665819368793,"COMMON_ACS":20000000000,"CURRENTDEBT_DEBT":42.400669945533,"ISSUED_COMMON_SHARES":5935650070,"HK_COMMON_SHARES":5935650070,"PER_SHARES":2000,"TOTAL_MARKET_CAP":110403091302,"HKSK_MARKET_CAP":110403091302,"PE_TTM":21.210768021654,"PB_TTM":3.611142182038,"REPORT_DATE_SQ":"2020-12-31 00:00:00","REPORT_TYPE_SQ":"2020年年报","OPERATE_INCOME_SQ":8690234000,"DPS_HKD":0.3432,"OPERATE_INCOME_QOQ_SQ":7.781276130675,"NET_PROFIT_RATIO_SQ":29.5608495698,"HOLDER_PROFIT_SQ":2568907000,"HOLDER_PROFIT_QOQ_SQ":3.479018859321,"ROE_AVG_SQ":16.616517765893,"PE_TTM_SQ":32.313818664077,"PB_TTM_SQ":3.416808633589,"ROA_SQ":12.727674583048,"START_DATE":"2021-01-01 00:00:00","FISCAL_YEAR":"12-31","CURRENCY":"HKD","IS_CNY_CODE":0,"DPS_HKD_LY":0.0771,"ORG_TYPE":"一般企业","PREMIUM_INCOME":null,"PREMIUM_INCOME_YOY":null,"NET_INTEREST_INCOME":null,"NET_INTEREST_INCOME_YOY":null,"FEE_COMMISSION_INCOME":null,"FEE_COMMISSION_INCOME_YOY":null,"ACCOUNTS_RECE_TDAYS":2.920618509727,"INVENTORY_TDAYS":2.454784765269,"CURRENT_ASSETS_TDAYS":0.491044277702,"TOTAL_ASSETS_TDAYS":0.414376590737,"PREMIUM_EXPENSE":null,"LOAN_DEPOSIT":null,"LOAN_EQUITY":null,"LOAN_ASSETS":null,"DEPOSIT_EQUITY":null,"DEPOSIT_ASSETS":null,"EQUITY_MULTIPLIER":1.356052782873,"EQUITY_RATIO":0.356052782874},{"SECUCODE":"03692.HK","SECURITY_CODE":"03692","SECURITY_NAME_ABBR":"翰森制药","ORG_CODE":"10972761","STD_REPORT_DATE":"2021-06-30 00:00:00","REPORT_DATE":"2021-06-30 00:00:00","DATE_TYPE_CODE":"002","REPORT_TYPE":"2021年中报","PER_NETCASH_OPERATE":0.183058918704,"PER_OI":0.743201760783,"BPS":3.153555344276,"BASIC_EPS":0.22,"DILUTED_EPS":0.2,"OPERATE_INCOME":4401501000,"OPERATE_INCOME_YOY":10.6038721272,"GROSS_PROFIT":3985821000,"GROSS_PROFIT_YOY":10.055297953724,"HOLDER_PROFIT":1290590000,"HOLDER_PROFIT_YOY":5.6272783373,"GROSS_PROFIT_RATIO":90.55594898195,"EPS_TTM":0.445374381592,"OPERATE_INCOME_QOQ":4.855830119189,"NET_PROFIT_RATIO":29.3215882491,"ROE_AVG":7.053560885762,"GROSS_PROFIT_QOQ":4.616340416189,"ROA":5.560714937861,"HOLDER_PROFIT_QOQ":2.676469019704,"ROE_YEARLY":14.107121771523,"ROIC_YEARLY":18.575607868845,"TOTAL_ASSETS":25626072000,"TOTAL_LIABILITIES":6907671000,"TAX_EBT":16.577680445957,"OCF_SALES":24.63112015651,"TOTAL_PARENT_EQUITY":18718401000,"DEBT_ASSET_RATIO":26.955637212,"OPERATE_PROFIT":1547056000,"PRETAX_PROFIT":1547056000,"NETCASH_OPERATE":1084139000,"NETCASH_INVEST":421152000,"NETCASH_FINANCE":3795595000,"END_CASH":8652996000,"DIVI_RATIO":0.701237378951,"DIVIDEND_RATE":2.060024009604,"CURRENT_RATIO":7.775864044002,"COMMON_ACS":20000000000,"CURRENTDEBT_DEBT":40.819503418736,"ISSUED_COMMON_SHARES":5935650070,"HK_COMMON_SHARES":5935650070,"PER_SHARES":2000,"TOTAL_MARKET_CAP":98887930166.2,"HKSK_MARKET_CAP":98887930166.2,"PE_TTM":18.998462109718,"PB_TTM":3.234496169503,"REPORT_DATE_SQ":"2020-06-30 00:00:00","REPORT_TYPE_SQ":"2020年中报","OPERATE_INCOME_SQ":3979518000,"DPS_HKD":0.3432,"OPERATE_INCOME_QOQ_SQ":-7.139492506173,"NET_PROFIT_RATIO_SQ":30.7030650446,"HOLDER_PROFIT_SQ":1221834000,"HOLDER_PROFIT_QOQ_SQ":-2.902248251877,"ROE_AVG_SQ":7.974458164907,"PE_TTM_SQ":29.788632834699,"PB_TTM_SQ":3.149799746991,"ROA_SQ":5.869589639045,"START_DATE":"2021-01-01 00:00:00","FISCAL_YEAR":"12-31","CURRENCY":"HKD","IS_CNY_CODE":0,"DPS_HKD_LY":0.0771,"ORG_TYPE":"一般企业","PREMIUM_INCOME":null,"PREMIUM_INCOME_YOY":null,"NET_INTEREST_INCOME":null,"NET_INTEREST_INCOME_YOY":null,"FEE_COMMISSION_INCOME":null,"FEE_COMMISSION_INCOME_YOY":null,"ACCOUNTS_RECE_TDAYS":1.395499274112,"INVENTORY_TDAYS":1.324467017368,"CURRENT_ASSETS_TDAYS":0.224501008813,"TOTAL_ASSETS_TDAYS":0.189645761704,"PREMIUM_EXPENSE":null,"LOAN_DEPOSIT":null,"LOAN_EQUITY":null,"LOAN_ASSETS":null,"DEPOSIT_EQUITY":null,"DEPOSIT_ASSETS":null,"EQUITY_MULTIPLIER":1.369031040633,"EQUITY_RATIO":0.369031040632},{"SECUCODE":"03692.HK","SECURITY_CODE":"03692","SECURITY_NAME_ABBR":"翰森制药","ORG_CODE":"10972761","STD_REPORT_DATE":"2020-12-31 00:00:00","REPORT_DATE":"2020-12-31 00:00:00","DATE_TYPE_CODE":"001","REPORT_TYPE":"2020年年报","PER_NETCASH_OPERATE":0.403865949319,"PER_OI":1.468195120817,"BPS":3.011565336432,"BASIC_EPS":0.44,"DILUTED_EPS":0.44,"OPERATE_INCOME":8690234000,"OPERATE_INCOME_YOY":0.0862399983,"GROSS_PROFIT":7888673000,"GROSS_PROFIT_YOY":-0.81140863194,"HOLDER_PROFIT":2568907000,"HOLDER_PROFIT_YOY":0.4758008434,"GROSS_PROFIT_RATIO":90.776301305581,"EPS_TTM":0.434010951055,"OPERATE_INCOME_QOQ":7.781276130675,"NET_PROFIT_RATIO":29.5608495698,"ROE_AVG":16.616517765893,"GROSS_PROFIT_QOQ":7.221269210481,"ROA":12.727674583048,"HOLDER_PROFIT_QOQ":3.479018859321,"ROE_YEARLY":16.616517765893,"ROIC_YEARLY":18.452225322685,"TOTAL_ASSETS":20792060000,"TOTAL_LIABILITIES":2916462000,"TAX_EBT":17.086536838439,"OCF_SALES":27.507648240542,"TOTAL_PARENT_EQUITY":17875598000,"DEBT_ASSET_RATIO":14.0268063867,"OPERATE_PROFIT":3098299000,"PRETAX_PROFIT":3098299000,"NETCASH_OPERATE":2390479000,"NETCASH_INVEST":-2874127000,"NETCASH_FINANCE":-1035628000,"END_CASH":3063316000,"DIVI_RATIO":0.719597427762,"DIVIDEND_RATE":1.845161290323,"CURRENT_RATIO":6.427119666233,"COMMON_ACS":20000000000,"CURRENTDEBT_DEBT":92.219236869879,"ISSUED_COMMON_SHARES":5935650070,"HK_COMMON_SHARES":5935650070,"PER_SHARES":2000,"TOTAL_MARKET_CAP":110403091302,"HKSK_MARKET_CAP":110403091302,"PE_TTM":21.210768021654,"PB_TTM":3.611142182038,"REPORT_DATE_SQ":"2019-12-31 00:00:00","REPORT_TYPE_SQ":"2019年年报","OPERATE_INCOME_SQ":8682746000,"DPS_HKD":0.3432,"OPERATE_INCOME_QOQ_SQ":1.58223968073,"NET_PROFIT_RATIO_SQ":29.4462374,"HOLDER_PROFIT_SQ":2556742000,"HOLDER_PROFIT_QOQ_SQ":18.544514085363,"ROE_AVG_SQ":32.964230780636,"PE_TTM_SQ":32.313818664077,"PB_TTM_SQ":3.416808633589,"ROA_SQ":18.269244888499,"START_DATE":"2020-01-01 00:00:00","FISCAL_YEAR":"12-31","CURRENCY":"HKD","IS_CNY_CODE":0,"DPS_HKD_LY":null,"ORG_TYPE":"一般企业","PREMIUM_INCOME":null,"PREMIUM_INCOME_YOY":null,"NET_INTEREST_INCOME":null,"NET_INTEREST_INCOME_YOY":null,"FEE_COMMISSION_INCOME":null,"FEE_COMMISSION_INCOME_YOY":null,"ACCOUNTS_RECE_TDAYS":3.234526844082,"INVENTORY_TDAYS":2.248181467588,"CURRENT_ASSETS_TDAYS":0.500387934158,"TOTAL_ASSETS_TDAYS":0.430558484221,"PREMIUM_EXPENSE":null,"LOAN_DEPOSIT":null,"LOAN_EQUITY":null,"LOAN_ASSETS":null,"DEPOSIT_EQUITY":null,"DEPOSIT_ASSETS":null,"EQUITY_MULTIPLIER":1.163153255069,"EQUITY_RATIO":0.163153255069},{"SECUCODE":"03692.HK","SECURITY_CODE":"03692","SECURITY_NAME_ABBR":"翰森制药","ORG_CODE":"10972761","STD_REPORT_DATE":"2020-06-30 00:00:00","REPORT_DATE":"2020-06-30 00:00:00","DATE_TYPE_CODE":"002","REPORT_TYPE":"2020年中报","PER_NETCASH_OPERATE":0.230015716192,"PER_OI":0.672330447121,"BPS":2.965027384103,"BASIC_EPS":0.21,"DILUTED_EPS":0.21,"OPERATE_INCOME":3979518000,"OPERATE_INCOME_YOY":-13.4778674364,"GROSS_PROFIT":3621653000,"GROSS_PROFIT_YOY":-14.127600307482,"HOLDER_PROFIT":1221834000,"HOLDER_PROFIT_YOY":-5.7253766675,"GROSS_PROFIT_RATIO":91.007328023143,"EPS_TTM":0.419419275366,"OPERATE_INCOME_QOQ":-7.139492506173,"NET_PROFIT_RATIO":30.7030650446,"ROE_AVG":7.974458164907,"GROSS_PROFIT_QOQ":-7.491683228122,"ROA":5.869589639045,"HOLDER_PROFIT_QOQ":-2.902248251877,"ROE_YEARLY":15.948916329814,"ROIC_YEARLY":17.513153401846,"TOTAL_ASSETS":22057485000,"TOTAL_LIABILITIES":4458120000,"TAX_EBT":18.195038276801,"OCF_SALES":34.211706040782,"TOTAL_PARENT_EQUITY":17599365000,"DEBT_ASSET_RATIO":20.211370426,"OPERATE_PROFIT":1493594000,"PRETAX_PROFIT":1493594000,"NETCASH_OPERATE":1361461000,"NETCASH_INVEST":-6053106000,"NETCASH_FINANCE":968670000,"END_CASH":1671871000,"DIVI_RATIO":0.744632357985,"DIVIDEND_RATE":2.060024009604,"CURRENT_RATIO":4.641917119337,"COMMON_ACS":20000000000,"CURRENTDEBT_DEBT":95.409387813697,"ISSUED_COMMON_SHARES":5935650070,"HK_COMMON_SHARES":5935650070,"PER_SHARES":2000,"TOTAL_MARKET_CAP":98887930166.2,"HKSK_MARKET_CAP":98887930166.2,"PE_TTM":18.998462109718,"PB_TTM":3.234496169503,"REPORT_DATE_SQ":"2019-06-30 00:00:00","REPORT_TYPE_SQ":"2019年中报","OPERATE_INCOME_SQ":4599422000,"DPS_HKD":0.3432,"OPERATE_INCOME_QOQ_SQ":10.68630266872,"NET_PROFIT_RATIO_SQ":28.1782580507,"HOLDER_PROFIT_SQ":1296037000,"HOLDER_PROFIT_QOQ_SQ":13.332821873121,"ROE_AVG_SQ":17.590321039303,"PE_TTM_SQ":29.788632834699,"PB_TTM_SQ":3.149799746991,"ROA_SQ":9.797455856294,"START_DATE":"2020-01-01 00:00:00","FISCAL_YEAR":"12-31","CURRENCY":"HKD","IS_CNY_CODE":0,"DPS_HKD_LY":null,"ORG_TYPE":"一般企业","PREMIUM_INCOME":null,"PREMIUM_INCOME_YOY":null,"NET_INTEREST_INCOME":null,"NET_INTEREST_INCOME_YOY":null,"FEE_COMMISSION_INCOME":null,"FEE_COMMISSION_INCOME_YOY":null,"ACCOUNTS_RECE_TDAYS":1.720212459002,"INVENTORY_TDAYS":0.894916432538,"CURRENT_ASSETS_TDAYS":0.213997278464,"TOTAL_ASSETS_TDAYS":0.191172758502,"PREMIUM_EXPENSE":null,"LOAN_DEPOSIT":null,"LOAN_EQUITY":null,"LOAN_ASSETS":null,"DEPOSIT_EQUITY":null,"DEPOSIT_ASSETS":null,"EQUITY_MULTIPLIER":1.253311412089,"EQUITY_RATIO":0.253311412088}],"count":17},"success":true,"message":"ok","code":0}