{"version":"da0d32d811beb731d83fc1f5b792dfe9","result":{"pages":3,"data":[{"SECUCODE":"03709.HK","SECURITY_CODE":"03709","SECURITY_NAME_ABBR":"赢家时尚","ORG_CODE":"10400412","STD_REPORT_DATE":"2024-06-30 00:00:00","REPORT_DATE":"2024-06-30 00:00:00","DATE_TYPE_CODE":"002","REPORT_TYPE":"2024年中报","PER_NETCASH_OPERATE":0.641759640447,"PER_OI":4.696216297476,"BPS":6.292278635048,"BASIC_EPS":0.405,"DILUTED_EPS":0.405,"OPERATE_INCOME":3306372000,"OPERATE_INCOME_YOY":-1.0333754777,"GROSS_PROFIT":2522618000,"GROSS_PROFIT_YOY":0.331426230519,"HOLDER_PROFIT":278662000,"HOLDER_PROFIT_YOY":-37.411253136,"GROSS_PROFIT_RATIO":76.295649733303,"EPS_TTM":0.953916361034,"OPERATE_INCOME_QOQ":-0.499457416568,"NET_PROFIT_RATIO":8.5547845191,"ROE_AVG":6.187685182625,"GROSS_PROFIT_QOQ":0.160096430578,"ROA":4.094677082896,"HOLDER_PROFIT_QOQ":-19.872460240763,"ROE_YEARLY":12.375370365251,"ROIC_YEARLY":8.763806174278,"TOTAL_ASSETS":6581139000,"TOTAL_LIABILITIES":2162355000,"TAX_EBT":7.07515711803,"OCF_SALES":13.665461720581,"TOTAL_PARENT_EQUITY":4430080000,"DEBT_ASSET_RATIO":32.8568504631,"OPERATE_PROFIT":331858000,"PRETAX_PROFIT":304389000,"NETCASH_OPERATE":451831000,"NETCASH_INVEST":273897000,"NETCASH_FINANCE":-805298000,"END_CASH":357575000,"DIVI_RATIO":0.66499960155,"DIVIDEND_RATE":8.610086100861,"CURRENT_RATIO":1.900684712896,"COMMON_ACS":1500000000,"CURRENTDEBT_DEBT":76.793588471828,"ISSUED_COMMON_SHARES":704050195,"HK_COMMON_SHARES":704050195,"PER_SHARES":500,"TOTAL_MARKET_CAP":5723928085.35,"HKSK_MARKET_CAP":5723928085.35,"PE_TTM":7.659195924325,"PB_TTM":1.179237098413,"REPORT_DATE_SQ":"2023-06-30 00:00:00","REPORT_TYPE_SQ":"2023年中报","OPERATE_INCOME_SQ":3340896000,"DPS_HKD":0.7,"OPERATE_INCOME_QOQ_SQ":7.855998926446,"NET_PROFIT_RATIO_SQ":13.2359402987,"HOLDER_PROFIT_SQ":445227000,"HOLDER_PROFIT_QOQ_SQ":48.290261932343,"ROE_AVG_SQ":10.890729095233,"PE_TTM_SQ":15.210734140666,"PB_TTM_SQ":2.034904356481,"ROA_SQ":7.000141110639,"START_DATE":"2024-01-01 00:00:00","FISCAL_YEAR":"12-31","CURRENCY":"HKD","IS_CNY_CODE":0,"DPS_HKD_LY":0.7,"ORG_TYPE":"一般企业","PREMIUM_INCOME":null,"PREMIUM_INCOME_YOY":null,"NET_INTEREST_INCOME":null,"NET_INTEREST_INCOME_YOY":null,"FEE_COMMISSION_INCOME":null,"FEE_COMMISSION_INCOME_YOY":null,"ACCOUNTS_RECE_TDAYS":5.104883832957,"INVENTORY_TDAYS":0.646076409326,"CURRENT_ASSETS_TDAYS":0.986117469584,"TOTAL_ASSETS_TDAYS":0.485840396463,"PREMIUM_EXPENSE":null,"LOAN_DEPOSIT":null,"LOAN_EQUITY":null,"LOAN_ASSETS":null,"DEPOSIT_EQUITY":null,"DEPOSIT_ASSETS":null,"EQUITY_MULTIPLIER":1.489355216276,"EQUITY_RATIO":0.48810743824},{"SECUCODE":"03709.HK","SECURITY_CODE":"03709","SECURITY_NAME_ABBR":"赢家时尚","ORG_CODE":"10400412","STD_REPORT_DATE":"2023-12-31 00:00:00","REPORT_DATE":"2023-12-31 00:00:00","DATE_TYPE_CODE":"001","REPORT_TYPE":"2023年年报","PER_NETCASH_OPERATE":2.228828301084,"PER_OI":9.817909360852,"BPS":6.500824845308,"BASIC_EPS":1.237,"DILUTED_EPS":1.219,"OPERATE_INCOME":6912301000,"OPERATE_INCOME_YOY":22.0514952953,"GROSS_PROFIT":5204988000,"GROSS_PROFIT_YOY":22.343069090499,"HOLDER_PROFIT":838170000,"HOLDER_PROFIT_YOY":119.1712405243,"GROSS_PROFIT_RATIO":75.300366694101,"EPS_TTM":1.19049750423,"OPERATE_INCOME_QOQ":13.1615269527,"NET_PROFIT_RATIO":12.0456559979,"ROE_AVG":19.550622810623,"GROSS_PROFIT_QOQ":13.121468613447,"ROA":12.615933356227,"HOLDER_PROFIT_QOQ":47.79880867992,"ROE_YEARLY":19.550622810623,"ROIC_YEARLY":13.731588781372,"TOTAL_ASSETS":7029800000,"TOTAL_LIABILITIES":2468380000,"TAX_EBT":16.284821752643,"OCF_SALES":22.701658970001,"TOTAL_PARENT_EQUITY":4576907000,"DEBT_ASSET_RATIO":35.1130899883,"OPERATE_PROFIT":1043340000,"PRETAX_PROFIT":994601000,"NETCASH_OPERATE":1569207000,"NETCASH_INVEST":-446045000,"NETCASH_FINANCE":-1006287000,"END_CASH":440756000,"DIVI_RATIO":0.532847820131,"DIVIDEND_RATE":8.215962441315,"CURRENT_RATIO":1.784398622009,"COMMON_ACS":1500000000,"CURRENTDEBT_DEBT":80.590225167924,"ISSUED_COMMON_SHARES":704050195,"HK_COMMON_SHARES":704050195,"PER_SHARES":500,"TOTAL_MARKET_CAP":5998507661.4,"HKSK_MARKET_CAP":5998507661.4,"PE_TTM":8.026611226968,"PB_TTM":1.23580566771,"REPORT_DATE_SQ":"2022-12-31 00:00:00","REPORT_TYPE_SQ":"2022年年报","OPERATE_INCOME_SQ":5663430000,"DPS_HKD":0.7,"OPERATE_INCOME_QOQ_SQ":-8.247045716007,"NET_PROFIT_RATIO_SQ":6.6289333496,"HOLDER_PROFIT_SQ":382427000,"HOLDER_PROFIT_QOQ_SQ":-29.828105676109,"ROE_AVG_SQ":9.636652779678,"PE_TTM_SQ":15.791296512448,"PB_TTM_SQ":2.11257246169,"ROA_SQ":6.123889352783,"START_DATE":"2023-01-01 00:00:00","FISCAL_YEAR":"12-31","CURRENCY":"HKD","IS_CNY_CODE":0,"DPS_HKD_LY":0.4,"ORG_TYPE":"一般企业","PREMIUM_INCOME":null,"PREMIUM_INCOME_YOY":null,"NET_INTEREST_INCOME":null,"NET_INTEREST_INCOME_YOY":null,"FEE_COMMISSION_INCOME":null,"FEE_COMMISSION_INCOME_YOY":null,"ACCOUNTS_RECE_TDAYS":11.620417893185,"INVENTORY_TDAYS":1.568884802756,"CURRENT_ASSETS_TDAYS":2.23546919362,"TOTAL_ASSETS_TDAYS":1.040422930362,"PREMIUM_EXPENSE":null,"LOAN_DEPOSIT":null,"LOAN_EQUITY":null,"LOAN_ASSETS":null,"DEPOSIT_EQUITY":null,"DEPOSIT_ASSETS":null,"EQUITY_MULTIPLIER":1.541142889713,"EQUITY_RATIO":0.539311810356},{"SECUCODE":"03709.HK","SECURITY_CODE":"03709","SECURITY_NAME_ABBR":"赢家时尚","ORG_CODE":"10400412","STD_REPORT_DATE":"2023-06-30 00:00:00","REPORT_DATE":"2023-06-30 00:00:00","DATE_TYPE_CODE":"002","REPORT_TYPE":"2023年中报","PER_NETCASH_OPERATE":1.299069308546,"PER_OI":4.74525257393,"BPS":5.935383627015,"BASIC_EPS":0.659,"DILUTED_EPS":0.648,"OPERATE_INCOME":3340896000,"OPERATE_INCOME_YOY":15.3633471537,"GROSS_PROFIT":2514285000,"GROSS_PROFIT_YOY":16.001074064795,"HOLDER_PROFIT":445227000,"HOLDER_PROFIT_YOY":70.8783659308,"GROSS_PROFIT_RATIO":75.257805091808,"EPS_TTM":0.805485182772,"OPERATE_INCOME_QOQ":7.855998926446,"NET_PROFIT_RATIO":13.2359402987,"ROE_AVG":10.890729095233,"GROSS_PROFIT_QOQ":8.151945506085,"ROA":7.000141110639,"HOLDER_PROFIT_QOQ":48.290261932343,"ROE_YEARLY":21.781458190465,"ROIC_YEARLY":15.219106203486,"TOTAL_ASSETS":6462832000,"TOTAL_LIABILITIES":2297001000,"TAX_EBT":12.610620343472,"OCF_SALES":27.376188902618,"TOTAL_PARENT_EQUITY":4178808000,"DEBT_ASSET_RATIO":35.5417098882,"OPERATE_PROFIT":529380000,"PRETAX_PROFIT":506010000,"NETCASH_OPERATE":914610000,"NETCASH_INVEST":-236946000,"NETCASH_FINANCE":-646827000,"END_CASH":392715000,"DIVI_RATIO":0.78754273023,"DIVIDEND_RATE":8.215962441315,"CURRENT_RATIO":1.64037699884,"COMMON_ACS":1500000000,"CURRENTDEBT_DEBT":77.790519028943,"ISSUED_COMMON_SHARES":704050195,"HK_COMMON_SHARES":704050195,"PER_SHARES":500,"TOTAL_MARKET_CAP":5998507661.4,"HKSK_MARKET_CAP":5998507661.4,"PE_TTM":8.026611226968,"PB_TTM":1.23580566771,"REPORT_DATE_SQ":"2022-06-30 00:00:00","REPORT_TYPE_SQ":"2022年中报","OPERATE_INCOME_SQ":2895977000,"DPS_HKD":0.7,"OPERATE_INCOME_QOQ_SQ":-2.870205944255,"NET_PROFIT_RATIO_SQ":8.9000016229,"HOLDER_PROFIT_SQ":260552000,"HOLDER_PROFIT_QOQ_SQ":-3.374360392753,"ROE_AVG_SQ":6.632890227591,"PE_TTM_SQ":15.791296512448,"PB_TTM_SQ":2.11257246169,"ROA_SQ":4.239128966964,"START_DATE":"2023-01-01 00:00:00","FISCAL_YEAR":"12-31","CURRENCY":"HKD","IS_CNY_CODE":0,"DPS_HKD_LY":0.4,"ORG_TYPE":"一般企业","PREMIUM_INCOME":null,"PREMIUM_INCOME_YOY":null,"NET_INTEREST_INCOME":null,"NET_INTEREST_INCOME_YOY":null,"FEE_COMMISSION_INCOME":null,"FEE_COMMISSION_INCOME_YOY":null,"ACCOUNTS_RECE_TDAYS":6.383662207582,"INVENTORY_TDAYS":0.854886808639,"CURRENT_ASSETS_TDAYS":1.200539882451,"TOTAL_ASSETS_TDAYS":0.525276846103,"PREMIUM_EXPENSE":null,"LOAN_DEPOSIT":null,"LOAN_EQUITY":null,"LOAN_ASSETS":null,"DEPOSIT_EQUITY":null,"DEPOSIT_ASSETS":null,"EQUITY_MULTIPLIER":1.551390826945,"EQUITY_RATIO":0.549678520765},{"SECUCODE":"03709.HK","SECURITY_CODE":"03709","SECURITY_NAME_ABBR":"赢家时尚","ORG_CODE":"10400412","STD_REPORT_DATE":"2022-12-31 00:00:00","REPORT_DATE":"2022-12-31 00:00:00","DATE_TYPE_CODE":"001","REPORT_TYPE":"2022年年报","PER_NETCASH_OPERATE":2.417141578947,"PER_OI":8.044071346362,"BPS":5.677789777475,"BASIC_EPS":0.565,"DILUTED_EPS":0.555,"OPERATE_INCOME":5663430000,"OPERATE_INCOME_YOY":-10.8805444639,"GROSS_PROFIT":4254420000,"GROSS_PROFIT_YOY":-10.206150883519,"HOLDER_PROFIT":382427000,"HOLDER_PROFIT_YOY":-32.195958285,"GROSS_PROFIT_RATIO":75.120907294696,"EPS_TTM":0.543181441772,"OPERATE_INCOME_QOQ":-8.247045716007,"NET_PROFIT_RATIO":6.6289333496,"ROE_AVG":9.636652779678,"GROSS_PROFIT_QOQ":-8.374190088634,"ROA":6.123889352783,"HOLDER_PROFIT_QOQ":-29.828105676109,"ROE_YEARLY":9.636652779678,"ROIC_YEARLY":6.678389696168,"TOTAL_ASSETS":6257683000,"TOTAL_LIABILITIES":2270183000,"TAX_EBT":19.153559246115,"OCF_SALES":30.048733717906,"TOTAL_PARENT_EQUITY":3997449000,"DEBT_ASSET_RATIO":36.2783317723,"OPERATE_PROFIT":523418000,"PRETAX_PROFIT":464368000,"NETCASH_OPERATE":1701789000,"NETCASH_INVEST":-571503000,"NETCASH_FINANCE":-1269807000,"END_CASH":361463000,"DIVI_RATIO":1.167849177488,"DIVIDEND_RATE":8.215962441315,"CURRENT_RATIO":1.597785400479,"COMMON_ACS":1500000000,"CURRENTDEBT_DEBT":72.631853907813,"ISSUED_COMMON_SHARES":704050195,"HK_COMMON_SHARES":704050195,"PER_SHARES":500,"TOTAL_MARKET_CAP":5998507661.4,"HKSK_MARKET_CAP":5998507661.4,"PE_TTM":8.026611226968,"PB_TTM":1.23580566771,"REPORT_DATE_SQ":"2021-12-31 00:00:00","REPORT_TYPE_SQ":"2021年年报","OPERATE_INCOME_SQ":6354875000,"DPS_HKD":0.7,"OPERATE_INCOME_QOQ_SQ":-0.707141554715,"NET_PROFIT_RATIO_SQ":8.8460591278,"HOLDER_PROFIT_SQ":564018000,"HOLDER_PROFIT_QOQ_SQ":-6.15731458758,"ROE_AVG_SQ":15.253077392699,"PE_TTM_SQ":15.791296512448,"PB_TTM_SQ":2.11257246169,"ROA_SQ":9.418071901678,"START_DATE":"2022-01-01 00:00:00","FISCAL_YEAR":"12-31","CURRENCY":"HKD","IS_CNY_CODE":0,"DPS_HKD_LY":0.48,"ORG_TYPE":"一般企业","PREMIUM_INCOME":null,"PREMIUM_INCOME_YOY":null,"NET_INTEREST_INCOME":null,"NET_INTEREST_INCOME_YOY":null,"FEE_COMMISSION_INCOME":null,"FEE_COMMISSION_INCOME_YOY":null,"ACCOUNTS_RECE_TDAYS":10.572758033277,"INVENTORY_TDAYS":1.426464938216,"CURRENT_ASSETS_TDAYS":2.157232111483,"TOTAL_ASSETS_TDAYS":0.90689775244,"PREMIUM_EXPENSE":null,"LOAN_DEPOSIT":null,"LOAN_EQUITY":null,"LOAN_ASSETS":null,"DEPOSIT_EQUITY":null,"DEPOSIT_ASSETS":null,"EQUITY_MULTIPLIER":1.569324890282,"EQUITY_RATIO":0.567907933284},{"SECUCODE":"03709.HK","SECURITY_CODE":"03709","SECURITY_NAME_ABBR":"赢家时尚","ORG_CODE":"10400412","STD_REPORT_DATE":"2022-06-30 00:00:00","REPORT_DATE":"2022-06-30 00:00:00","DATE_TYPE_CODE":"002","REPORT_TYPE":"2022年中报","PER_NETCASH_OPERATE":1.393109478508,"PER_OI":4.113310415318,"BPS":5.563363276961,"BASIC_EPS":0.385,"DILUTED_EPS":0.378,"OPERATE_INCOME":2895977000,"OPERATE_INCOME_YOY":-5.925139075,"GROSS_PROFIT":2167467000,"GROSS_PROFIT_YOY":-4.187564483745,"HOLDER_PROFIT":260552000,"HOLDER_PROFIT_YOY":-6.8072564954,"GROSS_PROFIT_RATIO":74.844068167669,"EPS_TTM":0.774072649749,"OPERATE_INCOME_QOQ":-2.870205944255,"NET_PROFIT_RATIO":8.9000016229,"ROE_AVG":6.632890227591,"GROSS_PROFIT_QOQ":-1.999393835271,"ROA":4.239128966964,"HOLDER_PROFIT_QOQ":-3.374360392753,"ROE_YEARLY":13.265780455183,"ROIC_YEARLY":9.028801412855,"TOTAL_ASSETS":6060720000,"TOTAL_LIABILITIES":2149591000,"TAX_EBT":12.259237321024,"OCF_SALES":33.868328374155,"TOTAL_PARENT_EQUITY":3916887000,"DEBT_ASSET_RATIO":35.4675847094,"OPERATE_PROFIT":320710000,"PRETAX_PROFIT":293754000,"NETCASH_OPERATE":980819000,"NETCASH_INVEST":-316843000,"NETCASH_FINANCE":-924864000,"END_CASH":251996000,"DIVI_RATIO":0.819501890689,"DIVIDEND_RATE":8.215962441315,"CURRENT_RATIO":1.620312390277,"COMMON_ACS":1500000000,"CURRENTDEBT_DEBT":69.559511553593,"ISSUED_COMMON_SHARES":704050195,"HK_COMMON_SHARES":704050195,"PER_SHARES":500,"TOTAL_MARKET_CAP":5998507661.4,"HKSK_MARKET_CAP":5998507661.4,"PE_TTM":8.026611226968,"PB_TTM":1.23580566771,"REPORT_DATE_SQ":"2021-06-30 00:00:00","REPORT_TYPE_SQ":"2021年中报","OPERATE_INCOME_SQ":3078375000,"DPS_HKD":0.7,"OPERATE_INCOME_QOQ_SQ":20.187876037045,"NET_PROFIT_RATIO_SQ":9.0871644943,"HOLDER_PROFIT_SQ":279584000,"HOLDER_PROFIT_QOQ_SQ":32.724064676551,"ROE_AVG_SQ":7.861185341143,"PE_TTM_SQ":15.791296512448,"PB_TTM_SQ":2.11257246169,"ROA_SQ":4.824983801468,"START_DATE":"2022-01-01 00:00:00","FISCAL_YEAR":"12-31","CURRENCY":"HKD","IS_CNY_CODE":0,"DPS_HKD_LY":0.48,"ORG_TYPE":"一般企业","PREMIUM_INCOME":null,"PREMIUM_INCOME_YOY":null,"NET_INTEREST_INCOME":null,"NET_INTEREST_INCOME_YOY":null,"FEE_COMMISSION_INCOME":null,"FEE_COMMISSION_INCOME_YOY":null,"ACCOUNTS_RECE_TDAYS":5.223204486653,"INVENTORY_TDAYS":0.807980990248,"CURRENT_ASSETS_TDAYS":1.149457446616,"TOTAL_ASSETS_TDAYS":0.471169670099,"PREMIUM_EXPENSE":null,"LOAN_DEPOSIT":null,"LOAN_EQUITY":null,"LOAN_ASSETS":null,"DEPOSIT_EQUITY":null,"DEPOSIT_ASSETS":null,"EQUITY_MULTIPLIER":1.549608821391,"EQUITY_RATIO":0.548800871713},{"SECUCODE":"03709.HK","SECURITY_CODE":"03709","SECURITY_NAME_ABBR":"赢家时尚","ORG_CODE":"10400412","STD_REPORT_DATE":"2021-12-31 00:00:00","REPORT_DATE":"2021-12-31 00:00:00","DATE_TYPE_CODE":"001","REPORT_TYPE":"2021年年报","PER_NETCASH_OPERATE":1.708393817006,"PER_OI":9.026167516366,"BPS":5.595449057435,"BASIC_EPS":0.837,"DILUTED_EPS":0.814,"OPERATE_INCOME":6354875000,"OPERATE_INCOME_YOY":19.3379776219,"GROSS_PROFIT":4737986000,"GROSS_PROFIT_YOY":21.168303219332,"HOLDER_PROFIT":564018000,"HOLDER_PROFIT_YOY":24.551826481,"GROSS_PROFIT_RATIO":74.556714333484,"EPS_TTM":0.801104813273,"OPERATE_INCOME_QOQ":-0.707141554715,"NET_PROFIT_RATIO":8.8460591278,"ROE_AVG":15.253077392699,"GROSS_PROFIT_QOQ":0.886131203461,"ROA":9.418071901678,"HOLDER_PROFIT_QOQ":-6.15731458758,"ROE_YEARLY":15.253077392699,"ROIC_YEARLY":10.378458467204,"TOTAL_ASSETS":6231994000,"TOTAL_LIABILITIES":2298516000,"TAX_EBT":21.236220163537,"OCF_SALES":18.927122878105,"TOTAL_PARENT_EQUITY":3939477000,"DEBT_ASSET_RATIO":36.8825130448,"OPERATE_PROFIT":754008000,"PRETAX_PROFIT":713724000,"NETCASH_OPERATE":1202795000,"NETCASH_INVEST":-485578000,"NETCASH_FINANCE":-818636000,"END_CASH":509326000,"DIVI_RATIO":0.791848943472,"DIVIDEND_RATE":8.215962441315,"CURRENT_RATIO":1.601015775797,"COMMON_ACS":1500000000,"CURRENTDEBT_DEBT":71.090303482769,"ISSUED_COMMON_SHARES":704050195,"HK_COMMON_SHARES":704050195,"PER_SHARES":500,"TOTAL_MARKET_CAP":5998507661.4,"HKSK_MARKET_CAP":5998507661.4,"PE_TTM":8.026611226968,"PB_TTM":1.23580566771,"REPORT_DATE_SQ":"2020-12-31 00:00:00","REPORT_TYPE_SQ":"2020年年报","OPERATE_INCOME_SQ":5325107000,"DPS_HKD":0.7,"OPERATE_INCOME_QOQ_SQ":10.609628556444,"NET_PROFIT_RATIO_SQ":8.2509891351,"HOLDER_PROFIT_SQ":452838000,"HOLDER_PROFIT_QOQ_SQ":17.235969367942,"ROE_AVG_SQ":13.72872877425,"PE_TTM_SQ":15.791296512448,"PB_TTM_SQ":2.11257246169,"ROA_SQ":8.04493057788,"START_DATE":"2021-01-01 00:00:00","FISCAL_YEAR":"12-31","CURRENCY":"HKD","IS_CNY_CODE":0,"DPS_HKD_LY":0.38,"ORG_TYPE":"一般企业","PREMIUM_INCOME":null,"PREMIUM_INCOME_YOY":null,"NET_INTEREST_INCOME":null,"NET_INTEREST_INCOME_YOY":null,"FEE_COMMISSION_INCOME":null,"FEE_COMMISSION_INCOME_YOY":null,"ACCOUNTS_RECE_TDAYS":9.990677280627,"INVENTORY_TDAYS":1.982539701029,"CURRENT_ASSETS_TDAYS":2.528993963923,"TOTAL_ASSETS_TDAYS":1.061148220025,"PREMIUM_EXPENSE":null,"LOAN_DEPOSIT":null,"LOAN_EQUITY":null,"LOAN_ASSETS":null,"DEPOSIT_EQUITY":null,"DEPOSIT_ASSETS":null,"EQUITY_MULTIPLIER":1.584346982493,"EQUITY_RATIO":0.583457144184},{"SECUCODE":"03709.HK","SECURITY_CODE":"03709","SECURITY_NAME_ABBR":"赢家时尚","ORG_CODE":"10400412","STD_REPORT_DATE":"2021-06-30 00:00:00","REPORT_DATE":"2021-06-30 00:00:00","DATE_TYPE_CODE":"002","REPORT_TYPE":"2021年中报","PER_NETCASH_OPERATE":1.095879250484,"PER_OI":4.372380011911,"BPS":5.194283058185,"BASIC_EPS":0.418,"DILUTED_EPS":0.407,"OPERATE_INCOME":3078375000,"OPERATE_INCOME_YOY":53.6614439122,"GROSS_PROFIT":2262198000,"GROSS_PROFIT_YOY":53.257140534388,"HOLDER_PROFIT":279584000,"HOLDER_PROFIT_YOY":112.7780695145,"GROSS_PROFIT_RATIO":73.486758435863,"EPS_TTM":0.853667826908,"OPERATE_INCOME_QOQ":20.187876037045,"NET_PROFIT_RATIO":9.0871644943,"ROE_AVG":7.861185341143,"GROSS_PROFIT_QOQ":20.104023986178,"ROA":4.824983801468,"HOLDER_PROFIT_QOQ":32.724064676551,"ROE_YEARLY":15.722370682287,"ROIC_YEARLY":10.735372889328,"TOTAL_ASSETS":5843651000,"TOTAL_LIABILITIES":2165448000,"TAX_EBT":15.733237741215,"OCF_SALES":25.063678076908,"TOTAL_PARENT_EQUITY":3657036000,"DEBT_ASSET_RATIO":37.0564224318,"OPERATE_PROFIT":350972000,"PRETAX_PROFIT":331966000,"NETCASH_OPERATE":771554000,"NETCASH_INVEST":-444599000,"NETCASH_FINANCE":-367278000,"END_CASH":545530000,"DIVI_RATIO":0.743092312964,"DIVIDEND_RATE":8.215962441315,"CURRENT_RATIO":1.481153264409,"COMMON_ACS":1500000000,"CURRENTDEBT_DEBT":80.083797902328,"ISSUED_COMMON_SHARES":704050195,"HK_COMMON_SHARES":704050195,"PER_SHARES":500,"TOTAL_MARKET_CAP":5998507661.4,"HKSK_MARKET_CAP":5998507661.4,"PE_TTM":8.026611226968,"PB_TTM":1.23580566771,"REPORT_DATE_SQ":"2020-06-30 00:00:00","REPORT_TYPE_SQ":"2020年中报","OPERATE_INCOME_SQ":2003349000,"DPS_HKD":0.7,"OPERATE_INCOME_QOQ_SQ":16.051987009033,"NET_PROFIT_RATIO_SQ":5.9618169375,"HOLDER_PROFIT_SQ":131397000,"HOLDER_PROFIT_QOQ_SQ":-4.769160219523,"ROE_AVG_SQ":4.07188497561,"PE_TTM_SQ":15.791296512448,"PB_TTM_SQ":2.11257246169,"ROA_SQ":2.330516873088,"START_DATE":"2021-01-01 00:00:00","FISCAL_YEAR":"12-31","CURRENCY":"HKD","IS_CNY_CODE":0,"DPS_HKD_LY":0.38,"ORG_TYPE":"一般企业","PREMIUM_INCOME":null,"PREMIUM_INCOME_YOY":null,"NET_INTEREST_INCOME":null,"NET_INTEREST_INCOME_YOY":null,"FEE_COMMISSION_INCOME":null,"FEE_COMMISSION_INCOME_YOY":null,"ACCOUNTS_RECE_TDAYS":5.225697863123,"INVENTORY_TDAYS":1.212065455161,"CURRENT_ASSETS_TDAYS":1.236768033401,"TOTAL_ASSETS_TDAYS":0.531257493628,"PREMIUM_EXPENSE":null,"LOAN_DEPOSIT":null,"LOAN_EQUITY":null,"LOAN_ASSETS":null,"DEPOSIT_EQUITY":null,"DEPOSIT_ASSETS":null,"EQUITY_MULTIPLIER":1.588724439625,"EQUITY_RATIO":0.592131988857},{"SECUCODE":"03709.HK","SECURITY_CODE":"03709","SECURITY_NAME_ABBR":"赢家时尚","ORG_CODE":"10400412","STD_REPORT_DATE":"2020-12-31 00:00:00","REPORT_DATE":"2020-12-31 00:00:00","DATE_TYPE_CODE":"001","REPORT_TYPE":"2020年年报","PER_NETCASH_OPERATE":2.067610534729,"PER_OI":7.773309224443,"BPS":4.908723873019,"BASIC_EPS":0.674,"DILUTED_EPS":0.662,"OPERATE_INCOME":5325107000,"OPERATE_INCOME_YOY":28.3646717631,"GROSS_PROFIT":3910252000,"GROSS_PROFIT_YOY":29.855899129391,"HOLDER_PROFIT":452838000,"HOLDER_PROFIT_YOY":11.6447981539,"GROSS_PROFIT_RATIO":73.430486936694,"EPS_TTM":0.6610289338,"OPERATE_INCOME_QOQ":10.609628556444,"NET_PROFIT_RATIO":8.2509891351,"ROE_AVG":13.72872877425,"GROSS_PROFIT_QOQ":11.081529156028,"ROA":8.04493057788,"HOLDER_PROFIT_QOQ":17.235969367942,"ROE_YEARLY":13.72872877425,"ROIC_YEARLY":9.124436860639,"TOTAL_ASSETS":5745362000,"TOTAL_LIABILITIES":2267287000,"TAX_EBT":16.48247624913,"OCF_SALES":26.59884580723,"TOTAL_PARENT_EQUITY":3455988000,"DEBT_ASSET_RATIO":39.4629093867,"OPERATE_PROFIT":578367000,"PRETAX_PROFIT":526086000,"NETCASH_OPERATE":1416417000,"NETCASH_INVEST":-812987000,"NETCASH_FINANCE":-718725000,"END_CASH":582929000,"DIVI_RATIO":0.959646344607,"DIVIDEND_RATE":8.215962441315,"CURRENT_RATIO":1.427385793793,"COMMON_ACS":1500000000,"CURRENTDEBT_DEBT":74.453079826242,"ISSUED_COMMON_SHARES":704050195,"HK_COMMON_SHARES":704050195,"PER_SHARES":500,"TOTAL_MARKET_CAP":5998507661.4,"HKSK_MARKET_CAP":5998507661.4,"PE_TTM":8.026611226968,"PB_TTM":1.23580566771,"REPORT_DATE_SQ":"2019-12-31 00:00:00","REPORT_TYPE_SQ":"2019年年报","OPERATE_INCOME_SQ":4148421000,"DPS_HKD":0.7,"OPERATE_INCOME_QOQ_SQ":56.620016407944,"NET_PROFIT_RATIO_SQ":9.4956852258,"HOLDER_PROFIT_SQ":405606000,"HOLDER_PROFIT_QOQ_SQ":39.569597951908,"ROE_AVG_SQ":18.607158282598,"PE_TTM_SQ":15.791296512448,"PB_TTM_SQ":2.11257246169,"ROA_SQ":11.162439716562,"START_DATE":"2020-01-01 00:00:00","FISCAL_YEAR":"12-31","CURRENCY":"HKD","IS_CNY_CODE":0,"DPS_HKD_LY":0.32,"ORG_TYPE":"一般企业","PREMIUM_INCOME":null,"PREMIUM_INCOME_YOY":null,"NET_INTEREST_INCOME":null,"NET_INTEREST_INCOME_YOY":null,"FEE_COMMISSION_INCOME":null,"FEE_COMMISSION_INCOME_YOY":null,"ACCOUNTS_RECE_TDAYS":8.214499804861,"INVENTORY_TDAYS":2.125796973847,"CURRENT_ASSETS_TDAYS":2.34516166537,"TOTAL_ASSETS_TDAYS":0.946036245518,"PREMIUM_EXPENSE":null,"LOAN_DEPOSIT":null,"LOAN_EQUITY":null,"LOAN_ASSETS":null,"DEPOSIT_EQUITY":null,"DEPOSIT_ASSETS":null,"EQUITY_MULTIPLIER":1.651879847328,"EQUITY_RATIO":0.656045970067},{"SECUCODE":"03709.HK","SECURITY_CODE":"03709","SECURITY_NAME_ABBR":"赢家时尚","ORG_CODE":"10400412","STD_REPORT_DATE":"2020-06-30 00:00:00","REPORT_DATE":"2020-06-30 00:00:00","DATE_TYPE_CODE":"002","REPORT_TYPE":"2020年中报","PER_NETCASH_OPERATE":0.925155564696,"PER_OI":2.924382789206,"BPS":4.705508248599,"BASIC_EPS":0.1918,"DILUTED_EPS":0.1909,"OPERATE_INCOME":2003349000,"OPERATE_INCOME_YOY":49.7892623622,"GROSS_PROFIT":1476080000,"GROSS_PROFIT_YOY":52.623198296007,"HOLDER_PROFIT":131397000,"HOLDER_PROFIT_YOY":-12.8326069218,"GROSS_PROFIT_RATIO":73.680621798798,"EPS_TTM":0.563844814321,"OPERATE_INCOME_QOQ":16.051987009033,"NET_PROFIT_RATIO":5.9618169375,"ROE_AVG":4.07188497561,"GROSS_PROFIT_QOQ":16.901432772853,"ROA":2.330516873088,"HOLDER_PROFIT_QOQ":-4.769160219523,"ROE_YEARLY":8.14376995122,"ROIC_YEARLY":5.25961801052,"TOTAL_ASSETS":5763850000,"TOTAL_LIABILITIES":2427346000,"TAX_EBT":-4.139019435168,"OCF_SALES":31.635925642512,"TOTAL_PARENT_EQUITY":3312914000,"DEBT_ASSET_RATIO":42.1132749811,"OPERATE_PROFIT":136170000,"PRETAX_PROFIT":114689000,"NETCASH_OPERATE":633778000,"NETCASH_INVEST":-785107000,"NETCASH_FINANCE":-2237000,"END_CASH":532850000,"DIVI_RATIO":1.125050694604,"DIVIDEND_RATE":8.215962441315,"CURRENT_RATIO":1.290361881301,"COMMON_ACS":1500000000,"CURRENTDEBT_DEBT":76.928670243138,"ISSUED_COMMON_SHARES":704050195,"HK_COMMON_SHARES":704050195,"PER_SHARES":500,"TOTAL_MARKET_CAP":5998507661.4,"HKSK_MARKET_CAP":5998507661.4,"PE_TTM":8.026611226968,"PB_TTM":1.23580566771,"REPORT_DATE_SQ":"2019-06-30 00:00:00","REPORT_TYPE_SQ":"2019年中报","OPERATE_INCOME_SQ":1337445000,"DPS_HKD":0.7,"OPERATE_INCOME_QOQ_SQ":5.070042278451,"NET_PROFIT_RATIO_SQ":10.962170407,"HOLDER_PROFIT_SQ":150741000,"HOLDER_PROFIT_QOQ_SQ":6.545338558948,"ROE_AVG_SQ":12.298279851319,"PE_TTM_SQ":15.791296512448,"PB_TTM_SQ":2.11257246169,"ROA_SQ":7.880539055826,"START_DATE":"2020-01-01 00:00:00","FISCAL_YEAR":"12-31","CURRENCY":"HKD","IS_CNY_CODE":0,"DPS_HKD_LY":0.32,"ORG_TYPE":"一般企业","PREMIUM_INCOME":null,"PREMIUM_INCOME_YOY":null,"NET_INTEREST_INCOME":null,"NET_INTEREST_INCOME_YOY":null,"FEE_COMMISSION_INCOME":null,"FEE_COMMISSION_INCOME_YOY":null,"ACCOUNTS_RECE_TDAYS":3.68593672811,"INVENTORY_TDAYS":0.823725244219,"CURRENT_ASSETS_TDAYS":0.882268113017,"TOTAL_ASSETS_TDAYS":0.355323077938,"PREMIUM_EXPENSE":null,"LOAN_DEPOSIT":null,"LOAN_EQUITY":null,"LOAN_ASSETS":null,"DEPOSIT_EQUITY":null,"DEPOSIT_ASSETS":null,"EQUITY_MULTIPLIER":1.727511790784,"EQUITY_RATIO":0.732692125422}],"count":25},"success":true,"message":"ok","code":0}