{"version":"339c5a7abfbda7784c16f7c31020518b","result":{"pages":2,"data":[{"SECUCODE":"03700.HK","SECURITY_CODE":"03700","SECURITY_NAME_ABBR":"映宇宙","ORG_CODE":"10920799","STD_REPORT_DATE":"2024-06-30 00:00:00","REPORT_DATE":"2024-06-30 00:00:00","DATE_TYPE_CODE":"002","REPORT_TYPE":"2024年中报","PER_NETCASH_OPERATE":0.0686451517,"PER_OI":1.823627752469,"BPS":2.233407245223,"BASIC_EPS":0.06,"DILUTED_EPS":0.06,"OPERATE_INCOME":3533173000,"OPERATE_INCOME_YOY":13.0220777322,"GROSS_PROFIT":1659959000,"GROSS_PROFIT_YOY":24.753980576979,"HOLDER_PROFIT":120599000,"HOLDER_PROFIT_YOY":-36.6432185092,"GROSS_PROFIT_RATIO":46.982103621872,"EPS_TTM":0.163503733273,"OPERATE_INCOME_QOQ":5.947328098401,"NET_PROFIT_RATIO":3.8241829653,"ROE_AVG":2.806837475548,"GROSS_PROFIT_QOQ":11.625890941333,"ROA":2.308007051919,"HOLDER_PROFIT_QOQ":-18.045217823242,"ROE_YEARLY":5.613674951095,"ROIC_YEARLY":8.50701075906,"TOTAL_ASSETS":5304779000,"TOTAL_LIABILITIES":947150000,"TAX_EBT":13.348382917867,"OCF_SALES":3.76420854569,"TOTAL_PARENT_EQUITY":4327097000,"DEBT_ASSET_RATIO":17.8546552081,"OPERATE_PROFIT":136687000,"PRETAX_PROFIT":155929000,"NETCASH_OPERATE":132996000,"NETCASH_INVEST":-466346000,"NETCASH_FINANCE":-16766000,"END_CASH":2009154000,"DIVI_RATIO":0.22835114069,"DIVIDEND_RATE":2.227027027027,"CURRENT_RATIO":4.577630705518,"COMMON_ACS":50000000000,"CURRENTDEBT_DEBT":95.908462228792,"ISSUED_COMMON_SHARES":1937442000,"HK_COMMON_SHARES":1937442000,"PER_SHARES":1000,"TOTAL_MARKET_CAP":3584267700,"HKSK_MARKET_CAP":3584267700,"PE_TTM":10.176526425774,"PB_TTM":0.756000950391,"REPORT_DATE_SQ":"2023-06-30 00:00:00","REPORT_TYPE_SQ":"2023年中报","OPERATE_INCOME_SQ":3126091000,"DPS_HKD":0.0412,"OPERATE_INCOME_QOQ_SQ":-14.796257382716,"NET_PROFIT_RATIO_SQ":6.1605372332,"HOLDER_PROFIT_SQ":190349000,"HOLDER_PROFIT_QOQ_SQ":180.771939964239,"ROE_AVG_SQ":4.793628608304,"PE_TTM_SQ":9.103893876522,"PB_TTM_SQ":0.305999247261,"ROA_SQ":3.957229268017,"START_DATE":"2024-01-01 00:00:00","FISCAL_YEAR":"12-31","CURRENCY":"HKD","IS_CNY_CODE":0,"DPS_HKD_LY":0.0412,"ORG_TYPE":"一般企业","PREMIUM_INCOME":null,"PREMIUM_INCOME_YOY":null,"NET_INTEREST_INCOME":null,"NET_INTEREST_INCOME_YOY":null,"FEE_COMMISSION_INCOME":null,"FEE_COMMISSION_INCOME_YOY":null,"ACCOUNTS_RECE_TDAYS":36.745131482473,"INVENTORY_TDAYS":180.212035210929,"CURRENT_ASSETS_TDAYS":0.868392396322,"TOTAL_ASSETS_TDAYS":0.676173782507,"PREMIUM_EXPENSE":null,"LOAN_DEPOSIT":null,"LOAN_EQUITY":null,"LOAN_ASSETS":null,"DEPOSIT_EQUITY":null,"DEPOSIT_ASSETS":null,"EQUITY_MULTIPLIER":1.217354437471,"EQUITY_RATIO":0.21888809056},{"SECUCODE":"03700.HK","SECURITY_CODE":"03700","SECURITY_NAME_ABBR":"映宇宙","ORG_CODE":"10920799","STD_REPORT_DATE":"2023-12-31 00:00:00","REPORT_DATE":"2023-12-31 00:00:00","DATE_TYPE_CODE":"001","REPORT_TYPE":"2023年年报","PER_NETCASH_OPERATE":0.209955089627,"PER_OI":3.531326597207,"BPS":2.201941012944,"BASIC_EPS":0.21,"DILUTED_EPS":0.21,"OPERATE_INCOME":6844788000,"OPERATE_INCOME_YOY":8.3152446283,"GROSS_PROFIT":2833099000,"GROSS_PROFIT_YOY":11.254973508654,"HOLDER_PROFIT":386529000,"HOLDER_PROFIT_YOY":332.7072082649,"GROSS_PROFIT_RATIO":41.390602601571,"EPS_TTM":0.199415984584,"OPERATE_INCOME_QOQ":27.124984538374,"NET_PROFIT_RATIO":5.8520147008,"ROE_AVG":9.520670805939,"GROSS_PROFIT_QOQ":31.829192933867,"ROA":7.883260626843,"HOLDER_PROFIT_QOQ":188.104022718633,"ROE_YEARLY":9.520670805939,"ROIC_YEARLY":13.81321820442,"TOTAL_ASSETS":5145709000,"TOTAL_LIABILITIES":863866000,"TAX_EBT":16.645406172549,"OCF_SALES":5.945501891366,"TOTAL_PARENT_EQUITY":4266133000,"DEBT_ASSET_RATIO":16.788084985,"OPERATE_PROFIT":424160000,"PRETAX_PROFIT":480547000,"NETCASH_OPERATE":406957000,"NETCASH_INVEST":354282000,"NETCASH_FINANCE":-27098000,"END_CASH":2362290000,"DIVI_RATIO":0.187228040309,"DIVIDEND_RATE":2.102040816327,"CURRENT_RATIO":4.857374627667,"COMMON_ACS":50000000000,"CURRENTDEBT_DEBT":94.8248918235,"ISSUED_COMMON_SHARES":1937442000,"HK_COMMON_SHARES":1937442000,"PER_SHARES":1000,"TOTAL_MARKET_CAP":3797386320,"HKSK_MARKET_CAP":3797386320,"PE_TTM":10.781617186226,"PB_TTM":0.800952358253,"REPORT_DATE_SQ":"2022-12-31 00:00:00","REPORT_TYPE_SQ":"2022年年报","OPERATE_INCOME_SQ":6319321000,"DPS_HKD":0.0412,"OPERATE_INCOME_QOQ_SQ":-31.345294441913,"NET_PROFIT_RATIO_SQ":-2.6657769086,"HOLDER_PROFIT_SQ":-166101000,"HOLDER_PROFIT_QOQ_SQ":-191.069137562366,"ROE_AVG_SQ":-4.268049359013,"PE_TTM_SQ":11.965117666287,"PB_TTM_SQ":0.402170439258,"ROA_SQ":-3.355912704771,"START_DATE":"2023-01-01 00:00:00","FISCAL_YEAR":"12-31","CURRENCY":"HKD","IS_CNY_CODE":0,"DPS_HKD_LY":null,"ORG_TYPE":"一般企业","PREMIUM_INCOME":null,"PREMIUM_INCOME_YOY":null,"NET_INTEREST_INCOME":null,"NET_INTEREST_INCOME_YOY":null,"FEE_COMMISSION_INCOME":null,"FEE_COMMISSION_INCOME_YOY":null,"ACCOUNTS_RECE_TDAYS":113.133251793329,"INVENTORY_TDAYS":330.003619462839,"CURRENT_ASSETS_TDAYS":1.82729071801,"TOTAL_ASSETS_TDAYS":1.395994808656,"PREMIUM_EXPENSE":null,"LOAN_DEPOSIT":null,"LOAN_EQUITY":null,"LOAN_ASSETS":null,"DEPOSIT_EQUITY":null,"DEPOSIT_ASSETS":null,"EQUITY_MULTIPLIER":1.201750974989,"EQUITY_RATIO":0.20249392131},{"SECUCODE":"03700.HK","SECURITY_CODE":"03700","SECURITY_NAME_ABBR":"映宇宙","ORG_CODE":"10920799","STD_REPORT_DATE":"2023-06-30 00:00:00","REPORT_DATE":"2023-06-30 00:00:00","DATE_TYPE_CODE":"002","REPORT_TYPE":"2023年中报","PER_NETCASH_OPERATE":0.083735531818,"PER_OI":1.612796231759,"BPS":2.110049229861,"BASIC_EPS":0.1,"DILUTED_EPS":0.1,"OPERATE_INCOME":3126091000,"OPERATE_INCOME_YOY":-23.0238057833,"GROSS_PROFIT":1330586000,"GROSS_PROFIT_YOY":-22.998940978351,"HOLDER_PROFIT":190349000,"HOLDER_PROFIT_YOY":273.1783651003,"GROSS_PROFIT_RATIO":42.563892093992,"EPS_TTM":0.069216660949,"OPERATE_INCOME_QOQ":-14.796257382716,"NET_PROFIT_RATIO":6.1605372332,"ROE_AVG":4.793628608304,"GROSS_PROFIT_QOQ":-15.60672485914,"ROA":3.957229268017,"HOLDER_PROFIT_QOQ":180.771939964239,"ROE_YEARLY":9.587257216608,"ROIC_YEARLY":12.444527255848,"TOTAL_ASSETS":4959703000,"TOTAL_LIABILITIES":865107000,"TAX_EBT":15.271343408346,"OCF_SALES":5.191947387328,"TOTAL_PARENT_EQUITY":4088098000,"DEBT_ASSET_RATIO":17.4427178402,"OPERATE_PROFIT":201967000,"PRETAX_PROFIT":227295000,"NETCASH_OPERATE":162305000,"NETCASH_INVEST":-93324000,"NETCASH_FINANCE":-3222000,"END_CASH":1717485000,"DIVI_RATIO":0.539411515787,"DIVIDEND_RATE":2.102040816327,"CURRENT_RATIO":4.688951135257,"COMMON_ACS":50000000000,"CURRENTDEBT_DEBT":95.533269295012,"ISSUED_COMMON_SHARES":1937442000,"HK_COMMON_SHARES":1937442000,"PER_SHARES":1000,"TOTAL_MARKET_CAP":3797386320,"HKSK_MARKET_CAP":3797386320,"PE_TTM":10.781617186226,"PB_TTM":0.800952358253,"REPORT_DATE_SQ":"2022-06-30 00:00:00","REPORT_TYPE_SQ":"2022年中报","OPERATE_INCOME_SQ":4061114000,"DPS_HKD":0.0412,"OPERATE_INCOME_QOQ_SQ":0.314998645864,"NET_PROFIT_RATIO_SQ":-2.7349146072,"HOLDER_PROFIT_SQ":-109915000,"HOLDER_PROFIT_QOQ_SQ":-56.090914124623,"ROE_AVG_SQ":-2.817254108298,"PE_TTM_SQ":11.965117666287,"PB_TTM_SQ":0.402170439258,"ROA_SQ":-2.171897115525,"START_DATE":"2023-01-01 00:00:00","FISCAL_YEAR":"12-31","CURRENCY":"HKD","IS_CNY_CODE":0,"DPS_HKD_LY":null,"ORG_TYPE":"一般企业","PREMIUM_INCOME":null,"PREMIUM_INCOME_YOY":null,"NET_INTEREST_INCOME":null,"NET_INTEREST_INCOME_YOY":null,"FEE_COMMISSION_INCOME":null,"FEE_COMMISSION_INCOME_YOY":null,"ACCOUNTS_RECE_TDAYS":51.194939611054,"INVENTORY_TDAYS":138.435235158057,"CURRENT_ASSETS_TDAYS":0.846259370405,"TOTAL_ASSETS_TDAYS":0.649893553404,"PREMIUM_EXPENSE":null,"LOAN_DEPOSIT":null,"LOAN_EQUITY":null,"LOAN_ASSETS":null,"DEPOSIT_EQUITY":null,"DEPOSIT_ASSETS":null,"EQUITY_MULTIPLIER":1.211280184908,"EQUITY_RATIO":0.211616013119},{"SECUCODE":"03700.HK","SECURITY_CODE":"03700","SECURITY_NAME_ABBR":"映宇宙","ORG_CODE":"10920799","STD_REPORT_DATE":"2022-12-31 00:00:00","REPORT_DATE":"2022-12-31 00:00:00","DATE_TYPE_CODE":"001","REPORT_TYPE":"2022年年报","PER_NETCASH_OPERATE":0.118585568319,"PER_OI":3.260230459087,"BPS":1.989041220331,"BASIC_EPS":-0.09,"DILUTED_EPS":-0.09,"OPERATE_INCOME":6319321000,"OPERATE_INCOME_YOY":-31.1290330491,"GROSS_PROFIT":2546492000,"GROSS_PROFIT_YOY":-22.95262562483,"HOLDER_PROFIT":-166101000,"HOLDER_PROFIT_YOY":-139.9876258182,"GROSS_PROFIT_RATIO":40.296924305634,"EPS_TTM":-0.085693943936,"OPERATE_INCOME_QOQ":-31.345294441913,"NET_PROFIT_RATIO":-2.6657769086,"ROE_AVG":-4.268049359013,"GROSS_PROFIT_QOQ":-29.7791227285,"ROA":-3.355912704771,"HOLDER_PROFIT_QOQ":-191.069137562366,"ROE_YEARLY":-4.268049359013,"ROIC_YEARLY":-5.35735020152,"TOTAL_ASSETS":4660614000,"TOTAL_LIABILITIES":808172000,"TAX_EBT":-85.423385543362,"OCF_SALES":3.637336986046,"TOTAL_PARENT_EQUITY":3853652000,"DEBT_ASSET_RATIO":17.3404620078,"OPERATE_PROFIT":-46987000,"PRETAX_PROFIT":-90851000,"NETCASH_OPERATE":229855000,"NETCASH_INVEST":-513972000,"NETCASH_FINANCE":-69402000,"END_CASH":1634708000,"DIVI_RATIO":-0.435693145692,"DIVIDEND_RATE":2.102040816327,"CURRENT_RATIO":4.608031598528,"COMMON_ACS":50000000000,"CURRENTDEBT_DEBT":94.325712843306,"ISSUED_COMMON_SHARES":1937442000,"HK_COMMON_SHARES":1937442000,"PER_SHARES":1000,"TOTAL_MARKET_CAP":3797386320,"HKSK_MARKET_CAP":3797386320,"PE_TTM":10.781617186226,"PB_TTM":0.800952358253,"REPORT_DATE_SQ":"2021-12-31 00:00:00","REPORT_TYPE_SQ":"2021年年报","OPERATE_INCOME_SQ":9175595000,"DPS_HKD":0.0412,"OPERATE_INCOME_QOQ_SQ":35.352923691716,"NET_PROFIT_RATIO_SQ":4.7191381049,"HOLDER_PROFIT_SQ":415381000,"HOLDER_PROFIT_QOQ_SQ":70.435792332911,"ROE_AVG_SQ":11.158964081617,"PE_TTM_SQ":11.965117666287,"PB_TTM_SQ":0.402170439258,"ROA_SQ":8.384750481202,"START_DATE":"2022-01-01 00:00:00","FISCAL_YEAR":"12-31","CURRENCY":"HKD","IS_CNY_CODE":0,"DPS_HKD_LY":null,"ORG_TYPE":"一般企业","PREMIUM_INCOME":null,"PREMIUM_INCOME_YOY":null,"NET_INTEREST_INCOME":null,"NET_INTEREST_INCOME_YOY":null,"FEE_COMMISSION_INCOME":null,"FEE_COMMISSION_INCOME_YOY":null,"ACCOUNTS_RECE_TDAYS":99.081531538594,"INVENTORY_TDAYS":285.993708308066,"CURRENT_ASSETS_TDAYS":1.797289981378,"TOTAL_ASSETS_TDAYS":1.276758696782,"PREMIUM_EXPENSE":null,"LOAN_DEPOSIT":null,"LOAN_EQUITY":null,"LOAN_ASSETS":null,"DEPOSIT_EQUITY":null,"DEPOSIT_ASSETS":null,"EQUITY_MULTIPLIER":1.209781743632,"EQUITY_RATIO":0.209715874708},{"SECUCODE":"03700.HK","SECURITY_CODE":"03700","SECURITY_NAME_ABBR":"映宇宙","ORG_CODE":"10920799","STD_REPORT_DATE":"2022-06-30 00:00:00","REPORT_DATE":"2022-06-30 00:00:00","DATE_TYPE_CODE":"002","REPORT_TYPE":"2022年中报","PER_NETCASH_OPERATE":0.196414392988,"PER_OI":2.095188321755,"BPS":1.999119457512,"BASIC_EPS":-0.06,"DILUTED_EPS":-0.06,"OPERATE_INCOME":4061114000,"OPERATE_INCOME_YOY":0.7168027665,"GROSS_PROFIT":1728010000,"GROSS_PROFIT_YOY":22.840877909101,"HOLDER_PROFIT":-109915000,"HOLDER_PROFIT_YOY":-189.3066072996,"GROSS_PROFIT_RATIO":42.550147570347,"EPS_TTM":0.094097678126,"OPERATE_INCOME_QOQ":0.314998645864,"NET_PROFIT_RATIO":-2.7349146072,"ROE_AVG":-2.817254108298,"GROSS_PROFIT_QOQ":9.721463714098,"ROA":-2.171897115525,"HOLDER_PROFIT_QOQ":-56.090914124623,"ROE_YEARLY":-5.634508216596,"ROIC_YEARLY":-7.485177251571,"TOTAL_ASSETS":4883174000,"TOTAL_LIABILITIES":1010001000,"TAX_EBT":-419.616374269006,"OCF_SALES":9.374545998955,"TOTAL_PARENT_EQUITY":3873178000,"DEBT_ASSET_RATIO":20.6832891885,"OPERATE_PROFIT":27245000,"PRETAX_PROFIT":-21375000,"NETCASH_OPERATE":380711000,"NETCASH_INVEST":-190957000,"NETCASH_FINANCE":-41274000,"END_CASH":2163185000,"DIVI_RATIO":0.3967819902,"DIVIDEND_RATE":2.102040816327,"CURRENT_RATIO":4.044323691359,"COMMON_ACS":50000000000,"CURRENTDEBT_DEBT":84.890708029002,"ISSUED_COMMON_SHARES":1937442000,"HK_COMMON_SHARES":1937442000,"PER_SHARES":1000,"TOTAL_MARKET_CAP":3797386320,"HKSK_MARKET_CAP":3797386320,"PE_TTM":10.781617186226,"PB_TTM":0.800952358253,"REPORT_DATE_SQ":"2021-06-30 00:00:00","REPORT_TYPE_SQ":"2021年中报","OPERATE_INCOME_SQ":4032211000,"DPS_HKD":0.0412,"OPERATE_INCOME_QOQ_SQ":36.965293043253,"NET_PROFIT_RATIO_SQ":3.5293539946,"HOLDER_PROFIT_SQ":123076000,"HOLDER_PROFIT_QOQ_SQ":25.688220065393,"ROE_AVG_SQ":3.439264328964,"PE_TTM_SQ":11.965117666287,"PB_TTM_SQ":0.402170439258,"ROA_SQ":2.605499925906,"START_DATE":"2022-01-01 00:00:00","FISCAL_YEAR":"12-31","CURRENCY":"HKD","IS_CNY_CODE":0,"DPS_HKD_LY":null,"ORG_TYPE":"一般企业","PREMIUM_INCOME":null,"PREMIUM_INCOME_YOY":null,"NET_INTEREST_INCOME":null,"NET_INTEREST_INCOME_YOY":null,"FEE_COMMISSION_INCOME":null,"FEE_COMMISSION_INCOME_YOY":null,"ACCOUNTS_RECE_TDAYS":81.715021580128,"INVENTORY_TDAYS":191.191018601983,"CURRENT_ASSETS_TDAYS":1.162497303875,"TOTAL_ASSETS_TDAYS":0.802467523306,"PREMIUM_EXPENSE":null,"LOAN_DEPOSIT":null,"LOAN_EQUITY":null,"LOAN_ASSETS":null,"DEPOSIT_EQUITY":null,"DEPOSIT_ASSETS":null,"EQUITY_MULTIPLIER":1.260768367433,"EQUITY_RATIO":0.260768030801},{"SECUCODE":"03700.HK","SECURITY_CODE":"03700","SECURITY_NAME_ABBR":"映宇宙","ORG_CODE":"10920799","STD_REPORT_DATE":"2021-12-31 00:00:00","REPORT_DATE":"2021-12-31 00:00:00","DATE_TYPE_CODE":"001","REPORT_TYPE":"2021年年报","PER_NETCASH_OPERATE":0.278572126145,"PER_OI":4.571896444167,"BPS":2.028349751889,"BASIC_EPS":0.22,"DILUTED_EPS":0.22,"OPERATE_INCOME":9175595000,"OPERATE_INCOME_YOY":85.386528577,"GROSS_PROFIT":3305099000,"GROSS_PROFIT_YOY":176.084067377531,"HOLDER_PROFIT":415381000,"HOLDER_PROFIT_YOY":114.2177137376,"GROSS_PROFIT_RATIO":36.020541447176,"EPS_TTM":0.206970656058,"OPERATE_INCOME_QOQ":35.352923691716,"NET_PROFIT_RATIO":4.7191381049,"ROE_AVG":11.158964081617,"GROSS_PROFIT_QOQ":55.930317040951,"ROA":8.384750481202,"HOLDER_PROFIT_QOQ":70.435792332911,"ROE_YEARLY":11.158964081617,"ROIC_YEARLY":13.609085544911,"TOTAL_ASSETS":5238392000,"TOTAL_LIABILITIES":1307244000,"TAX_EBT":8.517034914921,"OCF_SALES":6.093141643675,"TOTAL_PARENT_EQUITY":3929810000,"DEBT_ASSET_RATIO":24.9550625459,"OPERATE_PROFIT":457010000,"PRETAX_PROFIT":473322000,"NETCASH_OPERATE":559082000,"NETCASH_INVEST":129967000,"NETCASH_FINANCE":-52339000,"END_CASH":1993306000,"DIVI_RATIO":0.180393997444,"DIVIDEND_RATE":2.102040816327,"CURRENT_RATIO":3.101798349368,"COMMON_ACS":50000000000,"CURRENTDEBT_DEBT":86.792978204528,"ISSUED_COMMON_SHARES":1937442000,"HK_COMMON_SHARES":1937442000,"PER_SHARES":1000,"TOTAL_MARKET_CAP":3797386320,"HKSK_MARKET_CAP":3797386320,"PE_TTM":10.781617186226,"PB_TTM":0.800952358253,"REPORT_DATE_SQ":"2020-12-31 00:00:00","REPORT_TYPE_SQ":"2020年年报","OPERATE_INCOME_SQ":4949440000,"DPS_HKD":0.0412,"OPERATE_INCOME_QOQ_SQ":24.181875022267,"NET_PROFIT_RATIO_SQ":4.1055957846,"HOLDER_PROFIT_SQ":193906000,"HOLDER_PROFIT_QOQ_SQ":25.472204787079,"ROE_AVG_SQ":5.555919284933,"PE_TTM_SQ":11.965117666287,"PB_TTM_SQ":0.402170439258,"ROA_SQ":4.246988816025,"START_DATE":"2021-01-01 00:00:00","FISCAL_YEAR":"12-31","CURRENCY":"HKD","IS_CNY_CODE":0,"DPS_HKD_LY":null,"ORG_TYPE":"一般企业","PREMIUM_INCOME":null,"PREMIUM_INCOME_YOY":null,"NET_INTEREST_INCOME":null,"NET_INTEREST_INCOME_YOY":null,"FEE_COMMISSION_INCOME":null,"FEE_COMMISSION_INCOME_YOY":null,"ACCOUNTS_RECE_TDAYS":156.482651590733,"INVENTORY_TDAYS":492.57392179896,"CURRENT_ASSETS_TDAYS":2.708646738617,"TOTAL_ASSETS_TDAYS":1.852156805236,"PREMIUM_EXPENSE":null,"LOAN_DEPOSIT":null,"LOAN_EQUITY":null,"LOAN_ASSETS":null,"DEPOSIT_EQUITY":null,"DEPOSIT_ASSETS":null,"EQUITY_MULTIPLIER":1.33253492364,"EQUITY_RATIO":0.332648143294},{"SECUCODE":"03700.HK","SECURITY_CODE":"03700","SECURITY_NAME_ABBR":"映宇宙","ORG_CODE":"10920799","STD_REPORT_DATE":"2021-06-30 00:00:00","REPORT_DATE":"2021-06-30 00:00:00","DATE_TYPE_CODE":"002","REPORT_TYPE":"2021年中报","PER_NETCASH_OPERATE":0.003761916056,"PER_OI":2.009117788332,"BPS":1.879863758502,"BASIC_EPS":0.07,"DILUTED_EPS":0.07,"OPERATE_INCOME":4032211000,"OPERATE_INCOME_YOY":83.062975453,"GROSS_PROFIT":1406706000,"GROSS_PROFIT_YOY":190.497087194186,"HOLDER_PROFIT":123076000,"HOLDER_PROFIT_YOY":67.9874428445,"GROSS_PROFIT_RATIO":34.886715997749,"EPS_TTM":0.121436145087,"OPERATE_INCOME_QOQ":36.965293043253,"NET_PROFIT_RATIO":3.5293539946,"ROE_AVG":3.439264328964,"GROSS_PROFIT_QOQ":77.056054663843,"ROA":2.605499925906,"HOLDER_PROFIT_QOQ":25.688220065393,"ROE_YEARLY":6.878528657928,"ROIC_YEARLY":7.921039319443,"TOTAL_ASSETS":4777781000,"TOTAL_LIABILITIES":1132906000,"TAX_EBT":9.708590027472,"OCF_SALES":0.187242185491,"TOTAL_PARENT_EQUITY":3642127000,"DEBT_ASSET_RATIO":23.7119700547,"OPERATE_PROFIT":125858000,"PRETAX_PROFIT":157613000,"NETCASH_OPERATE":7550000,"NETCASH_INVEST":-233395000,"NETCASH_FINANCE":-37558000,"END_CASH":1093607000,"DIVI_RATIO":0.307455938865,"DIVIDEND_RATE":2.102040816327,"CURRENT_RATIO":3.036660016442,"COMMON_ACS":50000000000,"CURRENTDEBT_DEBT":84.283691674331,"ISSUED_COMMON_SHARES":1937442000,"HK_COMMON_SHARES":1937442000,"PER_SHARES":1000,"TOTAL_MARKET_CAP":3797386320,"HKSK_MARKET_CAP":3797386320,"PE_TTM":10.781617186226,"PB_TTM":0.800952358253,"REPORT_DATE_SQ":"2020-06-30 00:00:00","REPORT_TYPE_SQ":"2020年中报","OPERATE_INCOME_SQ":2202636000,"DPS_HKD":0.0412,"OPERATE_INCOME_QOQ_SQ":21.938166900357,"NET_PROFIT_RATIO_SQ":3.3246982252,"HOLDER_PROFIT_SQ":73265000,"HOLDER_PROFIT_QOQ_SQ":181.331464355931,"ROE_AVG_SQ":2.113683362645,"PE_TTM_SQ":11.965117666287,"PB_TTM_SQ":0.402170439258,"ROA_SQ":1.658990829074,"START_DATE":"2021-01-01 00:00:00","FISCAL_YEAR":"12-31","CURRENCY":"HKD","IS_CNY_CODE":0,"DPS_HKD_LY":null,"ORG_TYPE":"一般企业","PREMIUM_INCOME":null,"PREMIUM_INCOME_YOY":null,"NET_INTEREST_INCOME":null,"NET_INTEREST_INCOME_YOY":null,"FEE_COMMISSION_INCOME":null,"FEE_COMMISSION_INCOME_YOY":null,"ACCOUNTS_RECE_TDAYS":96.880407491501,"INVENTORY_TDAYS":225.947074010327,"CURRENT_ASSETS_TDAYS":1.310154367229,"TOTAL_ASSETS_TDAYS":0.853612845862,"PREMIUM_EXPENSE":null,"LOAN_DEPOSIT":null,"LOAN_EQUITY":null,"LOAN_ASSETS":null,"DEPOSIT_EQUITY":null,"DEPOSIT_ASSETS":null,"EQUITY_MULTIPLIER":1.310821633115,"EQUITY_RATIO":0.311056149333},{"SECUCODE":"03700.HK","SECURITY_CODE":"03700","SECURITY_NAME_ABBR":"映宇宙","ORG_CODE":"10920799","STD_REPORT_DATE":"2020-12-31 00:00:00","REPORT_DATE":"2020-12-31 00:00:00","DATE_TYPE_CODE":"001","REPORT_TYPE":"2020年年报","PER_NETCASH_OPERATE":0.076413733036,"PER_OI":2.466142755496,"BPS":1.814240116607,"BASIC_EPS":0.1,"DILUTED_EPS":0.1,"OPERATE_INCOME":4949440000,"OPERATE_INCOME_YOY":51.4251020246,"GROSS_PROFIT":1197135000,"GROSS_PROFIT_YOY":34.586219340681,"HOLDER_PROFIT":193906000,"HOLDER_PROFIT_YOY":252.9927910872,"GROSS_PROFIT_RATIO":24.187281793496,"EPS_TTM":0.096616966192,"OPERATE_INCOME_QOQ":24.181875022267,"NET_PROFIT_RATIO":4.1055957846,"ROE_AVG":5.555919284933,"GROSS_PROFIT_QOQ":26.955417903468,"ROA":4.246988816025,"HOLDER_PROFIT_QOQ":25.472204787079,"ROE_YEARLY":5.555919284933,"ROIC_YEARLY":5.869430551181,"TOTAL_ASSETS":4669619000,"TOTAL_LIABILITIES":1126066000,"TAX_EBT":4.768956790702,"OCF_SALES":3.09851215491,"TOTAL_PARENT_EQUITY":3514985000,"DEBT_ASSET_RATIO":24.1147297028,"OPERATE_PROFIT":54730000,"PRETAX_PROFIT":213380000,"NETCASH_OPERATE":153359000,"NETCASH_INVEST":777619000,"NETCASH_FINANCE":-159738000,"END_CASH":1360333000,"DIVI_RATIO":0.386435897045,"DIVIDEND_RATE":2.102040816327,"CURRENT_RATIO":3.355642774099,"COMMON_ACS":50000000000,"CURRENTDEBT_DEBT":86.161201918893,"ISSUED_COMMON_SHARES":1937442000,"HK_COMMON_SHARES":1937442000,"PER_SHARES":1000,"TOTAL_MARKET_CAP":3797386320,"HKSK_MARKET_CAP":3797386320,"PE_TTM":10.781617186226,"PB_TTM":0.800952358253,"REPORT_DATE_SQ":"2019-12-31 00:00:00","REPORT_TYPE_SQ":"2019年年报","OPERATE_INCOME_SQ":3268573000,"DPS_HKD":0.0412,"OPERATE_INCOME_QOQ_SQ":6.642625167293,"NET_PROFIT_RATIO_SQ":1.6148025453,"HOLDER_PROFIT_SQ":54932000,"HOLDER_PROFIT_QOQ_SQ":-53.106486145021,"ROE_AVG_SQ":1.583208285184,"PE_TTM_SQ":11.965117666287,"PB_TTM_SQ":0.402170439258,"ROA_SQ":1.266199759539,"START_DATE":"2020-01-01 00:00:00","FISCAL_YEAR":"12-31","CURRENCY":"HKD","IS_CNY_CODE":0,"DPS_HKD_LY":null,"ORG_TYPE":"一般企业","PREMIUM_INCOME":null,"PREMIUM_INCOME_YOY":null,"NET_INTEREST_INCOME":null,"NET_INTEREST_INCOME_YOY":null,"FEE_COMMISSION_INCOME":null,"FEE_COMMISSION_INCOME_YOY":null,"ACCOUNTS_RECE_TDAYS":133.294911328656,"INVENTORY_TDAYS":587.629003210399,"CURRENT_ASSETS_TDAYS":1.743942329934,"TOTAL_ASSETS_TDAYS":1.084041562695,"PREMIUM_EXPENSE":null,"LOAN_DEPOSIT":null,"LOAN_EQUITY":null,"LOAN_ASSETS":null,"DEPOSIT_EQUITY":null,"DEPOSIT_ASSETS":null,"EQUITY_MULTIPLIER":1.317778794335,"EQUITY_RATIO":0.320361537816},{"SECUCODE":"03700.HK","SECURITY_CODE":"03700","SECURITY_NAME_ABBR":"映宇宙","ORG_CODE":"10920799","STD_REPORT_DATE":"2020-06-30 00:00:00","REPORT_DATE":"2020-06-30 00:00:00","DATE_TYPE_CODE":"002","REPORT_TYPE":"2020年中报","PER_NETCASH_OPERATE":-0.007457562597,"PER_OI":1.097500891898,"BPS":1.789614347165,"BASIC_EPS":0.04,"DILUTED_EPS":0.04,"OPERATE_INCOME":2202636000,"OPERATE_INCOME_YOY":48.2686455242,"GROSS_PROFIT":484241000,"GROSS_PROFIT_YOY":12.41106187192,"HOLDER_PROFIT":73265000,"HOLDER_PROFIT_YOY":378.1088672943,"GROSS_PROFIT_RATIO":21.9846129819,"EPS_TTM":0.077002684663,"OPERATE_INCOME_QOQ":21.938166900357,"NET_PROFIT_RATIO":3.3246982252,"ROE_AVG":2.113683362645,"GROSS_PROFIT_QOQ":6.010615035756,"ROA":1.658990829074,"HOLDER_PROFIT_QOQ":181.331464355931,"ROE_YEARLY":4.22736672529,"ROIC_YEARLY":4.033073237313,"TOTAL_ASSETS":4370639000,"TOTAL_LIABILITIES":903365000,"TAX_EBT":6.91014021127,"OCF_SALES":-0.679504012465,"TOTAL_PARENT_EQUITY":3467274000,"DEBT_ASSET_RATIO":20.6689456622,"OPERATE_PROFIT":52270000,"PRETAX_PROFIT":78667000,"NETCASH_OPERATE":-14967000,"NETCASH_INVEST":288899000,"NETCASH_FINANCE":-100000000,"END_CASH":780821000,"DIVI_RATIO":0.484869640111,"DIVIDEND_RATE":2.102040816327,"CURRENT_RATIO":3.804498014586,"COMMON_ACS":50000000000,"CURRENTDEBT_DEBT":81.765067276239,"ISSUED_COMMON_SHARES":1937442000,"HK_COMMON_SHARES":1937442000,"PER_SHARES":1000,"TOTAL_MARKET_CAP":3797386320,"HKSK_MARKET_CAP":3797386320,"PE_TTM":10.781617186226,"PB_TTM":0.800952358253,"REPORT_DATE_SQ":"2019-06-30 00:00:00","REPORT_TYPE_SQ":"2019年中报","OPERATE_INCOME_SQ":1485571000,"DPS_HKD":0.0412,"OPERATE_INCOME_QOQ_SQ":-20.608621525242,"NET_PROFIT_RATIO_SQ":-1.8543038333,"HOLDER_PROFIT_SQ":-26344000,"HOLDER_PROFIT_QOQ_SQ":-89.375944916203,"ROE_AVG_SQ":-0.765623771653,"PE_TTM_SQ":11.965117666287,"PB_TTM_SQ":0.402170439258,"ROA_SQ":-0.618310936656,"START_DATE":"2020-01-01 00:00:00","FISCAL_YEAR":"12-31","CURRENCY":"HKD","IS_CNY_CODE":0,"DPS_HKD_LY":null,"ORG_TYPE":"一般企业","PREMIUM_INCOME":null,"PREMIUM_INCOME_YOY":null,"NET_INTEREST_INCOME":null,"NET_INTEREST_INCOME_YOY":null,"FEE_COMMISSION_INCOME":null,"FEE_COMMISSION_INCOME_YOY":null,"ACCOUNTS_RECE_TDAYS":79.508934050464,"INVENTORY_TDAYS":1632.67933491686,"CURRENT_ASSETS_TDAYS":0.84222094001,"TOTAL_ASSETS_TDAYS":0.498758332599,"PREMIUM_EXPENSE":null,"LOAN_DEPOSIT":null,"LOAN_EQUITY":null,"LOAN_ASSETS":null,"DEPOSIT_EQUITY":null,"DEPOSIT_ASSETS":null,"EQUITY_MULTIPLIER":1.260540413016,"EQUITY_RATIO":0.260540413016}],"count":16},"success":true,"message":"ok","code":0}