{"version":"1d03e511e2a69cd4cbe70ce04343fa49","result":{"pages":3,"data":[{"SECUCODE":"03708.HK","SECURITY_CODE":"03708","SECURITY_NAME_ABBR":"中国供应链产业","ORG_CODE":"10431007","STD_REPORT_DATE":"2023-12-31 00:00:00","REPORT_DATE":"2024-06-30 00:00:00","DATE_TYPE_CODE":"001","REPORT_TYPE":"2023年年报","PER_NETCASH_OPERATE":0.000747242474,"PER_OI":0.086293453486,"BPS":0.018195272667,"BASIC_EPS":0.000638876,"DILUTED_EPS":0.000638876,"OPERATE_INCOME":482725578.8,"OPERATE_INCOME_YOY":8.7446389434,"GROSS_PROFIT":30556526.4,"GROSS_PROFIT_YOY":24.100530536955,"HOLDER_PROFIT":3520206.76,"HOLDER_PROFIT_YOY":390.874811463,"GROSS_PROFIT_RATIO":6.329999432796,"EPS_TTM":-0.000458440967,"OPERATE_INCOME_QOQ":5.253758739885,"NET_PROFIT_RATIO":0.7350967083,"ROE_AVG":2.908912645889,"GROSS_PROFIT_QOQ":18.113264036005,"ROA":1.676814357044,"HOLDER_PROFIT_QOQ":-109.768782589585,"ROE_YEARLY":2.908912645889,"ROIC_YEARLY":2.347963718269,"TOTAL_ASSETS":213750568.68,"TOTAL_LIABILITIES":91075424.52,"TAX_EBT":-0.30959752322,"OCF_SALES":0.865931822049,"TOTAL_PARENT_EQUITY":122141226.36,"DEBT_ASSET_RATIO":42.6082723814,"OPERATE_PROFIT":3640680.52,"PRETAX_PROFIT":3537547.68,"NETCASH_OPERATE":4180074.4,"NETCASH_INVEST":-35714993.76,"NETCASH_FINANCE":-2167615,"END_CASH":42601164.36,"DIVI_RATIO":null,"DIVIDEND_RATE":null,"CURRENT_RATIO":2.237925659844,"COMMON_ACS":10000000000,"CURRENTDEBT_DEBT":97.083846916995,"ISSUED_COMMON_SHARES":6712800000,"HK_COMMON_SHARES":6712800000,"PER_SHARES":5000,"TOTAL_MARKET_CAP":127543200,"HKSK_MARKET_CAP":127543200,"PE_TTM":33.067980295567,"PB_TTM":0.953045349593,"REPORT_DATE_SQ":"2022-12-31 00:00:00","REPORT_TYPE_SQ":"2022年年报","OPERATE_INCOME_SQ":448430788.44,"DPS_HKD":null,"OPERATE_INCOME_QOQ_SQ":41.637237639943,"NET_PROFIT_RATIO_SQ":-0.2660482176,"HOLDER_PROFIT_SQ":-1222545.48,"HOLDER_PROFIT_QOQ_SQ":73.660550217147,"ROE_AVG_SQ":-1.004385665917,"PE_TTM_SQ":-295.309200603318,"PB_TTM_SQ":2.981013718236,"ROA_SQ":-0.581638896992,"START_DATE":"2023-07-01 00:00:00","FISCAL_YEAR":"6-30","CURRENCY":"HKD","IS_CNY_CODE":0,"DPS_HKD_LY":null,"ORG_TYPE":"一般企业","PREMIUM_INCOME":null,"PREMIUM_INCOME_YOY":null,"NET_INTEREST_INCOME":null,"NET_INTEREST_INCOME_YOY":null,"FEE_COMMISSION_INCOME":null,"FEE_COMMISSION_INCOME_YOY":null,"ACCOUNTS_RECE_TDAYS":8.100313959721,"INVENTORY_TDAYS":null,"CURRENT_ASSETS_TDAYS":2.417531686938,"TOTAL_ASSETS_TDAYS":2.299413745356,"PREMIUM_EXPENSE":null,"LOAN_DEPOSIT":null,"LOAN_EQUITY":null,"LOAN_ASSETS":null,"DEPOSIT_EQUITY":null,"DEPOSIT_ASSETS":null,"EQUITY_MULTIPLIER":1.74241139184,"EQUITY_RATIO":0.745656706046},{"SECUCODE":"03708.HK","SECURITY_CODE":"03708","SECURITY_NAME_ABBR":"中国供应链产业","ORG_CODE":"10431007","STD_REPORT_DATE":"2023-06-30 00:00:00","REPORT_DATE":"2023-12-31 00:00:00","DATE_TYPE_CODE":"002","REPORT_TYPE":"2023年中报","PER_NETCASH_OPERATE":-0.004207588856,"PER_OI":0.043662988548,"BPS":0.017404316357,"BASIC_EPS":-0.000362488,"DILUTED_EPS":-0.000362488,"OPERATE_INCOME":244250757.94,"OPERATE_INCOME_YOY":9.0937424108,"GROSS_PROFIT":15364960.1,"GROSS_PROFIT_YOY":40.897785561204,"HOLDER_PROFIT":-2207551.92,"HOLDER_PROFIT_YOY":-151.3931888545,"GROSS_PROFIT_RATIO":6.290649916335,"EPS_TTM":-0.000218545849,"OPERATE_INCOME_QOQ":24.415638516075,"NET_PROFIT_RATIO":-0.9034345353,"ROE_AVG":-1.871830336561,"GROSS_PROFIT_QOQ":41.463276275903,"ROA":-1.031600166005,"HOLDER_PROFIT_QOQ":51.121681300118,"ROE_YEARLY":-3.743660673121,"ROIC_YEARLY":-2.960613269892,"TOTAL_ASSETS":223327044.36,"TOTAL_LIABILITIES":105991491.2,"TAX_EBT":-0.329625051504,"OCF_SALES":-9.636511369918,"TOTAL_PARENT_EQUITY":116831694.84,"DEBT_ASSET_RATIO":47.4602131165,"OPERATE_PROFIT":-2141397.86,"PRETAX_PROFIT":-2199395.94,"NETCASH_OPERATE":-23537252.06,"NETCASH_INVEST":1741754.84,"NETCASH_FINANCE":-1079308.02,"END_CASH":52888811.64,"DIVI_RATIO":null,"DIVIDEND_RATE":null,"CURRENT_RATIO":2.093638751599,"COMMON_ACS":10000000000,"CURRENTDEBT_DEBT":98.950068399453,"ISSUED_COMMON_SHARES":6712800000,"HK_COMMON_SHARES":6712800000,"PER_SHARES":5000,"TOTAL_MARKET_CAP":107404800,"HKSK_MARKET_CAP":107404800,"PE_TTM":27.846720248898,"PB_TTM":0.802564504921,"REPORT_DATE_SQ":"2022-06-30 00:00:00","REPORT_TYPE_SQ":"2022年中报","OPERATE_INCOME_SQ":220691286.2,"DPS_HKD":null,"OPERATE_INCOME_QOQ_SQ":8.995330383809,"NET_PROFIT_RATIO_SQ":-0.3857362584,"HOLDER_PROFIT_SQ":-865578.63,"HOLDER_PROFIT_QOQ_SQ":31.702560138484,"ROE_AVG_SQ":-0.73298310508,"PE_TTM_SQ":-404.995475113122,"PB_TTM_SQ":4.088247385009,"ROA_SQ":-0.42428541404,"START_DATE":"2023-07-01 00:00:00","FISCAL_YEAR":"6-30","CURRENCY":"HKD","IS_CNY_CODE":0,"DPS_HKD_LY":null,"ORG_TYPE":"一般企业","PREMIUM_INCOME":null,"PREMIUM_INCOME_YOY":null,"NET_INTEREST_INCOME":null,"NET_INTEREST_INCOME_YOY":null,"FEE_COMMISSION_INCOME":null,"FEE_COMMISSION_INCOME_YOY":null,"ACCOUNTS_RECE_TDAYS":4.043642964841,"INVENTORY_TDAYS":null,"CURRENT_ASSETS_TDAYS":1.164125211908,"TOTAL_ASSETS_TDAYS":1.14139613277,"PREMIUM_EXPENSE":null,"LOAN_DEPOSIT":null,"LOAN_EQUITY":null,"LOAN_ASSETS":null,"DEPOSIT_EQUITY":null,"DEPOSIT_ASSETS":null,"EQUITY_MULTIPLIER":1.903319482847,"EQUITY_RATIO":0.907215215402},{"SECUCODE":"03708.HK","SECURITY_CODE":"03708","SECURITY_NAME_ABBR":"中国供应链产业","ORG_CODE":"10431007","STD_REPORT_DATE":"2022-12-31 00:00:00","REPORT_DATE":"2023-06-30 00:00:00","DATE_TYPE_CODE":"001","REPORT_TYPE":"2022年年报","PER_NETCASH_OPERATE":0.001419229492,"PER_OI":0.080162815238,"BPS":0.018041569664,"BASIC_EPS":-0.000184396,"DILUTED_EPS":-0.000184396,"OPERATE_INCOME":448430788.44,"OPERATE_INCOME_YOY":63.4532403113,"GROSS_PROFIT":24622397.88,"GROSS_PROFIT_YOY":145.286488444861,"HOLDER_PROFIT":-1222545.48,"HOLDER_PROFIT_YOY":88.0583573487,"GROSS_PROFIT_RATIO":5.490791113085,"EPS_TTM":-0.000447122272,"OPERATE_INCOME_QOQ":41.637237639943,"NET_PROFIT_RATIO":-0.2660482176,"ROE_AVG":-1.004385665917,"GROSS_PROFIT_QOQ":73.392342452515,"ROA":-0.581638896992,"HOLDER_PROFIT_QOQ":73.660550217147,"ROE_YEARLY":-1.004385665917,"ROIC_YEARLY":-0.843817414711,"TOTAL_ASSETS":208218119.24,"TOTAL_LIABILITIES":86525057.06,"TAX_EBT":-5.632653061224,"OCF_SALES":1.770433695603,"TOTAL_PARENT_EQUITY":121109448.84,"DEBT_ASSET_RATIO":41.5550084574,"OPERATE_PROFIT":-898930.5,"PRETAX_PROFIT":-1129425.5,"NETCASH_OPERATE":7939169.78,"NETCASH_INVEST":32871352.94,"NETCASH_FINANCE":-2294808.22,"END_CASH":77081215.92,"DIVI_RATIO":null,"DIVIDEND_RATE":null,"CURRENT_RATIO":2.375512488028,"COMMON_ACS":10000000000,"CURRENTDEBT_DEBT":99.021812098416,"ISSUED_COMMON_SHARES":6712800000,"HK_COMMON_SHARES":6712800000,"PER_SHARES":5000,"TOTAL_MARKET_CAP":107404800,"HKSK_MARKET_CAP":107404800,"PE_TTM":27.846720248898,"PB_TTM":0.802564504921,"REPORT_DATE_SQ":"2021-12-31 00:00:00","REPORT_TYPE_SQ":"2021年年报","OPERATE_INCOME_SQ":254473757.16,"DPS_HKD":null,"OPERATE_INCOME_QOQ_SQ":-12.132088191345,"NET_PROFIT_RATIO_SQ":-3.7467570002,"HOLDER_PROFIT_SQ":-9496029.76,"HOLDER_PROFIT_QOQ_SQ":-177.710658182741,"ROE_AVG_SQ":-8.032639833329,"PE_TTM_SQ":-404.995475113122,"PB_TTM_SQ":4.088247385009,"ROA_SQ":-4.685696683004,"START_DATE":"2022-07-01 00:00:00","FISCAL_YEAR":"6-30","CURRENCY":"HKD","IS_CNY_CODE":0,"DPS_HKD_LY":null,"ORG_TYPE":"一般企业","PREMIUM_INCOME":null,"PREMIUM_INCOME_YOY":null,"NET_INTEREST_INCOME":null,"NET_INTEREST_INCOME_YOY":null,"FEE_COMMISSION_INCOME":null,"FEE_COMMISSION_INCOME_YOY":null,"ACCOUNTS_RECE_TDAYS":6.14187307821,"INVENTORY_TDAYS":null,"CURRENT_ASSETS_TDAYS":2.192076798269,"TOTAL_ASSETS_TDAYS":2.133456737866,"PREMIUM_EXPENSE":null,"LOAN_DEPOSIT":null,"LOAN_EQUITY":null,"LOAN_ASSETS":null,"DEPOSIT_EQUITY":null,"DEPOSIT_ASSETS":null,"EQUITY_MULTIPLIER":1.711010599208,"EQUITY_RATIO":0.714436882413},{"SECUCODE":"03708.HK","SECURITY_CODE":"03708","SECURITY_NAME_ABBR":"中国供应链产业","ORG_CODE":"10431007","STD_REPORT_DATE":"2022-06-30 00:00:00","REPORT_DATE":"2022-12-31 00:00:00","DATE_TYPE_CODE":"002","REPORT_TYPE":"2022年中报","PER_NETCASH_OPERATE":-0.001828057733,"PER_OI":0.039451427637,"BPS":0.017527269999,"BASIC_EPS":-0.000178654,"DILUTED_EPS":-0.000178654,"OPERATE_INCOME":220691286.2,"OPERATE_INCOME_YOY":76.0539292535,"GROSS_PROFIT":10905040.16,"GROSS_PROFIT_YOY":208.247449116886,"HOLDER_PROFIT":-865578.63,"HOLDER_PROFIT_YOY":89.9209486166,"GROSS_PROFIT_RATIO":4.941309803287,"EPS_TTM":-0.001697538391,"OPERATE_INCOME_QOQ":8.995330383809,"NET_PROFIT_RATIO":-0.3857362584,"ROE_AVG":-0.73298310508,"GROSS_PROFIT_QOQ":-15.872621647238,"ROA":-0.42428541404,"HOLDER_PROFIT_QOQ":31.702560138484,"ROE_YEARLY":-1.46596621016,"ROIC_YEARLY":-1.093910957454,"TOTAL_ASSETS":202462325.31,"TOTAL_LIABILITIES":84254119.67,"TAX_EBT":4.317269076305,"OCF_SALES":-4.633692220513,"TOTAL_PARENT_EQUITY":117657058.05,"DEBT_ASSET_RATIO":41.6147150049,"OPERATE_PROFIT":-758386.23,"PRETAX_PROFIT":-889696.92,"NETCASH_OPERATE":-10226154.96,"NETCASH_INVEST":4672695.37,"NETCASH_FINANCE":-1086216.32,"END_CASH":30724914.92,"DIVI_RATIO":null,"DIVIDEND_RATE":null,"CURRENT_RATIO":2.378468487847,"COMMON_ACS":10000000000,"CURRENTDEBT_DEBT":98.578259348395,"ISSUED_COMMON_SHARES":6712800000,"HK_COMMON_SHARES":6712800000,"PER_SHARES":5000,"TOTAL_MARKET_CAP":107404800,"HKSK_MARKET_CAP":107404800,"PE_TTM":27.846720248898,"PB_TTM":0.802564504921,"REPORT_DATE_SQ":"2021-06-30 00:00:00","REPORT_TYPE_SQ":"2021年中报","OPERATE_INCOME_SQ":114735443.2,"DPS_HKD":null,"OPERATE_INCOME_QOQ_SQ":-15.232040807711,"NET_PROFIT_RATIO_SQ":-6.8772624918,"HOLDER_PROFIT_SQ":-7860406.4,"HOLDER_PROFIT_QOQ_SQ":50.687908660215,"ROE_AVG_SQ":-6.917492319094,"PE_TTM_SQ":-404.995475113122,"PB_TTM_SQ":4.088247385009,"ROA_SQ":-4.154019318307,"START_DATE":"2022-07-01 00:00:00","FISCAL_YEAR":"6-30","CURRENCY":"HKD","IS_CNY_CODE":0,"DPS_HKD_LY":null,"ORG_TYPE":"一般企业","PREMIUM_INCOME":null,"PREMIUM_INCOME_YOY":null,"NET_INTEREST_INCOME":null,"NET_INTEREST_INCOME_YOY":null,"FEE_COMMISSION_INCOME":null,"FEE_COMMISSION_INCOME_YOY":null,"ACCOUNTS_RECE_TDAYS":2.645238656074,"INVENTORY_TDAYS":null,"CURRENT_ASSETS_TDAYS":1.112492007313,"TOTAL_ASSETS_TDAYS":1.081774555135,"PREMIUM_EXPENSE":null,"LOAN_DEPOSIT":null,"LOAN_EQUITY":null,"LOAN_ASSETS":null,"DEPOSIT_EQUITY":null,"DEPOSIT_ASSETS":null,"EQUITY_MULTIPLIER":1.71276033008,"EQUITY_RATIO":0.716099153475},{"SECUCODE":"03708.HK","SECURITY_CODE":"03708","SECURITY_NAME_ABBR":"中国供应链产业","ORG_CODE":"10431007","STD_REPORT_DATE":"2021-12-31 00:00:00","REPORT_DATE":"2022-06-30 00:00:00","DATE_TYPE_CODE":"001","REPORT_TYPE":"2021年年报","PER_NETCASH_OPERATE":-0.003971879047,"PER_OI":0.045490482152,"BPS":0.016903532052,"BASIC_EPS":-0.00171038,"DILUTED_EPS":-0.00171038,"OPERATE_INCOME":254473757.16,"OPERATE_INCOME_YOY":-6.8161463063,"GROSS_PROFIT":10038220.22,"GROSS_PROFIT_YOY":-43.169358710979,"HOLDER_PROFIT":-9496029.76,"HOLDER_PROFIT_YOY":-84.5437925877,"GROSS_PROFIT_RATIO":3.94469761127,"EPS_TTM":-0.002485508087,"OPERATE_INCOME_QOQ":-12.132088191345,"NET_PROFIT_RATIO":-3.7467570002,"ROE_AVG":-8.032639833329,"GROSS_PROFIT_QOQ":-32.446912762787,"ROA":-4.685696683004,"HOLDER_PROFIT_QOQ":-177.710658182741,"ROE_YEARLY":-8.032639833329,"ROIC_YEARLY":-6.703593582565,"TOTAL_ASSETS":196792046.85,"TOTAL_LIABILITIES":82808047.7,"TAX_EBT":0.73896011396,"OCF_SALES":-8.731230928473,"TOTAL_PARENT_EQUITY":113470029.96,"DEBT_ASSET_RATIO":42.0789605197,"OPERATE_PROFIT":-9522540.65,"PRETAX_PROFIT":-9605494.08,"NETCASH_OPERATE":-22218691.39,"NETCASH_INVEST":27266022.77,"NETCASH_FINANCE":-1851486.35,"END_CASH":35771742.51,"DIVI_RATIO":null,"DIVIDEND_RATE":null,"CURRENT_RATIO":2.360926135702,"COMMON_ACS":10000000000,"CURRENTDEBT_DEBT":97.549313229371,"ISSUED_COMMON_SHARES":6712800000,"HK_COMMON_SHARES":6712800000,"PER_SHARES":5000,"TOTAL_MARKET_CAP":107404800,"HKSK_MARKET_CAP":107404800,"PE_TTM":27.846720248898,"PB_TTM":0.802564504921,"REPORT_DATE_SQ":"2020-12-31 00:00:00","REPORT_TYPE_SQ":"2020年年报","OPERATE_INCOME_SQ":265708106.4,"DPS_HKD":null,"OPERATE_INCOME_QOQ_SQ":-9.81533774101,"NET_PROFIT_RATIO_SQ":-1.8758024614,"HOLDER_PROFIT_SQ":-5006625.36,"HOLDER_PROFIT_QOQ_SQ":23.307418677981,"ROE_AVG_SQ":-4.098871567101,"PE_TTM_SQ":-404.995475113122,"PB_TTM_SQ":4.088247385009,"ROA_SQ":-2.426141197627,"START_DATE":"2021-07-01 00:00:00","FISCAL_YEAR":"6-30","CURRENCY":"HKD","IS_CNY_CODE":0,"DPS_HKD_LY":null,"ORG_TYPE":"一般企业","PREMIUM_INCOME":null,"PREMIUM_INCOME_YOY":null,"NET_INTEREST_INCOME":null,"NET_INTEREST_INCOME_YOY":null,"FEE_COMMISSION_INCOME":null,"FEE_COMMISSION_INCOME_YOY":null,"ACCOUNTS_RECE_TDAYS":3.45695133427,"INVENTORY_TDAYS":null,"CURRENT_ASSETS_TDAYS":1.286309905914,"TOTAL_ASSETS_TDAYS":1.255668811042,"PREMIUM_EXPENSE":null,"LOAN_DEPOSIT":null,"LOAN_EQUITY":null,"LOAN_ASSETS":null,"DEPOSIT_EQUITY":null,"DEPOSIT_ASSETS":null,"EQUITY_MULTIPLIER":1.726488352026,"EQUITY_RATIO":0.729779023846},{"SECUCODE":"03708.HK","SECURITY_CODE":"03708","SECURITY_NAME_ABBR":"中国供应链产业","ORG_CODE":"10431007","STD_REPORT_DATE":"2021-06-30 00:00:00","REPORT_DATE":"2021-12-31 00:00:00","DATE_TYPE_CODE":"002","REPORT_TYPE":"2021年中报","PER_NETCASH_OPERATE":-0.002053354022,"PER_OI":0.020510447479,"BPS":0.016342012633,"BASIC_EPS":-0.00138992,"DILUTED_EPS":-0.00138992,"OPERATE_INCOME":114735443.2,"OPERATE_INCOME_YOY":-19.6380816034,"GROSS_PROFIT":3537755.2,"GROSS_PROFIT_YOY":-61.832319239155,"HOLDER_PROFIT":-7860406.4,"HOLDER_PROFIT_YOY":-880.3571428571,"GROSS_PROFIT_RATIO":3.083402217598,"EPS_TTM":-0.000894999171,"OPERATE_INCOME_QOQ":-15.232040807711,"NET_PROFIT_RATIO":-6.8772624918,"ROE_AVG":-6.917492319094,"GROSS_PROFIT_QOQ":8.006806026942,"ROA":-4.154019318307,"HOLDER_PROFIT_QOQ":50.687908660215,"ROE_YEARLY":-13.834984638188,"ROIC_YEARLY":-12.539454806313,"TOTAL_ASSETS":179086286.4,"TOTAL_LIABILITIES":68887705.6,"TAX_EBT":0.658775090067,"OCF_SALES":-10.011259014337,"TOTAL_PARENT_EQUITY":109700662.4,"DEBT_ASSET_RATIO":38.4662092139,"OPERATE_PROFIT":-7921726.4,"PRETAX_PROFIT":-7942984,"NETCASH_OPERATE":-11486462.4,"NETCASH_INVEST":22134067.2,"NETCASH_FINANCE":-625464,"END_CASH":41166160,"DIVI_RATIO":null,"DIVIDEND_RATE":null,"CURRENT_RATIO":2.591075162849,"COMMON_ACS":10000000000,"CURRENTDEBT_DEBT":98.753797949108,"ISSUED_COMMON_SHARES":6712800000,"HK_COMMON_SHARES":6712800000,"PER_SHARES":5000,"TOTAL_MARKET_CAP":107404800,"HKSK_MARKET_CAP":107404800,"PE_TTM":27.846720248898,"PB_TTM":0.802564504921,"REPORT_DATE_SQ":"2020-06-30 00:00:00","REPORT_TYPE_SQ":"2020年中报","OPERATE_INCOME_SQ":146971385,"DPS_HKD":null,"OPERATE_INCOME_QOQ_SQ":3.319540199996,"NET_PROFIT_RATIO_SQ":0.720400859,"HOLDER_PROFIT_SQ":1036900.48,"HOLDER_PROFIT_QOQ_SQ":34.737429738989,"ROE_AVG_SQ":0.819034576289,"PE_TTM_SQ":-404.995475113122,"PB_TTM_SQ":4.088247385009,"ROA_SQ":0.476736829274,"START_DATE":"2021-07-01 00:00:00","FISCAL_YEAR":"6-30","CURRENCY":"HKD","IS_CNY_CODE":0,"DPS_HKD_LY":null,"ORG_TYPE":"一般企业","PREMIUM_INCOME":null,"PREMIUM_INCOME_YOY":null,"NET_INTEREST_INCOME":null,"NET_INTEREST_INCOME_YOY":null,"FEE_COMMISSION_INCOME":null,"FEE_COMMISSION_INCOME_YOY":null,"ACCOUNTS_RECE_TDAYS":1.335414188514,"INVENTORY_TDAYS":null,"CURRENT_ASSETS_TDAYS":0.616505216914,"TOTAL_ASSETS_TDAYS":0.606346826479,"PREMIUM_EXPENSE":null,"LOAN_DEPOSIT":null,"LOAN_EQUITY":null,"LOAN_ASSETS":null,"DEPOSIT_EQUITY":null,"DEPOSIT_ASSETS":null,"EQUITY_MULTIPLIER":1.625123346417,"EQUITY_RATIO":0.627960707738},{"SECUCODE":"03708.HK","SECURITY_CODE":"03708","SECURITY_NAME_ABBR":"中国供应链产业","ORG_CODE":"10431007","STD_REPORT_DATE":"2020-12-31 00:00:00","REPORT_DATE":"2021-06-30 00:00:00","DATE_TYPE_CODE":"001","REPORT_TYPE":"2020年年报","PER_NETCASH_OPERATE":0.000615507158,"PER_OI":0.04749876768,"BPS":0.017823131784,"BASIC_EPS":-0.000915288,"DILUTED_EPS":-0.000915288,"OPERATE_INCOME":265708106.4,"OPERATE_INCOME_YOY":-16.0773183007,"GROSS_PROFIT":17663394.24,"GROSS_PROFIT_YOY":6.699908307421,"HOLDER_PROFIT":-5006625.36,"HOLDER_PROFIT_YOY":58.4834057821,"GROSS_PROFIT_RATIO":6.647668556039,"EPS_TTM":-0.001814968999,"OPERATE_INCOME_QOQ":-9.81533774101,"NET_PROFIT_RATIO":-1.8758024614,"ROE_AVG":-4.098871567101,"GROSS_PROFIT_QOQ":-1.210014227432,"ROA":-2.426141197627,"HOLDER_PROFIT_QOQ":23.307418677981,"ROE_YEARLY":-4.098871567101,"ROIC_YEARLY":-3.523029676709,"TOTAL_ASSETS":202892723.04,"TOTAL_LIABILITIES":82712080.32,"TAX_EBT":-0.116998161457,"OCF_SALES":1.29583816115,"TOTAL_PARENT_EQUITY":119643119.04,"DEBT_ASSET_RATIO":40.7664104857,"OPERATE_PROFIT":-4919256.96,"PRETAX_PROFIT":-4978334.64,"NETCASH_OPERATE":3443147.04,"NETCASH_INVEST":-1145774.16,"NETCASH_FINANCE":-1450315.44,"END_CASH":31695591.36,"DIVI_RATIO":null,"DIVIDEND_RATE":null,"CURRENT_RATIO":2.435241637199,"COMMON_ACS":10000000000,"CURRENTDEBT_DEBT":99.002052231299,"ISSUED_COMMON_SHARES":6712800000,"HK_COMMON_SHARES":6712800000,"PER_SHARES":5000,"TOTAL_MARKET_CAP":107404800,"HKSK_MARKET_CAP":107404800,"PE_TTM":27.846720248898,"PB_TTM":0.802564504921,"REPORT_DATE_SQ":"2019-12-31 00:00:00","REPORT_TYPE_SQ":"2019年年报","OPERATE_INCOME_SQ":347568487.2,"DPS_HKD":null,"OPERATE_INCOME_QOQ_SQ":-7.967388452499,"NET_PROFIT_RATIO_SQ":-3.8130904982,"HOLDER_PROFIT_SQ":-13238485.92,"HOLDER_PROFIT_QOQ_SQ":-71.961221781116,"ROE_AVG_SQ":-9.303445221176,"PE_TTM_SQ":-404.995475113122,"PB_TTM_SQ":4.088247385009,"ROA_SQ":-5.998249320732,"START_DATE":"2020-07-01 00:00:00","FISCAL_YEAR":"6-30","CURRENCY":"HKD","IS_CNY_CODE":0,"DPS_HKD_LY":null,"ORG_TYPE":"一般企业","PREMIUM_INCOME":null,"PREMIUM_INCOME_YOY":null,"NET_INTEREST_INCOME":null,"NET_INTEREST_INCOME_YOY":null,"FEE_COMMISSION_INCOME":null,"FEE_COMMISSION_INCOME_YOY":null,"ACCOUNTS_RECE_TDAYS":3.357004315443,"INVENTORY_TDAYS":null,"CURRENT_ASSETS_TDAYS":1.309942815887,"TOTAL_ASSETS_TDAYS":1.287584624628,"PREMIUM_EXPENSE":null,"LOAN_DEPOSIT":null,"LOAN_EQUITY":null,"LOAN_ASSETS":null,"DEPOSIT_EQUITY":null,"DEPOSIT_ASSETS":null,"EQUITY_MULTIPLIER":1.68823130288,"EQUITY_RATIO":0.691323337135},{"SECUCODE":"03708.HK","SECURITY_CODE":"03708","SECURITY_NAME_ABBR":"中国供应链产业","ORG_CODE":"10431007","STD_REPORT_DATE":"2020-06-30 00:00:00","REPORT_DATE":"2020-12-31 00:00:00","DATE_TYPE_CODE":"002","REPORT_TYPE":"2020年中报","PER_NETCASH_OPERATE":-0.000459938055,"PER_OI":0.026273039864,"BPS":0.018936774622,"BASIC_EPS":0.000168328,"DILUTED_EPS":0.000168328,"OPERATE_INCOME":146971385,"OPERATE_INCOME_YOY":-13.6182632139,"GROSS_PROFIT":9268981.32,"GROSS_PROFIT_YOY":-2.11535449819,"HOLDER_PROFIT":1036900.48,"HOLDER_PROFIT_YOY":153.8696982947,"GROSS_PROFIT_RATIO":6.306657122405,"EPS_TTM":-0.002366550933,"OPERATE_INCOME_QOQ":3.319540199996,"NET_PROFIT_RATIO":0.720400859,"ROE_AVG":0.819034576289,"GROSS_PROFIT_QOQ":-17.957149641981,"ROA":0.476736829274,"HOLDER_PROFIT_QOQ":34.737429738989,"ROE_YEARLY":1.638069152578,"ROIC_YEARLY":1.331589585067,"TOTAL_ASSETS":222757700.44,"TOTAL_LIABILITIES":95096061.96,"TAX_EBT":-14.363636363636,"OCF_SALES":-1.750608446671,"TOTAL_PARENT_EQUITY":127118780.68,"DEBT_ASSET_RATIO":42.690358974,"OPERATE_PROFIT":955261.4,"PRETAX_PROFIT":925804,"NETCASH_OPERATE":-2572893.48,"NETCASH_INVEST":-2339759.2,"NETCASH_FINANCE":-686778.24,"END_CASH":25605213.72,"DIVI_RATIO":null,"DIVIDEND_RATE":null,"CURRENT_RATIO":2.32008178712,"COMMON_ACS":10000000000,"CURRENTDEBT_DEBT":98.690137978033,"ISSUED_COMMON_SHARES":6712800000,"HK_COMMON_SHARES":6712800000,"PER_SHARES":5000,"TOTAL_MARKET_CAP":107404800,"HKSK_MARKET_CAP":107404800,"PE_TTM":27.846720248898,"PB_TTM":0.802564504921,"REPORT_DATE_SQ":"2019-06-30 00:00:00","REPORT_TYPE_SQ":"2019年中报","OPERATE_INCOME_SQ":181086405.9,"DPS_HKD":null,"OPERATE_INCOME_QOQ_SQ":-12.895223208799,"NET_PROFIT_RATIO_SQ":-1.08332715,"HOLDER_PROFIT_SQ":-2048648.86,"HOLDER_PROFIT_QOQ_SQ":-226.852038413846,"ROE_AVG_SQ":-1.41231686042,"PE_TTM_SQ":-404.995475113122,"PB_TTM_SQ":4.088247385009,"ROA_SQ":-0.955121405244,"START_DATE":"2020-07-01 00:00:00","FISCAL_YEAR":"6-30","CURRENCY":"HKD","IS_CNY_CODE":0,"DPS_HKD_LY":null,"ORG_TYPE":"一般企业","PREMIUM_INCOME":null,"PREMIUM_INCOME_YOY":null,"NET_INTEREST_INCOME":null,"NET_INTEREST_INCOME_YOY":null,"FEE_COMMISSION_INCOME":null,"FEE_COMMISSION_INCOME_YOY":null,"ACCOUNTS_RECE_TDAYS":1.790098461822,"INVENTORY_TDAYS":null,"CURRENT_ASSETS_TDAYS":0.689398560208,"TOTAL_ASSETS_TDAYS":0.675731889708,"PREMIUM_EXPENSE":null,"LOAN_DEPOSIT":null,"LOAN_EQUITY":null,"LOAN_ASSETS":null,"DEPOSIT_EQUITY":null,"DEPOSIT_ASSETS":null,"EQUITY_MULTIPLIER":1.744907108293,"EQUITY_RATIO":0.748088216795},{"SECUCODE":"03708.HK","SECURITY_CODE":"03708","SECURITY_NAME_ABBR":"中国供应链产业","ORG_CODE":"10431007","STD_REPORT_DATE":"2019-12-31 00:00:00","REPORT_DATE":"2020-06-30 00:00:00","DATE_TYPE_CODE":"001","REPORT_TYPE":"2019年年报","PER_NETCASH_OPERATE":0.00141735059,"PER_OI":0.062132371684,"BPS":0.020384620307,"BASIC_EPS":-0.002374944,"DILUTED_EPS":-0.002374944,"OPERATE_INCOME":347568487.2,"OPERATE_INCOME_YOY":-8.4287739243,"GROSS_PROFIT":16554273.12,"GROSS_PROFIT_YOY":-39.236883032496,"HOLDER_PROFIT":-13238485.92,"HOLDER_PROFIT_YOY":-8.0760626398,"GROSS_PROFIT_RATIO":4.762880908267,"EPS_TTM":-0.003626199403,"OPERATE_INCOME_QOQ":-7.967388452499,"NET_PROFIT_RATIO":-3.8130904982,"ROE_AVG":-9.303445221176,"GROSS_PROFIT_QOQ":-25.937340423515,"ROA":-5.998249320732,"HOLDER_PROFIT_QOQ":-71.961221781116,"ROE_YEARLY":-9.303445221176,"ROIC_YEARLY":-8.159577073463,"TOTAL_ASSETS":230347645.44,"TOTAL_LIABILITIES":92944346.88,"TAX_EBT":0.261222245136,"OCF_SALES":2.281178959541,"TOTAL_PARENT_EQUITY":136837879.2,"DEBT_ASSET_RATIO":40.3495971068,"OPERATE_PROFIT":-13210169.28,"PRETAX_PROFIT":-13287811.68,"NETCASH_OPERATE":9733616.64,"NETCASH_INVEST":-15773281.92,"NETCASH_FINANCE":-4095864.96,"END_CASH":33866701.44,"DIVI_RATIO":null,"DIVIDEND_RATE":null,"CURRENT_RATIO":2.458480030943,"COMMON_ACS":10000000000,"CURRENTDEBT_DEBT":99.094858086328,"ISSUED_COMMON_SHARES":6712800000,"HK_COMMON_SHARES":6712800000,"PER_SHARES":5000,"TOTAL_MARKET_CAP":107404800,"HKSK_MARKET_CAP":107404800,"PE_TTM":27.846720248898,"PB_TTM":0.802564504921,"REPORT_DATE_SQ":"2018-12-31 00:00:00","REPORT_TYPE_SQ":"2018年年报","OPERATE_INCOME_SQ":365524240.14,"DPS_HKD":null,"OPERATE_INCOME_QOQ_SQ":6.675874133555,"NET_PROFIT_RATIO_SQ":-4.4372354276,"HOLDER_PROFIT_SQ":-11796240.6,"HOLDER_PROFIT_QOQ_SQ":202.185914994078,"ROE_AVG_SQ":-7.991466234416,"PE_TTM_SQ":-404.995475113122,"PB_TTM_SQ":4.088247385009,"ROA_SQ":-4.025606580261,"START_DATE":"2019-07-01 00:00:00","FISCAL_YEAR":"6-30","CURRENCY":"HKD","IS_CNY_CODE":0,"DPS_HKD_LY":null,"ORG_TYPE":"一般企业","PREMIUM_INCOME":null,"PREMIUM_INCOME_YOY":null,"NET_INTEREST_INCOME":null,"NET_INTEREST_INCOME_YOY":null,"FEE_COMMISSION_INCOME":null,"FEE_COMMISSION_INCOME_YOY":null,"ACCOUNTS_RECE_TDAYS":3.93160847687,"INVENTORY_TDAYS":null,"CURRENT_ASSETS_TDAYS":1.646986768009,"TOTAL_ASSETS_TDAYS":1.574804290199,"PREMIUM_EXPENSE":null,"LOAN_DEPOSIT":null,"LOAN_EQUITY":null,"LOAN_ASSETS":null,"DEPOSIT_EQUITY":null,"DEPOSIT_ASSETS":null,"EQUITY_MULTIPLIER":1.676434611499,"EQUITY_RATIO":0.679229665231}],"count":24},"success":true,"message":"ok","code":0}