{"version":"534f916af169fc217a2307d146b03a3f","result":{"pages":2,"data":[{"SECUCODE":"03718.HK","SECURITY_CODE":"03718","SECURITY_NAME_ABBR":"北控城市资源","ORG_CODE":"10000024187","STD_REPORT_DATE":"2024-06-30 00:00:00","REPORT_DATE":"2024-06-30 00:00:00","DATE_TYPE_CODE":"002","REPORT_TYPE":"2024年中报","PER_NETCASH_OPERATE":0.038604433818,"PER_OI":0.755699441949,"BPS":0.905354005889,"BASIC_EPS":0.0361,"DILUTED_EPS":0.0361,"OPERATE_INCOME":2687769000,"OPERATE_INCOME_YOY":20.1931573449,"GROSS_PROFIT":556846000,"GROSS_PROFIT_YOY":8.176269237195,"HOLDER_PROFIT":128499000,"HOLDER_PROFIT_YOY":-24.4803206526,"GROSS_PROFIT_RATIO":20.71777745781,"EPS_TTM":0.068344943464,"OPERATE_INCOME_QOQ":8.928342283208,"NET_PROFIT_RATIO":5.6337058728,"ROE_AVG":4.027033040731,"GROSS_PROFIT_QOQ":4.114889980857,"ROA":1.505192515328,"HOLDER_PROFIT_QOQ":-14.62909241608,"ROE_YEARLY":8.054066081463,"ROIC_YEARLY":3.844492796008,"TOTAL_ASSETS":8947303000,"TOTAL_LIABILITIES":5027416000,"TAX_EBT":27.862471773079,"OCF_SALES":5.108437518254,"TOTAL_PARENT_EQUITY":3220040000,"DEBT_ASSET_RATIO":56.1891779009,"OPERATE_PROFIT":266856000,"PRETAX_PROFIT":209906000,"NETCASH_OPERATE":137303000,"NETCASH_INVEST":-156486000,"NETCASH_FINANCE":171831000,"END_CASH":1233561000,"DIVI_RATIO":0.359140834069,"DIVIDEND_RATE":7.297297297297,"CURRENT_RATIO":1.556147682565,"COMMON_ACS":30000000000,"CURRENTDEBT_DEBT":64.027007114589,"ISSUED_COMMON_SHARES":3556664000,"HK_COMMON_SHARES":3556664000,"PER_SHARES":4000,"TOTAL_MARKET_CAP":1315965680,"HKSK_MARKET_CAP":1315965680,"PE_TTM":4.865999778255,"PB_TTM":0.372993986666,"REPORT_DATE_SQ":"2023-06-30 00:00:00","REPORT_TYPE_SQ":"2023年中报","OPERATE_INCOME_SQ":2236208000,"DPS_HKD":0.027,"OPERATE_INCOME_QOQ_SQ":6.672866283539,"NET_PROFIT_RATIO_SQ":8.8318096102,"HOLDER_PROFIT_SQ":170153000,"HOLDER_PROFIT_QOQ_SQ":16.538305769305,"ROE_AVG_SQ":6.125032647781,"PE_TTM_SQ":6.069431575965,"PB_TTM_SQ":0.561717031121,"ROA_SQ":2.267402450127,"START_DATE":"2024-01-01 00:00:00","FISCAL_YEAR":"12-31","CURRENCY":"HKD","IS_CNY_CODE":0,"DPS_HKD_LY":0.027,"ORG_TYPE":"一般企业","PREMIUM_INCOME":null,"PREMIUM_INCOME_YOY":null,"NET_INTEREST_INCOME":null,"NET_INTEREST_INCOME_YOY":null,"FEE_COMMISSION_INCOME":null,"FEE_COMMISSION_INCOME_YOY":null,"ACCOUNTS_RECE_TDAYS":0.866532946477,"INVENTORY_TDAYS":29.090503266145,"CURRENT_ASSETS_TDAYS":0.578366273959,"TOTAL_ASSETS_TDAYS":0.314835896134,"PREMIUM_EXPENSE":null,"LOAN_DEPOSIT":null,"LOAN_EQUITY":null,"LOAN_ASSETS":null,"DEPOSIT_EQUITY":null,"DEPOSIT_ASSETS":null,"EQUITY_MULTIPLIER":2.282541052843,"EQUITY_RATIO":1.561289921864},{"SECUCODE":"03718.HK","SECURITY_CODE":"03718","SECURITY_NAME_ABBR":"北控城市资源","ORG_CODE":"10000024187","STD_REPORT_DATE":"2023-12-31 00:00:00","REPORT_DATE":"2023-12-31 00:00:00","DATE_TYPE_CODE":"001","REPORT_TYPE":"2023年年报","PER_NETCASH_OPERATE":0.138909166667,"PER_OI":1.4048925,"BPS":0.888973487515,"BASIC_EPS":0.0791,"DILUTED_EPS":0.0791,"OPERATE_INCOME":5057613000,"OPERATE_INCOME_YOY":18.9074489297,"GROSS_PROFIT":1022822000,"GROSS_PROFIT_YOY":18.149841919651,"HOLDER_PROFIT":284734000,"HOLDER_PROFIT_YOY":19.3457932173,"GROSS_PROFIT_RATIO":20.223413693377,"EPS_TTM":0.079092777778,"OPERATE_INCOME_QOQ":7.317550299756,"NET_PROFIT_RATIO":6.7094892393,"ROE_AVG":9.305732130193,"GROSS_PROFIT_QOQ":0.30010883367,"ROA":3.375558139447,"HOLDER_PROFIT_QOQ":-1.507623298594,"ROE_YEARLY":9.305732130193,"ROIC_YEARLY":4.446131909429,"TOTAL_ASSETS":8126792000,"TOTAL_LIABILITIES":4274744000,"TAX_EBT":20.227371034172,"OCF_SALES":9.887529947428,"TOTAL_PARENT_EQUITY":3161780000,"DEBT_ASSET_RATIO":52.6006325743,"OPERATE_PROFIT":538921000,"PRETAX_PROFIT":425384000,"NETCASH_OPERATE":500073000,"NETCASH_INVEST":-690842000,"NETCASH_FINANCE":-142943000,"END_CASH":1080749000,"DIVI_RATIO":0.310337564183,"DIVIDEND_RATE":5.625,"CURRENT_RATIO":1.652027032237,"COMMON_ACS":30000000000,"CURRENTDEBT_DEBT":60.68059280275,"ISSUED_COMMON_SHARES":3556664000,"HK_COMMON_SHARES":3556664000,"PER_SHARES":4000,"TOTAL_MARKET_CAP":1707198720,"HKSK_MARKET_CAP":1707198720,"PE_TTM":6.31264836098,"PB_TTM":0.483884090809,"REPORT_DATE_SQ":"2022-12-31 00:00:00","REPORT_TYPE_SQ":"2022年年报","OPERATE_INCOME_SQ":4253403000,"DPS_HKD":0.027,"OPERATE_INCOME_QOQ_SQ":12.41269982557,"NET_PROFIT_RATIO_SQ":6.3888723766,"HOLDER_PROFIT_SQ":238579000,"HOLDER_PROFIT_QOQ_SQ":-27.233248725939,"ROE_AVG_SQ":8.912635433748,"PE_TTM_SQ":4.520603519889,"PB_TTM_SQ":0.418375255786,"ROA_SQ":3.28481738046,"START_DATE":"2023-01-01 00:00:00","FISCAL_YEAR":"12-31","CURRENCY":"HKD","IS_CNY_CODE":0,"DPS_HKD_LY":0.022,"ORG_TYPE":"一般企业","PREMIUM_INCOME":null,"PREMIUM_INCOME_YOY":null,"NET_INTEREST_INCOME":null,"NET_INTEREST_INCOME_YOY":null,"FEE_COMMISSION_INCOME":null,"FEE_COMMISSION_INCOME_YOY":null,"ACCOUNTS_RECE_TDAYS":1.95152794568,"INVENTORY_TDAYS":71.986208619167,"CURRENT_ASSETS_TDAYS":1.132965513256,"TOTAL_ASSETS_TDAYS":0.59958651683,"PREMIUM_EXPENSE":null,"LOAN_DEPOSIT":null,"LOAN_EQUITY":null,"LOAN_ASSETS":null,"DEPOSIT_EQUITY":null,"DEPOSIT_ASSETS":null,"EQUITY_MULTIPLIER":2.109732796682,"EQUITY_RATIO":1.35200551588},{"SECUCODE":"03718.HK","SECURITY_CODE":"03718","SECURITY_NAME_ABBR":"北控城市资源","ORG_CODE":"10000024187","STD_REPORT_DATE":"2023-06-30 00:00:00","REPORT_DATE":"2023-06-30 00:00:00","DATE_TYPE_CODE":"002","REPORT_TYPE":"2023年中报","PER_NETCASH_OPERATE":0.073858281167,"PER_OI":0.621168888889,"BPS":0.869920926244,"BASIC_EPS":0.0473,"DILUTED_EPS":0.0473,"OPERATE_INCOME":2236208000,"OPERATE_INCOME_YOY":6.1072294555,"GROSS_PROFIT":514758000,"GROSS_PROFIT_YOY":22.929861680359,"HOLDER_PROFIT":170153000,"HOLDER_PROFIT_YOY":20.4831664413,"GROSS_PROFIT_RATIO":23.019199226805,"EPS_TTM":0.080303451319,"OPERATE_INCOME_QOQ":6.672866283539,"NET_PROFIT_RATIO":8.8318096102,"ROE_AVG":6.125032647781,"GROSS_PROFIT_QOQ":13.408950859993,"ROA":2.267402450127,"HOLDER_PROFIT_QOQ":16.538305769305,"ROE_YEARLY":12.250065295563,"ROIC_YEARLY":6.043973734166,"TOTAL_ASSETS":7663179676.9,"TOTAL_LIABILITIES":3937310980.1,"TAX_EBT":25.396441657538,"OCF_SALES":11.348825568327,"TOTAL_PARENT_EQUITY":3094016441.22,"DEBT_ASSET_RATIO":51.3795988885,"OPERATE_PROFIT":321393000,"PRETAX_PROFIT":264730000,"NETCASH_OPERATE":234880000,"NETCASH_INVEST":-332887000,"NETCASH_FINANCE":-132664000,"END_CASH":1179604000,"DIVI_RATIO":0.305658842761,"DIVIDEND_RATE":5.625,"CURRENT_RATIO":2.317641734157,"COMMON_ACS":30000000000,"CURRENTDEBT_DEBT":44.443021242268,"ISSUED_COMMON_SHARES":3556664000,"HK_COMMON_SHARES":3556664000,"PER_SHARES":4000,"TOTAL_MARKET_CAP":1707198720,"HKSK_MARKET_CAP":1707198720,"PE_TTM":6.31264836098,"PB_TTM":0.483884090809,"REPORT_DATE_SQ":"2022-06-30 00:00:00","REPORT_TYPE_SQ":"2022年中报","OPERATE_INCOME_SQ":2048079992.77,"DPS_HKD":0.027,"OPERATE_INCOME_QOQ_SQ":8.016102944394,"NET_PROFIT_RATIO_SQ":7.3869579432,"HOLDER_PROFIT_SQ":137243456.77,"HOLDER_PROFIT_QOQ_SQ":-16.945746800456,"ROE_AVG_SQ":5.131001469764,"PE_TTM_SQ":4.520603519889,"PB_TTM_SQ":0.418375255786,"ROA_SQ":1.927458857305,"START_DATE":"2023-01-01 00:00:00","FISCAL_YEAR":"12-31","CURRENCY":"HKD","IS_CNY_CODE":0,"DPS_HKD_LY":0.022,"ORG_TYPE":"一般企业","PREMIUM_INCOME":null,"PREMIUM_INCOME_YOY":null,"NET_INTEREST_INCOME":null,"NET_INTEREST_INCOME_YOY":null,"FEE_COMMISSION_INCOME":null,"FEE_COMMISSION_INCOME_YOY":null,"ACCOUNTS_RECE_TDAYS":0.885708486029,"INVENTORY_TDAYS":32.201237880459,"CURRENT_ASSETS_TDAYS":0.562102005226,"TOTAL_ASSETS_TDAYS":0.297990542356,"PREMIUM_EXPENSE":null,"LOAN_DEPOSIT":null,"LOAN_EQUITY":null,"LOAN_ASSETS":null,"DEPOSIT_EQUITY":null,"DEPOSIT_ASSETS":null,"EQUITY_MULTIPLIER":2.056749794611,"EQUITY_RATIO":1.272556579741},{"SECUCODE":"03718.HK","SECURITY_CODE":"03718","SECURITY_NAME_ABBR":"北控城市资源","ORG_CODE":"10000024187","STD_REPORT_DATE":"2022-12-31 00:00:00","REPORT_DATE":"2022-12-31 00:00:00","DATE_TYPE_CODE":"001","REPORT_TYPE":"2022年年报","PER_NETCASH_OPERATE":0.114913726628,"PER_OI":1.181500833333,"BPS":0.845874247058,"BASIC_EPS":0.0663,"DILUTED_EPS":0.0663,"OPERATE_INCOME":4253403000,"OPERATE_INCOME_YOY":11.1378566862,"GROSS_PROFIT":865699000,"GROSS_PROFIT_YOY":-8.891088735054,"HOLDER_PROFIT":238579000,"HOLDER_PROFIT_YOY":-44.6837160107,"GROSS_PROFIT_RATIO":20.353094270756,"EPS_TTM":0.068907344061,"OPERATE_INCOME_QOQ":12.41269982557,"NET_PROFIT_RATIO":6.3888723766,"ROE_AVG":8.912635433748,"GROSS_PROFIT_QOQ":5.283978979904,"ROA":3.28481738046,"HOLDER_PROFIT_QOQ":-27.233248725939,"ROE_YEARLY":8.912635433748,"ROIC_YEARLY":4.55033964594,"TOTAL_ASSETS":7696325000,"TOTAL_LIABILITIES":4123164000,"TAX_EBT":26.163921229477,"OCF_SALES":9.363830209684,"TOTAL_PARENT_EQUITY":2957760000,"DEBT_ASSET_RATIO":53.5870923735,"OPERATE_PROFIT":458067000,"PRETAX_PROFIT":367701000,"NETCASH_OPERATE":418729000,"NETCASH_INVEST":-658119000,"NETCASH_FINANCE":250063000,"END_CASH":1408854000,"DIVI_RATIO":0.356209636788,"DIVIDEND_RATE":5.625,"CURRENT_RATIO":1.971452641448,"COMMON_ACS":30000000000,"CURRENTDEBT_DEBT":50.263147427558,"ISSUED_COMMON_SHARES":3556664000,"HK_COMMON_SHARES":3556664000,"PER_SHARES":4000,"TOTAL_MARKET_CAP":1707198720,"HKSK_MARKET_CAP":1707198720,"PE_TTM":6.31264836098,"PB_TTM":0.483884090809,"REPORT_DATE_SQ":"2021-12-31 00:00:00","REPORT_TYPE_SQ":"2021年年报","OPERATE_INCOME_SQ":3638454904,"DPS_HKD":0.027,"OPERATE_INCOME_QOQ_SQ":10.027818391948,"NET_PROFIT_RATIO_SQ":13.0818744923,"HOLDER_PROFIT_SQ":410462180.8,"HOLDER_PROFIT_QOQ_SQ":11.820054602878,"ROE_AVG_SQ":15.424000009831,"PE_TTM_SQ":4.520603519889,"PB_TTM_SQ":0.418375255786,"ROA_SQ":6.569719939602,"START_DATE":"2022-01-01 00:00:00","FISCAL_YEAR":"12-31","CURRENCY":"HKD","IS_CNY_CODE":0,"DPS_HKD_LY":0.04,"ORG_TYPE":"一般企业","PREMIUM_INCOME":null,"PREMIUM_INCOME_YOY":null,"NET_INTEREST_INCOME":null,"NET_INTEREST_INCOME_YOY":null,"FEE_COMMISSION_INCOME":null,"FEE_COMMISSION_INCOME_YOY":null,"ACCOUNTS_RECE_TDAYS":2.17359240904,"INVENTORY_TDAYS":59.660305632544,"CURRENT_ASSETS_TDAYS":1.13172832212,"TOTAL_ASSETS_TDAYS":0.585011088237,"PREMIUM_EXPENSE":null,"LOAN_DEPOSIT":null,"LOAN_EQUITY":null,"LOAN_ASSETS":null,"DEPOSIT_EQUITY":null,"DEPOSIT_ASSETS":null,"EQUITY_MULTIPLIER":2.154573051202,"EQUITY_RATIO":1.394015741642},{"SECUCODE":"03718.HK","SECURITY_CODE":"03718","SECURITY_NAME_ABBR":"北控城市资源","ORG_CODE":"10000024187","STD_REPORT_DATE":"2022-06-30 00:00:00","REPORT_DATE":"2022-06-30 00:00:00","DATE_TYPE_CODE":"002","REPORT_TYPE":"2022年中报","PER_NETCASH_OPERATE":0.064686809153,"PER_OI":0.568911109103,"BPS":0.815510677081,"BASIC_EPS":0.038141474,"DILUTED_EPS":0.038141474,"OPERATE_INCOME":2048079992.77,"OPERATE_INCOME_YOY":13.45446156,"GROSS_PROFIT":418741217.93,"GROSS_PROFIT_YOY":-18.668966305774,"HOLDER_PROFIT":137243456.77,"HOLDER_PROFIT_YOY":-35.4278908636,"GROSS_PROFIT_RATIO":20.445549949622,"EPS_TTM":0.094696194147,"OPERATE_INCOME_QOQ":8.016102944394,"NET_PROFIT_RATIO":7.3869579432,"ROE_AVG":5.131001469764,"GROSS_PROFIT_QOQ":-10.115879158552,"ROA":1.927458857305,"HOLDER_PROFIT_QOQ":-16.945746800456,"ROE_YEARLY":10.262002939528,"ROIC_YEARLY":5.355913095527,"TOTAL_ASSETS":7258316515.87,"TOTAL_LIABILITIES":3752388998.96,"TAX_EBT":25.981975498728,"OCF_SALES":11.370284059806,"TOTAL_PARENT_EQUITY":2900497466.79,"DEBT_ASSET_RATIO":51.6977868181,"OPERATE_PROFIT":241673273.24,"PRETAX_PROFIT":204397251.52,"NETCASH_OPERATE":232872512.95,"NETCASH_INVEST":-273018552.31,"NETCASH_FINANCE":-36058231.16,"END_CASH":1323403959.43,"DIVI_RATIO":0.259202180415,"DIVIDEND_RATE":5.625,"CURRENT_RATIO":2.071723285955,"COMMON_ACS":30000000000,"CURRENTDEBT_DEBT":46.785210940192,"ISSUED_COMMON_SHARES":3556664000,"HK_COMMON_SHARES":3556664000,"PER_SHARES":4000,"TOTAL_MARKET_CAP":1707198720,"HKSK_MARKET_CAP":1707198720,"PE_TTM":6.31264836098,"PB_TTM":0.483884090809,"REPORT_DATE_SQ":"2021-06-30 00:00:00","REPORT_TYPE_SQ":"2021年中报","OPERATE_INCOME_SQ":1756417702.08,"DPS_HKD":0.027,"OPERATE_INCOME_QOQ_SQ":11.619395105045,"NET_PROFIT_RATIO_SQ":14.521648832,"HOLDER_PROFIT_SQ":206799338.64,"HOLDER_PROFIT_QOQ_SQ":2.181708892051,"ROE_AVG_SQ":8.007517367723,"PE_TTM_SQ":4.520603519889,"PB_TTM_SQ":0.418375255786,"ROA_SQ":3.341583326409,"START_DATE":"2022-01-01 00:00:00","FISCAL_YEAR":"12-31","CURRENCY":"HKD","IS_CNY_CODE":0,"DPS_HKD_LY":0.04,"ORG_TYPE":"一般企业","PREMIUM_INCOME":null,"PREMIUM_INCOME_YOY":null,"NET_INTEREST_INCOME":null,"NET_INTEREST_INCOME_YOY":null,"FEE_COMMISSION_INCOME":null,"FEE_COMMISSION_INCOME_YOY":null,"ACCOUNTS_RECE_TDAYS":1.233425771824,"INVENTORY_TDAYS":22.734427950933,"CURRENT_ASSETS_TDAYS":0.573600077985,"TOTAL_ASSETS_TDAYS":0.287634107697,"PREMIUM_EXPENSE":null,"LOAN_DEPOSIT":null,"LOAN_EQUITY":null,"LOAN_ASSETS":null,"DEPOSIT_EQUITY":null,"DEPOSIT_ASSETS":null,"EQUITY_MULTIPLIER":2.07029851041,"EQUITY_RATIO":1.293705318458},{"SECUCODE":"03718.HK","SECURITY_CODE":"03718","SECURITY_NAME_ABBR":"北控城市资源","ORG_CODE":"10000024187","STD_REPORT_DATE":"2021-12-31 00:00:00","REPORT_DATE":"2021-12-31 00:00:00","DATE_TYPE_CODE":"001","REPORT_TYPE":"2021年年报","PER_NETCASH_OPERATE":0.123230716,"PER_OI":1.010681917778,"BPS":0.804168898496,"BASIC_EPS":0.1140552,"DILUTED_EPS":0.1140552,"OPERATE_INCOME":3638454904,"OPERATE_INCOME_YOY":26.423454005,"GROSS_PROFIT":950180380.8,"GROSS_PROFIT_YOY":3.888727218471,"HOLDER_PROFIT":410462180.8,"HOLDER_PROFIT_YOY":17.6192339321,"GROSS_PROFIT_RATIO":26.114941805529,"EPS_TTM":0.114017272444,"OPERATE_INCOME_QOQ":10.027818391948,"NET_PROFIT_RATIO":13.0818744923,"ROE_AVG":15.424000009831,"GROSS_PROFIT_QOQ":-1.586448786531,"ROA":6.569719939602,"HOLDER_PROFIT_QOQ":11.820054602878,"ROE_YEARLY":15.424000009831,"ROIC_YEARLY":9.570684822321,"TOTAL_ASSETS":6698235000,"TOTAL_LIABILITIES":3234262000,"TAX_EBT":19.037824487037,"OCF_SALES":12.192828805224,"TOTAL_PARENT_EQUITY":2863785000,"DEBT_ASSET_RATIO":48.3069327727,"OPERATE_PROFIT":653848619.2,"PRETAX_PROFIT":587901820.8,"NETCASH_OPERATE":443630577.6,"NETCASH_INVEST":-733657825.6,"NETCASH_FINANCE":236340361.6,"END_CASH":1380847092.8,"DIVI_RATIO":0.215278435221,"DIVIDEND_RATE":5.625,"CURRENT_RATIO":2.458946976767,"COMMON_ACS":30000000000,"CURRENTDEBT_DEBT":42.247783265549,"ISSUED_COMMON_SHARES":3556664000,"HK_COMMON_SHARES":3556664000,"PER_SHARES":4000,"TOTAL_MARKET_CAP":1707198720,"HKSK_MARKET_CAP":1707198720,"PE_TTM":6.31264836098,"PB_TTM":0.483884090809,"REPORT_DATE_SQ":"2020-12-31 00:00:00","REPORT_TYPE_SQ":"2020年年报","OPERATE_INCOME_SQ":2962612357.08,"DPS_HKD":0.027,"OPERATE_INCOME_QOQ_SQ":9.375718161372,"NET_PROFIT_RATIO_SQ":15.3524086468,"HOLDER_PROFIT_SQ":359236359.56,"HOLDER_PROFIT_QOQ_SQ":4.186831226693,"ROE_AVG_SQ":17.691121488258,"PE_TTM_SQ":4.520603519889,"PB_TTM_SQ":0.418375255786,"ROA_SQ":7.051805440227,"START_DATE":"2021-01-01 00:00:00","FISCAL_YEAR":"12-31","CURRENCY":"HKD","IS_CNY_CODE":0,"DPS_HKD_LY":null,"ORG_TYPE":"一般企业","PREMIUM_INCOME":null,"PREMIUM_INCOME_YOY":null,"NET_INTEREST_INCOME":null,"NET_INTEREST_INCOME_YOY":null,"FEE_COMMISSION_INCOME":null,"FEE_COMMISSION_INCOME_YOY":null,"ACCOUNTS_RECE_TDAYS":2.947881727421,"INVENTORY_TDAYS":54.254407748727,"CURRENT_ASSETS_TDAYS":1.165503934085,"TOTAL_ASSETS_TDAYS":0.58235888348,"PREMIUM_EXPENSE":null,"LOAN_DEPOSIT":null,"LOAN_EQUITY":null,"LOAN_ASSETS":null,"DEPOSIT_EQUITY":null,"DEPOSIT_ASSETS":null,"EQUITY_MULTIPLIER":1.934495385238,"EQUITY_RATIO":1.129366205913},{"SECUCODE":"03718.HK","SECURITY_CODE":"03718","SECURITY_NAME_ABBR":"北控城市资源","ORG_CODE":"10000024187","STD_REPORT_DATE":"2021-06-30 00:00:00","REPORT_DATE":"2021-06-30 00:00:00","DATE_TYPE_CODE":"002","REPORT_TYPE":"2021年中报","PER_NETCASH_OPERATE":0.082598039133,"PER_OI":0.487893806133,"BPS":0.747694625413,"BASIC_EPS":0.05741352,"DILUTED_EPS":0.05741352,"OPERATE_INCOME":1756417702.08,"OPERATE_INCOME_YOY":36.5377276355,"GROSS_PROFIT":514860317.04,"GROSS_PROFIT_YOY":10.966927037583,"HOLDER_PROFIT":206799338.64,"HOLDER_PROFIT_YOY":14.1022698057,"GROSS_PROFIT_RATIO":29.313090868436,"EPS_TTM":0.101964958656,"OPERATE_INCOME_QOQ":11.619395105045,"NET_PROFIT_RATIO":14.521648832,"ROE_AVG":8.007517367723,"GROSS_PROFIT_QOQ":5.563437085128,"ROA":3.341583326409,"HOLDER_PROFIT_QOQ":2.181708892051,"ROE_YEARLY":16.015034735446,"ROIC_YEARLY":10.040122840852,"TOTAL_ASSETS":6454311427.2,"TOTAL_LIABILITIES":3215005681.44,"TAX_EBT":24.730570240811,"OCF_SALES":16.92951172878,"TOTAL_PARENT_EQUITY":2659298557.2,"DEBT_ASSET_RATIO":49.8117532397,"OPERATE_PROFIT":368068923.84,"PRETAX_PROFIT":338863747.92,"NETCASH_OPERATE":297352940.88,"NETCASH_INVEST":-453381254.16,"NETCASH_FINANCE":288485464.32,"END_CASH":1577369063.52,"DIVI_RATIO":0.240724463812,"DIVIDEND_RATE":5.625,"CURRENT_RATIO":2.083658814403,"COMMON_ACS":30000000000,"CURRENTDEBT_DEBT":49.578577458876,"ISSUED_COMMON_SHARES":3556664000,"HK_COMMON_SHARES":3556664000,"PER_SHARES":4000,"TOTAL_MARKET_CAP":1707198720,"HKSK_MARKET_CAP":1707198720,"PE_TTM":6.31264836098,"PB_TTM":0.483884090809,"REPORT_DATE_SQ":"2020-06-30 00:00:00","REPORT_TYPE_SQ":"2020年中报","OPERATE_INCOME_SQ":1412180066.88,"DPS_HKD":0.027,"OPERATE_INCOME_QOQ_SQ":11.528666503091,"NET_PROFIT_RATIO_SQ":17.5297962098,"HOLDER_PROFIT_SQ":198961847.04,"HOLDER_PROFIT_QOQ_SQ":36.821118588203,"ROE_AVG_SQ":9.970792484735,"PE_TTM_SQ":4.520603519889,"PB_TTM_SQ":0.418375255786,"ROA_SQ":4.061233230231,"START_DATE":"2021-01-01 00:00:00","FISCAL_YEAR":"12-31","CURRENCY":"HKD","IS_CNY_CODE":0,"DPS_HKD_LY":null,"ORG_TYPE":"一般企业","PREMIUM_INCOME":null,"PREMIUM_INCOME_YOY":null,"NET_INTEREST_INCOME":null,"NET_INTEREST_INCOME_YOY":null,"FEE_COMMISSION_INCOME":null,"FEE_COMMISSION_INCOME_YOY":null,"ACCOUNTS_RECE_TDAYS":1.388313149762,"INVENTORY_TDAYS":26.156541707935,"CURRENT_ASSETS_TDAYS":0.56061877251,"TOTAL_ASSETS_TDAYS":0.283812131416,"PREMIUM_EXPENSE":null,"LOAN_DEPOSIT":null,"LOAN_EQUITY":null,"LOAN_ASSETS":null,"DEPOSIT_EQUITY":null,"DEPOSIT_ASSETS":null,"EQUITY_MULTIPLIER":1.992498372729,"EQUITY_RATIO":1.20896755753},{"SECUCODE":"03718.HK","SECURITY_CODE":"03718","SECURITY_NAME_ABBR":"北控城市资源","ORG_CODE":"10000024187","STD_REPORT_DATE":"2020-12-31 00:00:00","REPORT_DATE":"2020-12-31 00:00:00","DATE_TYPE_CODE":"001","REPORT_TYPE":"2020年年报","PER_NETCASH_OPERATE":0.157320751533,"PER_OI":0.822947876967,"BPS":0.71264015501,"BASIC_EPS":0.100744308,"DILUTED_EPS":0.100744308,"OPERATE_INCOME":2962612357.08,"OPERATE_INCOME_YOY":29.8322014969,"GROSS_PROFIT":914613554.56,"GROSS_PROFIT_YOY":30.325007431404,"HOLDER_PROFIT":359236359.56,"HOLDER_PROFIT_YOY":51.7193453904,"GROSS_PROFIT_RATIO":30.871860517772,"EPS_TTM":0.099787877656,"OPERATE_INCOME_QOQ":9.375718161372,"NET_PROFIT_RATIO":15.3524086468,"ROE_AVG":17.691121488258,"GROSS_PROFIT_QOQ":8.810198410525,"ROA":7.051805440227,"HOLDER_PROFIT_QOQ":4.186831226693,"ROE_YEARLY":17.691121488258,"ROIC_YEARLY":10.373688688234,"TOTAL_ASSETS":5991066211.36,"TOTAL_LIABILITIES":2904717624.76,"TAX_EBT":23.212608539353,"OCF_SALES":19.116733384526,"TOTAL_PARENT_EQUITY":2534621584.28,"DEBT_ASSET_RATIO":48.4841516065,"OPERATE_PROFIT":651904044.96,"PRETAX_PROFIT":592326874.28,"NETCASH_OPERATE":566354705.52,"NETCASH_INVEST":-853007189.84,"NETCASH_FINANCE":760894741.68,"END_CASH":1452067184.12,"DIVI_RATIO":0.245976370845,"DIVIDEND_RATE":5.625,"CURRENT_RATIO":1.524142225844,"COMMON_ACS":30000000000,"CURRENTDEBT_DEBT":67.278897353111,"ISSUED_COMMON_SHARES":3556664000,"HK_COMMON_SHARES":3556664000,"PER_SHARES":4000,"TOTAL_MARKET_CAP":1707198720,"HKSK_MARKET_CAP":1707198720,"PE_TTM":6.31264836098,"PB_TTM":0.483884090809,"REPORT_DATE_SQ":"2019-12-31 00:00:00","REPORT_TYPE_SQ":"2019年年报","OPERATE_INCOME_SQ":2428663817.84,"DPS_HKD":0.027,"OPERATE_INCOME_QOQ_SQ":-0.336516855608,"NET_PROFIT_RATIO_SQ":12.9835631677,"HOLDER_PROFIT_SQ":252007995.84,"HOLDER_PROFIT_QOQ_SQ":21.79512309604,"ROE_AVG_SQ":16.69951230168,"PE_TTM_SQ":4.520603519889,"PB_TTM_SQ":0.418375255786,"ROA_SQ":5.744797116329,"START_DATE":"2020-01-01 00:00:00","FISCAL_YEAR":"12-31","CURRENCY":"HKD","IS_CNY_CODE":0,"DPS_HKD_LY":null,"ORG_TYPE":"一般企业","PREMIUM_INCOME":null,"PREMIUM_INCOME_YOY":null,"NET_INTEREST_INCOME":null,"NET_INTEREST_INCOME_YOY":null,"FEE_COMMISSION_INCOME":null,"FEE_COMMISSION_INCOME_YOY":null,"ACCOUNTS_RECE_TDAYS":2.907178818842,"INVENTORY_TDAYS":52.9747681456,"CURRENT_ASSETS_TDAYS":1.208443819785,"TOTAL_ASSETS_TDAYS":0.581560451245,"PREMIUM_EXPENSE":null,"LOAN_DEPOSIT":null,"LOAN_EQUITY":null,"LOAN_ASSETS":null,"DEPOSIT_EQUITY":null,"DEPOSIT_ASSETS":null,"EQUITY_MULTIPLIER":1.94115021141,"EQUITY_RATIO":1.146016290075},{"SECUCODE":"03718.HK","SECURITY_CODE":"03718","SECURITY_NAME_ABBR":"北控城市资源","ORG_CODE":"10000024187","STD_REPORT_DATE":"2020-06-30 00:00:00","REPORT_DATE":"2020-06-30 00:00:00","DATE_TYPE_CODE":"002","REPORT_TYPE":"2020年中报","PER_NETCASH_OPERATE":0.096085007333,"PER_OI":0.3922722408,"BPS":0.65625473979,"BASIC_EPS":0.056359248,"DILUTED_EPS":0.056359248,"OPERATE_INCOME":1412180066.88,"OPERATE_INCOME_YOY":20.1175689976,"GROSS_PROFIT":463976367.36,"GROSS_PROFIT_YOY":42.668868269144,"HOLDER_PROFIT":198961847.04,"HOLDER_PROFIT_YOY":80.4696173795,"GROSS_PROFIT_RATIO":32.855326189746,"EPS_TTM":0.0957778219,"OPERATE_INCOME_QOQ":11.528666503091,"NET_PROFIT_RATIO":17.5297962098,"ROE_AVG":9.970792484735,"GROSS_PROFIT_QOQ":19.772787234251,"ROA":4.061233230231,"HOLDER_PROFIT_QOQ":36.821118588203,"ROE_YEARLY":19.941584969471,"ROIC_YEARLY":11.844073191866,"TOTAL_ASSETS":5242592055.36,"TOTAL_LIABILITIES":2463144852.96,"TAX_EBT":23.25960702585,"OCF_SALES":24.494470252949,"TOTAL_PARENT_EQUITY":2334077607.84,"DEBT_ASSET_RATIO":46.983340053,"OPERATE_PROFIT":353504933.76,"PRETAX_PROFIT":322584076.32,"NETCASH_OPERATE":345906026.4,"NETCASH_INVEST":-405814902.24,"NETCASH_FINANCE":391860279.36,"END_CASH":1267186081.92,"DIVI_RATIO":0.256274986349,"DIVIDEND_RATE":5.625,"CURRENT_RATIO":1.620018905763,"COMMON_ACS":30000000000,"CURRENTDEBT_DEBT":62.965245707585,"ISSUED_COMMON_SHARES":3556664000,"HK_COMMON_SHARES":3556664000,"PER_SHARES":4000,"TOTAL_MARKET_CAP":1707198720,"HKSK_MARKET_CAP":1707198720,"PE_TTM":6.31264836098,"PB_TTM":0.483884090809,"REPORT_DATE_SQ":"2019-06-30 00:00:00","REPORT_TYPE_SQ":"2019年中报","OPERATE_INCOME_SQ":1132187514.84,"DPS_HKD":0.027,"OPERATE_INCOME_QOQ_SQ":25.740723713093,"NET_PROFIT_RATIO_SQ":10.4621282832,"HOLDER_PROFIT_SQ":106169684.04,"HOLDER_PROFIT_QOQ_SQ":-45.347381067142,"ROE_AVG_SQ":7.504797993066,"PE_TTM_SQ":4.520603519889,"PB_TTM_SQ":0.418375255786,"ROA_SQ":2.502516896198,"START_DATE":"2020-01-01 00:00:00","FISCAL_YEAR":"12-31","CURRENCY":"HKD","IS_CNY_CODE":0,"DPS_HKD_LY":null,"ORG_TYPE":"一般企业","PREMIUM_INCOME":null,"PREMIUM_INCOME_YOY":null,"NET_INTEREST_INCOME":null,"NET_INTEREST_INCOME_YOY":null,"FEE_COMMISSION_INCOME":null,"FEE_COMMISSION_INCOME_YOY":null,"ACCOUNTS_RECE_TDAYS":1.491759390908,"INVENTORY_TDAYS":18.443380386792,"CURRENT_ASSETS_TDAYS":0.613814013403,"TOTAL_ASSETS_TDAYS":0.28825589931,"PREMIUM_EXPENSE":null,"LOAN_DEPOSIT":null,"LOAN_EQUITY":null,"LOAN_ASSETS":null,"DEPOSIT_EQUITY":null,"DEPOSIT_ASSETS":null,"EQUITY_MULTIPLIER":1.886199547462,"EQUITY_RATIO":1.055296895307}],"count":15},"success":true,"message":"ok","code":0}