{"version":"b615598c1b793243a8204db71502f9ef","result":{"pages":3,"data":[{"SECUCODE":"03728.HK","SECURITY_CODE":"03728","SECURITY_NAME_ABBR":"正利控股","ORG_CODE":"10505435","STD_REPORT_DATE":"2024-06-30 00:00:00","REPORT_DATE":"2024-09-30 00:00:00","DATE_TYPE_CODE":"002","REPORT_TYPE":"2024年中报","PER_NETCASH_OPERATE":-0.018025117394,"PER_OI":0.510229755262,"BPS":0.116416370849,"BASIC_EPS":0.003336623,"DILUTED_EPS":0.003336623,"OPERATE_INCOME":516862742.08,"OPERATE_INCOME_YOY":28.8037017311,"GROSS_PROFIT":35506177.67,"GROSS_PROFIT_YOY":10.70424814492,"HOLDER_PROFIT":3395239.35,"HOLDER_PROFIT_YOY":10.0233781414,"GROSS_PROFIT_RATIO":6.869556417844,"EPS_TTM":0.009568442843,"OPERATE_INCOME_QOQ":0,"NET_PROFIT_RATIO":0.6568938083,"ROE_AVG":2.921084176103,"GROSS_PROFIT_QOQ":0,"ROA":0.621713402506,"HOLDER_PROFIT_QOQ":0,"ROE_YEARLY":5.842168352206,"ROIC_YEARLY":1.363814188014,"TOTAL_ASSETS":568404549.53,"TOTAL_LIABILITIES":450474765.86,"TAX_EBT":21.693011647255,"OCF_SALES":-3.532745240355,"TOTAL_PARENT_EQUITY":117929783.67,"DEBT_ASSET_RATIO":79.2524912463,"OPERATE_PROFIT":10013476.16,"PRETAX_PROFIT":4335806.32,"NETCASH_OPERATE":-18259443.92,"NETCASH_INVEST":22754867.07,"NETCASH_FINANCE":14352889.64,"END_CASH":57630693.53,"DIVI_RATIO":null,"DIVIDEND_RATE":null,"CURRENT_RATIO":1.121655560325,"COMMON_ACS":10000000000,"CURRENTDEBT_DEBT":99.795809694635,"ISSUED_COMMON_SHARES":1013000000,"HK_COMMON_SHARES":1013000000,"PER_SHARES":20000,"TOTAL_MARKET_CAP":34442000,"HKSK_MARKET_CAP":34442000,"PE_TTM":3.121159945628,"PB_TTM":0.263372408678,"REPORT_DATE_SQ":"2023-06-30 00:00:00","REPORT_TYPE_SQ":"2023年中报","OPERATE_INCOME_SQ":408327915.03,"DPS_HKD":null,"OPERATE_INCOME_QOQ_SQ":0,"NET_PROFIT_RATIO_SQ":0.7690215987,"HOLDER_PROFIT_SQ":3140129.86,"HOLDER_PROFIT_QOQ_SQ":0,"ROE_AVG_SQ":2.896673734821,"PE_TTM_SQ":6.49406279595,"PB_TTM_SQ":0.743015269721,"ROA_SQ":0.597914114932,"START_DATE":"2024-04-01 00:00:00","FISCAL_YEAR":"3-31","CURRENCY":"HKD","IS_CNY_CODE":0,"DPS_HKD_LY":null,"ORG_TYPE":"一般企业","PREMIUM_INCOME":null,"PREMIUM_INCOME_YOY":null,"NET_INTEREST_INCOME":null,"NET_INTEREST_INCOME_YOY":null,"FEE_COMMISSION_INCOME":null,"FEE_COMMISSION_INCOME_YOY":null,"ACCOUNTS_RECE_TDAYS":5.698667183686,"INVENTORY_TDAYS":null,"CURRENT_ASSETS_TDAYS":1.073504305521,"TOTAL_ASSETS_TDAYS":0.946444302983,"PREMIUM_EXPENSE":null,"LOAN_DEPOSIT":null,"LOAN_EQUITY":null,"LOAN_ASSETS":null,"DEPOSIT_EQUITY":null,"DEPOSIT_ASSETS":null,"EQUITY_MULTIPLIER":4.819855780621,"EQUITY_RATIO":3.819855780627},{"SECUCODE":"03728.HK","SECURITY_CODE":"03728","SECURITY_NAME_ABBR":"正利控股","ORG_CODE":"10505435","STD_REPORT_DATE":"2023-12-31 00:00:00","REPORT_DATE":"2024-03-31 00:00:00","DATE_TYPE_CODE":"001","REPORT_TYPE":"2023年年报","PER_NETCASH_OPERATE":-0.025569542547,"PER_OI":0.802461414561,"BPS":0.113661502863,"BASIC_EPS":0.00960943,"DILUTED_EPS":0.00960943,"OPERATE_INCOME":812893412.95,"OPERATE_INCOME_YOY":26.5112545183,"GROSS_PROFIT":69425412.1,"GROSS_PROFIT_YOY":11.158690181626,"HOLDER_PROFIT":9692832.6,"HOLDER_PROFIT_YOY":-7.5006488451,"GROSS_PROFIT_RATIO":8.540530774884,"EPS_TTM":0.011961804067,"OPERATE_INCOME_QOQ":0,"NET_PROFIT_RATIO":1.192386658,"ROE_AVG":8.789040825637,"GROSS_PROFIT_QOQ":0,"ROA":1.838261525884,"HOLDER_PROFIT_QOQ":0,"ROE_YEARLY":8.789040825637,"ROIC_YEARLY":2.011159943833,"TOTAL_ASSETS":526580446.1,"TOTAL_LIABILITIES":411441343.7,"TAX_EBT":20.805866232131,"OCF_SALES":-3.186389037894,"TOTAL_PARENT_EQUITY":115139102.4,"DEBT_ASSET_RATIO":78.134565525,"OPERATE_PROFIT":22325606.85,"PRETAX_PROFIT":12239331.55,"NETCASH_OPERATE":-25901946.6,"NETCASH_INVEST":649996.35,"NETCASH_FINANCE":12565689.55,"END_CASH":38987089.3,"DIVI_RATIO":null,"DIVIDEND_RATE":null,"CURRENT_RATIO":1.12433080021,"COMMON_ACS":10000000000,"CURRENTDEBT_DEBT":99.680954668241,"ISSUED_COMMON_SHARES":1013000000,"HK_COMMON_SHARES":1013000000,"PER_SHARES":20000,"TOTAL_MARKET_CAP":41533000,"HKSK_MARKET_CAP":41533000,"PE_TTM":3.763751699139,"PB_TTM":0.317596139876,"REPORT_DATE_SQ":"2022-12-31 00:00:00","REPORT_TYPE_SQ":"2022年年报","OPERATE_INCOME_SQ":620474850.62,"DPS_HKD":null,"OPERATE_INCOME_QOQ_SQ":0,"NET_PROFIT_RATIO_SQ":1.6673673993,"HOLDER_PROFIT_SQ":10118864.19,"HOLDER_PROFIT_QOQ_SQ":0,"ROE_AVG_SQ":10.681006823625,"PE_TTM_SQ":6.641655132221,"PB_TTM_SQ":0.759901980396,"ROA_SQ":2.613994536667,"START_DATE":"2023-04-01 00:00:00","FISCAL_YEAR":"3-31","CURRENCY":"HKD","IS_CNY_CODE":0,"DPS_HKD_LY":null,"ORG_TYPE":"一般企业","PREMIUM_INCOME":null,"PREMIUM_INCOME_YOY":null,"NET_INTEREST_INCOME":null,"NET_INTEREST_INCOME_YOY":null,"FEE_COMMISSION_INCOME":null,"FEE_COMMISSION_INCOME_YOY":null,"ACCOUNTS_RECE_TDAYS":10.394044245069,"INVENTORY_TDAYS":null,"CURRENT_ASSETS_TDAYS":1.76727360163,"TOTAL_ASSETS_TDAYS":1.541665627931,"PREMIUM_EXPENSE":null,"LOAN_DEPOSIT":null,"LOAN_EQUITY":null,"LOAN_ASSETS":null,"DEPOSIT_EQUITY":null,"DEPOSIT_ASSETS":null,"EQUITY_MULTIPLIER":4.573428445446,"EQUITY_RATIO":3.573428445452},{"SECUCODE":"03728.HK","SECURITY_CODE":"03728","SECURITY_NAME_ABBR":"正利控股","ORG_CODE":"10505435","STD_REPORT_DATE":"2023-06-30 00:00:00","REPORT_DATE":"2023-09-30 00:00:00","DATE_TYPE_CODE":"002","REPORT_TYPE":"2023年中报","PER_NETCASH_OPERATE":-0.029473768322,"PER_OI":0.403087773968,"BPS":0.108680727423,"BASIC_EPS":0.003119942,"DILUTED_EPS":0.003119942,"OPERATE_INCOME":408327915.03,"OPERATE_INCOME_YOY":76.929408116,"GROSS_PROFIT":32073003.76,"GROSS_PROFIT_YOY":48.524569977775,"HOLDER_PROFIT":3140129.86,"HOLDER_PROFIT_YOY":126.1731658956,"GROSS_PROFIT_RATIO":7.854717392428,"EPS_TTM":0.010212828608,"OPERATE_INCOME_QOQ":0,"NET_PROFIT_RATIO":0.7690215987,"ROE_AVG":2.896673734821,"GROSS_PROFIT_QOQ":0,"ROA":0.597914114932,"HOLDER_PROFIT_QOQ":0,"ROE_YEARLY":5.793347469643,"ROIC_YEARLY":1.303651328509,"TOTAL_ASSETS":515923703.05,"TOTAL_LIABILITIES":405830126.17,"TAX_EBT":21.079335793358,"OCF_SALES":-7.311997590908,"TOTAL_PARENT_EQUITY":110093576.88,"DEBT_ASSET_RATIO":78.6608802369,"OPERATE_PROFIT":8617463.33,"PRETAX_PROFIT":3978843.68,"NETCASH_OPERATE":-29856927.31,"NETCASH_INVEST":-51387.28,"NETCASH_FINANCE":12172361.95,"END_CASH":34568957.36,"DIVI_RATIO":null,"DIVIDEND_RATE":null,"CURRENT_RATIO":1.104637430837,"COMMON_ACS":10000000000,"CURRENTDEBT_DEBT":99.753990308846,"ISSUED_COMMON_SHARES":1013000000,"HK_COMMON_SHARES":1013000000,"PER_SHARES":20000,"TOTAL_MARKET_CAP":41533000,"HKSK_MARKET_CAP":41533000,"PE_TTM":3.763751699139,"PB_TTM":0.317596139876,"REPORT_DATE_SQ":"2022-06-30 00:00:00","REPORT_TYPE_SQ":"2022年中报","OPERATE_INCOME_SQ":227468468.88,"DPS_HKD":null,"OPERATE_INCOME_QOQ_SQ":0,"NET_PROFIT_RATIO_SQ":0.6015856733,"HOLDER_PROFIT_SQ":1368417.72,"HOLDER_PROFIT_QOQ_SQ":0,"ROE_AVG_SQ":1.434225181885,"PE_TTM_SQ":6.641655132221,"PB_TTM_SQ":0.759901980396,"ROA_SQ":0.39383247413,"START_DATE":"2023-04-01 00:00:00","FISCAL_YEAR":"3-31","CURRENCY":"HKD","IS_CNY_CODE":0,"DPS_HKD_LY":null,"ORG_TYPE":"一般企业","PREMIUM_INCOME":null,"PREMIUM_INCOME_YOY":null,"NET_INTEREST_INCOME":null,"NET_INTEREST_INCOME_YOY":null,"FEE_COMMISSION_INCOME":null,"FEE_COMMISSION_INCOME_YOY":null,"ACCOUNTS_RECE_TDAYS":5.265330753803,"INVENTORY_TDAYS":null,"CURRENT_ASSETS_TDAYS":0.895828782698,"TOTAL_ASSETS_TDAYS":0.777499768487,"PREMIUM_EXPENSE":null,"LOAN_DEPOSIT":null,"LOAN_EQUITY":null,"LOAN_ASSETS":null,"DEPOSIT_EQUITY":null,"DEPOSIT_ASSETS":null,"EQUITY_MULTIPLIER":4.686228912447,"EQUITY_RATIO":3.686228912449},{"SECUCODE":"03728.HK","SECURITY_CODE":"03728","SECURITY_NAME_ABBR":"正利控股","ORG_CODE":"10505435","STD_REPORT_DATE":"2022-12-31 00:00:00","REPORT_DATE":"2023-03-31 00:00:00","DATE_TYPE_CODE":"001","REPORT_TYPE":"2022年年报","PER_NETCASH_OPERATE":-0.009177546101,"PER_OI":0.612512192122,"BPS":0.100723136367,"BASIC_EPS":0.009979674,"DILUTED_EPS":0.009979674,"OPERATE_INCOME":620474850.62,"OPERATE_INCOME_YOY":32.1117162657,"GROSS_PROFIT":62456126.45,"GROSS_PROFIT_YOY":217.738597008886,"HOLDER_PROFIT":10118864.19,"HOLDER_PROFIT_YOY":165.073509168,"GROSS_PROFIT_RATIO":10.111853856334,"EPS_TTM":-0.005549891955,"OPERATE_INCOME_QOQ":0,"NET_PROFIT_RATIO":1.6673673993,"ROE_AVG":10.681006823625,"GROSS_PROFIT_QOQ":0,"ROA":2.613994536667,"HOLDER_PROFIT_QOQ":0,"ROE_YEARLY":10.681006823625,"ROIC_YEARLY":2.882597215701,"TOTAL_ASSETS":509942957.79,"TOTAL_LIABILITIES":408137151.84,"TAX_EBT":18.546966387147,"OCF_SALES":-1.498345048266,"TOTAL_PARENT_EQUITY":101805805.95,"DEBT_ASSET_RATIO":79.9876719361,"OPERATE_PROFIT":16635416.23,"PRETAX_PROFIT":12422943.31,"NETCASH_OPERATE":-9296854.2,"NETCASH_INVEST":-17324363.9,"NETCASH_FINANCE":52660288.55,"END_CASH":49898370,"DIVI_RATIO":null,"DIVIDEND_RATE":null,"CURRENT_RATIO":1.09046152918,"COMMON_ACS":10000000000,"CURRENTDEBT_DEBT":99.489301280071,"ISSUED_COMMON_SHARES":1013000000,"HK_COMMON_SHARES":1013000000,"PER_SHARES":20000,"TOTAL_MARKET_CAP":37481000,"HKSK_MARKET_CAP":37481000,"PE_TTM":3.396556411418,"PB_TTM":0.28661115062,"REPORT_DATE_SQ":"2021-12-31 00:00:00","REPORT_TYPE_SQ":"2021年年报","OPERATE_INCOME_SQ":435108487.02,"DPS_HKD":null,"OPERATE_INCOME_QOQ_SQ":0,"NET_PROFIT_RATIO_SQ":-3.3850759177,"HOLDER_PROFIT_SQ":-14728752.61,"HOLDER_PROFIT_QOQ_SQ":0,"ROE_AVG_SQ":-15.746167718666,"PE_TTM_SQ":8.14308681672,"PB_TTM_SQ":0.802118757085,"ROA_SQ":-4.870911851006,"START_DATE":"2022-04-01 00:00:00","FISCAL_YEAR":"3-31","CURRENCY":"HKD","IS_CNY_CODE":0,"DPS_HKD_LY":null,"ORG_TYPE":"一般企业","PREMIUM_INCOME":null,"PREMIUM_INCOME_YOY":null,"NET_INTEREST_INCOME":null,"NET_INTEREST_INCOME_YOY":null,"FEE_COMMISSION_INCOME":null,"FEE_COMMISSION_INCOME_YOY":null,"ACCOUNTS_RECE_TDAYS":9.422535960224,"INVENTORY_TDAYS":null,"CURRENT_ASSETS_TDAYS":1.852438836342,"TOTAL_ASSETS_TDAYS":1.567737583084,"PREMIUM_EXPENSE":null,"LOAN_DEPOSIT":null,"LOAN_EQUITY":null,"LOAN_ASSETS":null,"DEPOSIT_EQUITY":null,"DEPOSIT_ASSETS":null,"EQUITY_MULTIPLIER":4.996919882619,"EQUITY_RATIO":4.008977170128},{"SECUCODE":"03728.HK","SECURITY_CODE":"03728","SECURITY_NAME_ABBR":"正利控股","ORG_CODE":"10505435","STD_REPORT_DATE":"2022-06-30 00:00:00","REPORT_DATE":"2022-09-30 00:00:00","DATE_TYPE_CODE":"002","REPORT_TYPE":"2022年中报","PER_NETCASH_OPERATE":-0.048636194038,"PER_OI":0.224549327621,"BPS":0.094862631352,"BASIC_EPS":0.00135666,"DILUTED_EPS":0.00135666,"OPERATE_INCOME":227468468.88,"OPERATE_INCOME_YOY":-26.7481993016,"GROSS_PROFIT":21594409.44,"GROSS_PROFIT_YOY":33.727784132923,"HOLDER_PROFIT":1368417.72,"HOLDER_PROFIT_YOY":116.2880826784,"GROSS_PROFIT_RATIO":9.49336386987,"EPS_TTM":-0.014539736041,"OPERATE_INCOME_QOQ":0,"NET_PROFIT_RATIO":0.6015856733,"ROE_AVG":1.434225181885,"GROSS_PROFIT_QOQ":0,"ROA":0.39383247413,"HOLDER_PROFIT_QOQ":0,"ROE_YEARLY":2.86845036377,"ROIC_YEARLY":0.84751577889,"TOTAL_ASSETS":403875873.12,"TOTAL_LIABILITIES":307780027.56,"TAX_EBT":1.817001946788,"OCF_SALES":-21.659469904812,"TOTAL_PARENT_EQUITY":96095845.56,"DEBT_ASSET_RATIO":76.2065892133,"OPERATE_PROFIT":2252960.04,"PRETAX_PROFIT":1393742.04,"NETCASH_OPERATE":-49268464.56,"NETCASH_INVEST":-18984195.6,"NETCASH_FINANCE":68027454.6,"END_CASH":24424402.2,"DIVI_RATIO":null,"DIVIDEND_RATE":null,"CURRENT_RATIO":1.071370168411,"COMMON_ACS":10000000000,"CURRENTDEBT_DEBT":99.912723810531,"ISSUED_COMMON_SHARES":1013000000,"HK_COMMON_SHARES":1013000000,"PER_SHARES":20000,"TOTAL_MARKET_CAP":37481000,"HKSK_MARKET_CAP":37481000,"PE_TTM":3.396556411418,"PB_TTM":0.28661115062,"REPORT_DATE_SQ":"2021-06-30 00:00:00","REPORT_TYPE_SQ":"2021年中报","OPERATE_INCOME_SQ":286021987.34,"DPS_HKD":null,"OPERATE_INCOME_QOQ_SQ":0,"NET_PROFIT_RATIO_SQ":-2.7054893269,"HOLDER_PROFIT_SQ":-7738294.34,"HOLDER_PROFIT_QOQ_SQ":0,"ROE_AVG_SQ":-7.75556891427,"PE_TTM_SQ":8.14308681672,"PB_TTM_SQ":0.802118757085,"ROA_SQ":-2.244999564969,"START_DATE":"2022-04-01 00:00:00","FISCAL_YEAR":"3-31","CURRENCY":"HKD","IS_CNY_CODE":0,"DPS_HKD_LY":null,"ORG_TYPE":"一般企业","PREMIUM_INCOME":null,"PREMIUM_INCOME_YOY":null,"NET_INTEREST_INCOME":null,"NET_INTEREST_INCOME_YOY":null,"FEE_COMMISSION_INCOME":null,"FEE_COMMISSION_INCOME_YOY":null,"ACCOUNTS_RECE_TDAYS":3.47589695395,"INVENTORY_TDAYS":null,"CURRENT_ASSETS_TDAYS":0.806881052562,"TOTAL_ASSETS_TDAYS":0.654657335813,"PREMIUM_EXPENSE":null,"LOAN_DEPOSIT":null,"LOAN_EQUITY":null,"LOAN_ASSETS":null,"DEPOSIT_EQUITY":null,"DEPOSIT_ASSETS":null,"EQUITY_MULTIPLIER":4.202844262072,"EQUITY_RATIO":3.202844262064},{"SECUCODE":"03728.HK","SECURITY_CODE":"03728","SECURITY_NAME_ABBR":"正利控股","ORG_CODE":"10505435","STD_REPORT_DATE":"2021-12-31 00:00:00","REPORT_DATE":"2022-03-31 00:00:00","DATE_TYPE_CODE":"001","REPORT_TYPE":"2021年年报","PER_NETCASH_OPERATE":-0.007334316496,"PER_OI":0.429524666357,"BPS":0.083851869062,"BASIC_EPS":-0.014517079,"DILUTED_EPS":-0.014517079,"OPERATE_INCOME":435108487.02,"OPERATE_INCOME_YOY":-40.9664737035,"GROSS_PROFIT":19656449.37,"GROSS_PROFIT_YOY":-62.079964648501,"HOLDER_PROFIT":-14728752.61,"HOLDER_PROFIT_YOY":-257.4016293985,"GROSS_PROFIT_RATIO":4.517597324893,"EPS_TTM":-0.009828757493,"OPERATE_INCOME_QOQ":0,"NET_PROFIT_RATIO":-3.3850759177,"ROE_AVG":-15.746167718666,"GROSS_PROFIT_QOQ":0,"ROA":-4.870911851006,"HOLDER_PROFIT_QOQ":0,"ROE_YEARLY":-15.746167718666,"ROIC_YEARLY":-5.50426739083,"TOTAL_ASSETS":260982206.99,"TOTAL_LIABILITIES":176040263.63,"TAX_EBT":12.783940834654,"OCF_SALES":-1.707542562749,"TOTAL_PARENT_EQUITY":84941943.36,"DEBT_ASSET_RATIO":67.4529753045,"OPERATE_PROFIT":-15414056.06,"PRETAX_PROFIT":-16887661.23,"NETCASH_OPERATE":-7429662.61,"NETCASH_INVEST":5950380.37,"NETCASH_FINANCE":-23900464.7,"END_CASH":22104077.55,"DIVI_RATIO":null,"DIVIDEND_RATE":null,"CURRENT_RATIO":1.196318593549,"COMMON_ACS":10000000000,"CURRENTDEBT_DEBT":99.78761926261,"ISSUED_COMMON_SHARES":1013000000,"HK_COMMON_SHARES":1013000000,"PER_SHARES":20000,"TOTAL_MARKET_CAP":37481000,"HKSK_MARKET_CAP":37481000,"PE_TTM":3.396556411418,"PB_TTM":0.28661115062,"REPORT_DATE_SQ":"2020-12-31 00:00:00","REPORT_TYPE_SQ":"2020年年报","OPERATE_INCOME_SQ":768107190.62,"DPS_HKD":null,"OPERATE_INCOME_QOQ_SQ":0,"NET_PROFIT_RATIO_SQ":1.2695736948,"HOLDER_PROFIT_SQ":9751686.84,"HOLDER_PROFIT_QOQ_SQ":0,"ROE_AVG_SQ":9.345574864632,"PE_TTM_SQ":8.14308681672,"PB_TTM_SQ":0.802118757085,"ROA_SQ":2.441194361429,"START_DATE":"2021-04-01 00:00:00","FISCAL_YEAR":"3-31","CURRENCY":"HKD","IS_CNY_CODE":0,"DPS_HKD_LY":0.003,"ORG_TYPE":"一般企业","PREMIUM_INCOME":null,"PREMIUM_INCOME_YOY":null,"NET_INTEREST_INCOME":null,"NET_INTEREST_INCOME_YOY":null,"FEE_COMMISSION_INCOME":null,"FEE_COMMISSION_INCOME_YOY":null,"ACCOUNTS_RECE_TDAYS":10.02695024857,"INVENTORY_TDAYS":null,"CURRENT_ASSETS_TDAYS":1.728744417449,"TOTAL_ASSETS_TDAYS":1.438937255596,"PREMIUM_EXPENSE":null,"LOAN_DEPOSIT":null,"LOAN_EQUITY":null,"LOAN_ASSETS":null,"DEPOSIT_EQUITY":null,"DEPOSIT_ASSETS":null,"EQUITY_MULTIPLIER":3.072477467159,"EQUITY_RATIO":2.072477467156},{"SECUCODE":"03728.HK","SECURITY_CODE":"03728","SECURITY_NAME_ABBR":"正利控股","ORG_CODE":"10505435","STD_REPORT_DATE":"2021-06-30 00:00:00","REPORT_DATE":"2021-09-30 00:00:00","DATE_TYPE_CODE":"002","REPORT_TYPE":"2021年中报","PER_NETCASH_OPERATE":-0.02171136926,"PER_OI":0.282351418894,"BPS":0.093427720118,"BASIC_EPS":-0.007664152,"DILUTED_EPS":-0.007664152,"OPERATE_INCOME":286021987.34,"OPERATE_INCOME_YOY":-33.4482785357,"GROSS_PROFIT":16148035.04,"GROSS_PROFIT_YOY":-50.692863791341,"HOLDER_PROFIT":-7738294.34,"HOLDER_PROFIT_YOY":-168.1911613566,"GROSS_PROFIT_RATIO":5.645732060733,"EPS_TTM":0.009626541797,"OPERATE_INCOME_QOQ":0,"NET_PROFIT_RATIO":-2.7054893269,"ROE_AVG":-7.75556891427,"GROSS_PROFIT_QOQ":0,"ROA":-2.244999564969,"HOLDER_PROFIT_QOQ":0,"ROE_YEARLY":-15.511137828541,"ROIC_YEARLY":-4.937917213205,"TOTAL_ASSETS":336252173.1,"TOTAL_LIABILITIES":241609892.62,"TAX_EBT":0.864461045891,"OCF_SALES":-7.68948473666,"TOTAL_PARENT_EQUITY":94642280.48,"DEBT_ASSET_RATIO":71.8537787853,"OPERATE_PROFIT":-6412062.82,"PRETAX_PROFIT":-7805772.2,"NETCASH_OPERATE":-21993617.06,"NETCASH_INVEST":-833.06,"NETCASH_FINANCE":-13021560.86,"END_CASH":13758818.96,"DIVI_RATIO":null,"DIVIDEND_RATE":null,"CURRENT_RATIO":1.190762014135,"COMMON_ACS":10000000000,"CURRENTDEBT_DEBT":99.377988945857,"ISSUED_COMMON_SHARES":1013000000,"HK_COMMON_SHARES":1013000000,"PER_SHARES":20000,"TOTAL_MARKET_CAP":37481000,"HKSK_MARKET_CAP":37481000,"PE_TTM":3.396556411418,"PB_TTM":0.28661115062,"REPORT_DATE_SQ":"2020-06-30 00:00:00","REPORT_TYPE_SQ":"2020年中报","OPERATE_INCOME_SQ":453329890.56,"DPS_HKD":null,"OPERATE_INCOME_QOQ_SQ":0,"NET_PROFIT_RATIO_SQ":2.6404444289,"HOLDER_PROFIT_SQ":11969923.84,"HOLDER_PROFIT_QOQ_SQ":0,"ROE_AVG_SQ":10.7876095332,"PE_TTM_SQ":8.14308681672,"PB_TTM_SQ":0.802118757085,"ROA_SQ":2.612546436853,"START_DATE":"2021-04-01 00:00:00","FISCAL_YEAR":"3-31","CURRENCY":"HKD","IS_CNY_CODE":0,"DPS_HKD_LY":0.003,"ORG_TYPE":"一般企业","PREMIUM_INCOME":null,"PREMIUM_INCOME_YOY":null,"NET_INTEREST_INCOME":null,"NET_INTEREST_INCOME_YOY":null,"FEE_COMMISSION_INCOME":null,"FEE_COMMISSION_INCOME_YOY":null,"ACCOUNTS_RECE_TDAYS":5.164079655867,"INVENTORY_TDAYS":null,"CURRENT_ASSETS_TDAYS":0.974337508726,"TOTAL_ASSETS_TDAYS":0.829794278864,"PREMIUM_EXPENSE":null,"LOAN_DEPOSIT":null,"LOAN_EQUITY":null,"LOAN_ASSETS":null,"DEPOSIT_EQUITY":null,"DEPOSIT_ASSETS":null,"EQUITY_MULTIPLIER":3.552874797551,"EQUITY_RATIO":2.552874797549},{"SECUCODE":"03728.HK","SECURITY_CODE":"03728","SECURITY_NAME_ABBR":"正利控股","ORG_CODE":"10505435","STD_REPORT_DATE":"2020-12-31 00:00:00","REPORT_DATE":"2021-03-31 00:00:00","DATE_TYPE_CODE":"001","REPORT_TYPE":"2020年年报","PER_NETCASH_OPERATE":0.066974466081,"PER_OI":0.758249941382,"BPS":0.105072644107,"BASIC_EPS":0.009635052,"DILUTED_EPS":0.009635052,"OPERATE_INCOME":768107190.62,"OPERATE_INCOME_YOY":-8.5093145817,"GROSS_PROFIT":51836579.76,"GROSS_PROFIT_YOY":-29.665385456941,"HOLDER_PROFIT":9751686.84,"HOLDER_PROFIT_YOY":-5.1930977814,"GROSS_PROFIT_RATIO":6.748612744812,"EPS_TTM":0.012636154758,"OPERATE_INCOME_QOQ":0,"NET_PROFIT_RATIO":1.2695736948,"ROE_AVG":9.345574864632,"GROSS_PROFIT_QOQ":0,"ROA":2.441194361429,"HOLDER_PROFIT_QOQ":0,"ROE_YEARLY":9.345574864632,"ROIC_YEARLY":2.779788829528,"TOTAL_ASSETS":358265885.74,"TOTAL_LIABILITIES":251827297.26,"TAX_EBT":9.901608620959,"OCF_SALES":8.83276904168,"TOTAL_PARENT_EQUITY":106438588.48,"DEBT_ASSET_RATIO":70.2906157922,"OPERATE_PROFIT":14506669.52,"PRETAX_PROFIT":10823375.08,"NETCASH_OPERATE":67845134.14,"NETCASH_INVEST":-1240724.24,"NETCASH_FINANCE":-64949547.46,"END_CASH":49484443.82,"DIVI_RATIO":null,"DIVIDEND_RATE":null,"CURRENT_RATIO":1.220452320675,"COMMON_ACS":10000000000,"CURRENTDEBT_DEBT":99.427098541065,"ISSUED_COMMON_SHARES":1013000000,"HK_COMMON_SHARES":1013000000,"PER_SHARES":20000,"TOTAL_MARKET_CAP":37481000,"HKSK_MARKET_CAP":37481000,"PE_TTM":3.396556411418,"PB_TTM":0.28661115062,"REPORT_DATE_SQ":"2019-12-31 00:00:00","REPORT_TYPE_SQ":"2019年年报","OPERATE_INCOME_SQ":907610189.5,"DPS_HKD":null,"OPERATE_INCOME_QOQ_SQ":0,"NET_PROFIT_RATIO_SQ":1.2251657296,"HOLDER_PROFIT_SQ":11119729,"HOLDER_PROFIT_QOQ_SQ":0,"ROE_AVG_SQ":10.453754804905,"PE_TTM_SQ":8.14308681672,"PB_TTM_SQ":0.802118757085,"ROA_SQ":2.525490961046,"START_DATE":"2020-04-01 00:00:00","FISCAL_YEAR":"3-31","CURRENCY":"HKD","IS_CNY_CODE":0,"DPS_HKD_LY":0.0065,"ORG_TYPE":"一般企业","PREMIUM_INCOME":null,"PREMIUM_INCOME_YOY":null,"NET_INTEREST_INCOME":null,"NET_INTEREST_INCOME_YOY":null,"FEE_COMMISSION_INCOME":null,"FEE_COMMISSION_INCOME_YOY":null,"ACCOUNTS_RECE_TDAYS":12.614900926536,"INVENTORY_TDAYS":null,"CURRENT_ASSETS_TDAYS":2.213271215582,"TOTAL_ASSETS_TDAYS":1.922845732723,"PREMIUM_EXPENSE":null,"LOAN_DEPOSIT":null,"LOAN_EQUITY":null,"LOAN_ASSETS":null,"DEPOSIT_EQUITY":null,"DEPOSIT_ASSETS":null,"EQUITY_MULTIPLIER":3.36593984246,"EQUITY_RATIO":2.36593984246},{"SECUCODE":"03728.HK","SECURITY_CODE":"03728","SECURITY_NAME_ABBR":"正利控股","ORG_CODE":"10505435","STD_REPORT_DATE":"2020-06-30 00:00:00","REPORT_DATE":"2020-09-30 00:00:00","DATE_TYPE_CODE":"002","REPORT_TYPE":"2020年中报","PER_NETCASH_OPERATE":0.033636846436,"PER_OI":0.44751223155,"BPS":0.114126037039,"BASIC_EPS":0.011774848,"DILUTED_EPS":0.011774848,"OPERATE_INCOME":453329890.56,"OPERATE_INCOME_YOY":22.9968529468,"GROSS_PROFIT":32749894.4,"GROSS_PROFIT_YOY":-22.141649917992,"HOLDER_PROFIT":11969923.84,"HOLDER_PROFIT_YOY":19.4179012887,"GROSS_PROFIT_RATIO":7.22429627562,"EPS_TTM":0.010977027641,"OPERATE_INCOME_QOQ":0,"NET_PROFIT_RATIO":2.6404444289,"ROE_AVG":10.7876095332,"GROSS_PROFIT_QOQ":0,"ROA":2.612546436853,"HOLDER_PROFIT_QOQ":0,"ROE_YEARLY":21.575219066399,"ROIC_YEARLY":6.066976354737,"TOTAL_ASSETS":458192727.04,"TOTAL_LIABILITIES":342583051.52,"TAX_EBT":11.378570034481,"OCF_SALES":7.516408282257,"TOTAL_PARENT_EQUITY":115609675.52,"DEBT_ASSET_RATIO":74.7683302904,"OPERATE_PROFIT":15146496.64,"PRETAX_PROFIT":13506805.12,"NETCASH_OPERATE":34074125.44,"NETCASH_INVEST":-3198540.8,"NETCASH_FINANCE":-3174815.36,"END_CASH":77428412.8,"DIVI_RATIO":null,"DIVIDEND_RATE":null,"CURRENT_RATIO":1.187811440842,"COMMON_ACS":10000000000,"CURRENTDEBT_DEBT":99.139191414486,"ISSUED_COMMON_SHARES":1013000000,"HK_COMMON_SHARES":1013000000,"PER_SHARES":20000,"TOTAL_MARKET_CAP":37481000,"HKSK_MARKET_CAP":37481000,"PE_TTM":3.396556411418,"PB_TTM":0.28661115062,"REPORT_DATE_SQ":"2019-06-30 00:00:00","REPORT_TYPE_SQ":"2019年中报","OPERATE_INCOME_SQ":378339074.4,"DPS_HKD":null,"OPERATE_INCOME_QOQ_SQ":0,"NET_PROFIT_RATIO_SQ":2.7195784856,"HOLDER_PROFIT_SQ":10289228.07,"HOLDER_PROFIT_QOQ_SQ":0,"ROE_AVG_SQ":9.703501750237,"PE_TTM_SQ":8.14308681672,"PB_TTM_SQ":0.802118757085,"ROA_SQ":2.22444747139,"START_DATE":"2020-04-01 00:00:00","FISCAL_YEAR":"3-31","CURRENCY":"HKD","IS_CNY_CODE":0,"DPS_HKD_LY":0.0065,"ORG_TYPE":"一般企业","PREMIUM_INCOME":null,"PREMIUM_INCOME_YOY":null,"NET_INTEREST_INCOME":null,"NET_INTEREST_INCOME_YOY":null,"FEE_COMMISSION_INCOME":null,"FEE_COMMISSION_INCOME_YOY":null,"ACCOUNTS_RECE_TDAYS":5.046123449062,"INVENTORY_TDAYS":null,"CURRENT_ASSETS_TDAYS":1.123009040269,"TOTAL_ASSETS_TDAYS":0.989434357421,"PREMIUM_EXPENSE":null,"LOAN_DEPOSIT":null,"LOAN_EQUITY":null,"LOAN_ASSETS":null,"DEPOSIT_EQUITY":null,"DEPOSIT_ASSETS":null,"EQUITY_MULTIPLIER":3.963273186077,"EQUITY_RATIO":2.963273186082}],"count":27},"success":true,"message":"ok","code":0}