{"version":"ad91a6cd04f45d0706856224c2eb0ee6","result":{"pages":3,"data":[{"SECUCODE":"03738.HK","SECURITY_CODE":"03738","SECURITY_NAME_ABBR":"阜博集团","ORG_CODE":"10683221","STD_REPORT_DATE":"2024-06-30 00:00:00","REPORT_DATE":"2024-06-30 00:00:00","DATE_TYPE_CODE":"002","REPORT_TYPE":"2024年中报","PER_NETCASH_OPERATE":0.004425151846,"PER_OI":0.474177230434,"BPS":0.796308779554,"BASIC_EPS":0.016793312,"DILUTED_EPS":0.015606828,"OPERATE_INCOME":1077541039.12,"OPERATE_INCOME_YOY":17.7389115597,"GROSS_PROFIT":460097503.56,"GROSS_PROFIT_YOY":27.053534363228,"HOLDER_PROFIT":37852490.32,"HOLDER_PROFIT_YOY":42.2144498165,"GROSS_PROFIT_RATIO":42.698838081912,"EPS_TTM":0.001707395301,"OPERATE_INCOME_QOQ":8.438592793072,"NET_PROFIT_RATIO":3.9234851783,"ROE_AVG":2.100182779808,"GROSS_PROFIT_QOQ":12.716112432796,"ROA":1.147704003944,"HOLDER_PROFIT_QOQ":154.764344905843,"ROE_YEARLY":4.200365559615,"ROIC_YEARLY":2.627660411924,"TOTAL_ASSETS":3396256601.88,"TOTAL_LIABILITIES":1404870070.4,"TAX_EBT":33.66651391912,"OCF_SALES":0.933227401549,"TOTAL_PARENT_EQUITY":1821157108.6,"DEBT_ASSET_RATIO":41.3652510715,"OPERATE_PROFIT":105747668.2,"PRETAX_PROFIT":63734269.76,"NETCASH_OPERATE":10055908.24,"NETCASH_INVEST":-45188612.16,"NETCASH_FINANCE":108590666.4,"END_CASH":275305358.6,"DIVI_RATIO":null,"DIVIDEND_RATE":null,"CURRENT_RATIO":1.817804609226,"COMMON_ACS":32000000000,"CURRENTDEBT_DEBT":61.359661659997,"ISSUED_COMMON_SHARES":2286998656,"HK_COMMON_SHARES":2286998656,"PER_SHARES":1000,"TOTAL_MARKET_CAP":9102254650.88,"HKSK_MARKET_CAP":9102254650.88,"PE_TTM":2025.8746162653,"PB_TTM":4.561630479619,"REPORT_DATE_SQ":"2023-06-30 00:00:00","REPORT_TYPE_SQ":"2023年中报","OPERATE_INCOME_SQ":924520976.88,"DPS_HKD":null,"OPERATE_INCOME_QOQ_SQ":34.836258490232,"NET_PROFIT_RATIO_SQ":3.3834751425,"HOLDER_PROFIT_SQ":26887702.74,"HOLDER_PROFIT_QOQ_SQ":17.727869445225,"ROE_AVG_SQ":1.698242912851,"PE_TTM_SQ":89.142320530504,"PB_TTM_SQ":2.180405217724,"ROA_SQ":0.874452511409,"START_DATE":"2024-01-01 00:00:00","FISCAL_YEAR":"12-31","CURRENCY":"HKD","IS_CNY_CODE":0,"DPS_HKD_LY":null,"ORG_TYPE":"一般企业","PREMIUM_INCOME":null,"PREMIUM_INCOME_YOY":null,"NET_INTEREST_INCOME":null,"NET_INTEREST_INCOME_YOY":null,"FEE_COMMISSION_INCOME":null,"FEE_COMMISSION_INCOME_YOY":null,"ACCOUNTS_RECE_TDAYS":1.041106931283,"INVENTORY_TDAYS":100.43304631829,"CURRENT_ASSETS_TDAYS":0.744298848249,"TOTAL_ASSETS_TDAYS":0.326715139363,"PREMIUM_EXPENSE":null,"LOAN_DEPOSIT":null,"LOAN_EQUITY":null,"LOAN_ASSETS":null,"DEPOSIT_EQUITY":null,"DEPOSIT_ASSETS":null,"EQUITY_MULTIPLIER":1.705473321323,"EQUITY_RATIO":0.771416185768},{"SECUCODE":"03738.HK","SECURITY_CODE":"03738","SECURITY_NAME_ABBR":"阜博集团","ORG_CODE":"10683221","STD_REPORT_DATE":"2023-12-31 00:00:00","REPORT_DATE":"2023-12-31 00:00:00","DATE_TYPE_CODE":"001","REPORT_TYPE":"2023年年报","PER_NETCASH_OPERATE":0.044522589887,"PER_OI":0.80936480894,"BPS":0.774335528302,"BASIC_EPS":-0.00317177,"DILUTED_EPS":-0.00317177,"OPERATE_INCOME":1813336251.58,"OPERATE_INCOME_YOY":38.7003957939,"GROSS_PROFIT":770429276.54,"GROSS_PROFIT_YOY":46.007187607184,"HOLDER_PROFIT":-7084827.96,"HOLDER_PROFIT_YOY":-118.6133993619,"GROSS_PROFIT_RATIO":42.486840257493,"EPS_TTM":-0.003162243309,"OPERATE_INCOME_QOQ":4.357075852618,"NET_PROFIT_RATIO":-0.0104948103,"ROE_AVG":-0.453662506546,"GROSS_PROFIT_QOQ":11.182321191008,"ROA":-0.231081871349,"HOLDER_PROFIT_QOQ":-116.039739289783,"ROE_YEARLY":-0.453662506546,"ROIC_YEARLY":-0.263540097248,"TOTAL_ASSETS":3177305191.76,"TOTAL_LIABILITIES":1238164761.12,"TAX_EBT":100.445472094355,"OCF_SALES":5.500929790219,"TOTAL_PARENT_EQUITY":1770904312.52,"DEBT_ASSET_RATIO":38.9690220609,"OPERATE_PROFIT":126319818.24,"PRETAX_PROFIT":42720117.02,"NETCASH_OPERATE":99750354.06,"NETCASH_INVEST":-193805115.42,"NETCASH_FINANCE":125946455.6,"END_CASH":217531767.46,"DIVI_RATIO":null,"DIVIDEND_RATE":null,"CURRENT_RATIO":1.975714206212,"COMMON_ACS":32000000000,"CURRENTDEBT_DEBT":53.921478215555,"ISSUED_COMMON_SHARES":2286998656,"HK_COMMON_SHARES":2286998656,"PER_SHARES":1000,"TOTAL_MARKET_CAP":7798665416.96,"HKSK_MARKET_CAP":7798665416.96,"PE_TTM":1735.73679433786,"PB_TTM":3.908331642086,"REPORT_DATE_SQ":"2022-12-31 00:00:00","REPORT_TYPE_SQ":"2022年年报","OPERATE_INCOME_SQ":1288693830.9,"DPS_HKD":null,"OPERATE_INCOME_QOQ_SQ":67.132798564106,"NET_PROFIT_RATIO_SQ":4.027462968,"HOLDER_PROFIT_SQ":37519126.54,"HOLDER_PROFIT_QOQ_SQ":314.440599729265,"ROE_AVG_SQ":2.773533299964,"PE_TTM_SQ":64.616391072376,"PB_TTM_SQ":1.580505369462,"ROA_SQ":1.669901947629,"START_DATE":"2023-01-01 00:00:00","FISCAL_YEAR":"12-31","CURRENCY":"HKD","IS_CNY_CODE":0,"DPS_HKD_LY":null,"ORG_TYPE":"一般企业","PREMIUM_INCOME":null,"PREMIUM_INCOME_YOY":null,"NET_INTEREST_INCOME":null,"NET_INTEREST_INCOME_YOY":null,"FEE_COMMISSION_INCOME":null,"FEE_COMMISSION_INCOME_YOY":null,"ACCOUNTS_RECE_TDAYS":2.295504526218,"INVENTORY_TDAYS":107.108939457397,"CURRENT_ASSETS_TDAYS":1.471594070201,"TOTAL_ASSETS_TDAYS":0.591445744013,"PREMIUM_EXPENSE":null,"LOAN_DEPOSIT":null,"LOAN_EQUITY":null,"LOAN_ASSETS":null,"DEPOSIT_EQUITY":null,"DEPOSIT_ASSETS":null,"EQUITY_MULTIPLIER":1.638512168358,"EQUITY_RATIO":0.699170899504},{"SECUCODE":"03738.HK","SECURITY_CODE":"03738","SECURITY_NAME_ABBR":"阜博集团","ORG_CODE":"10683221","STD_REPORT_DATE":"2023-06-30 00:00:00","REPORT_DATE":"2023-06-30 00:00:00","DATE_TYPE_CODE":"002","REPORT_TYPE":"2023年中报","PER_NETCASH_OPERATE":0.044895661654,"PER_OI":0.41406281936,"BPS":0.782914269959,"BASIC_EPS":0.012170136,"DILUTED_EPS":0.011155958,"OPERATE_INCOME":924520976.88,"OPERATE_INCOME_YOY":80.3128821118,"GROSS_PROFIT":362128850.54,"GROSS_PROFIT_YOY":83.960038926755,"HOLDER_PROFIT":26887702.74,"HOLDER_PROFIT_YOY":23.2430376537,"GROSS_PROFIT_RATIO":39.169349273403,"EPS_TTM":0.019782513429,"OPERATE_INCOME_QOQ":34.836258490232,"NET_PROFIT_RATIO":3.3834751425,"ROE_AVG":1.698242912851,"GROSS_PROFIT_QOQ":31.322305599599,"ROA":0.874452511409,"HOLDER_PROFIT_QOQ":17.727869445225,"ROE_YEARLY":3.396485825702,"ROIC_YEARLY":1.999399419164,"TOTAL_ASSETS":3143654000.46,"TOTAL_LIABILITIES":1187393148.54,"TAX_EBT":24.829954580702,"OCF_SALES":10.842717470651,"TOTAL_PARENT_EQUITY":1790523883.16,"DEBT_ASSET_RATIO":37.77111439,"OPERATE_PROFIT":88017742.68,"PRETAX_PROFIT":41613567.3,"NETCASH_OPERATE":100243197.48,"NETCASH_INVEST":-79778929.4,"NETCASH_FINANCE":31498524.72,"END_CASH":228841889.86,"DIVI_RATIO":null,"DIVIDEND_RATE":null,"CURRENT_RATIO":1.955607625033,"COMMON_ACS":32000000000,"CURRENTDEBT_DEBT":56.235824495117,"ISSUED_COMMON_SHARES":2286998656,"HK_COMMON_SHARES":2286998656,"PER_SHARES":1000,"TOTAL_MARKET_CAP":7798665416.96,"HKSK_MARKET_CAP":7798665416.96,"PE_TTM":1735.73679433786,"PB_TTM":3.908331642086,"REPORT_DATE_SQ":"2022-06-30 00:00:00","REPORT_TYPE_SQ":"2022年中报","OPERATE_INCOME_SQ":475588262.8,"DPS_HKD":null,"OPERATE_INCOME_QOQ_SQ":37.369060119435,"NET_PROFIT_RATIO_SQ":5.2407753722,"HOLDER_PROFIT_SQ":20236360.97,"HOLDER_PROFIT_QOQ_SQ":5.633201086008,"ROE_AVG_SQ":1.556164088076,"PE_TTM_SQ":64.616391072376,"PB_TTM_SQ":1.580505369462,"ROA_SQ":0.955994865108,"START_DATE":"2023-01-01 00:00:00","FISCAL_YEAR":"12-31","CURRENCY":"HKD","IS_CNY_CODE":0,"DPS_HKD_LY":null,"ORG_TYPE":"一般企业","PREMIUM_INCOME":null,"PREMIUM_INCOME_YOY":null,"NET_INTEREST_INCOME":null,"NET_INTEREST_INCOME_YOY":null,"FEE_COMMISSION_INCOME":null,"FEE_COMMISSION_INCOME_YOY":null,"ACCOUNTS_RECE_TDAYS":1.219515042724,"INVENTORY_TDAYS":64.891808510638,"CURRENT_ASSETS_TDAYS":0.748251664761,"TOTAL_ASSETS_TDAYS":0.300676371611,"PREMIUM_EXPENSE":null,"LOAN_DEPOSIT":null,"LOAN_EQUITY":null,"LOAN_ASSETS":null,"DEPOSIT_EQUITY":null,"DEPOSIT_ASSETS":null,"EQUITY_MULTIPLIER":1.606970766385,"EQUITY_RATIO":0.663154040953},{"SECUCODE":"03738.HK","SECURITY_CODE":"03738","SECURITY_NAME_ABBR":"阜博集团","ORG_CODE":"10683221","STD_REPORT_DATE":"2022-12-31 00:00:00","REPORT_DATE":"2022-12-31 00:00:00","DATE_TYPE_CODE":"001","REPORT_TYPE":"2022年年报","PER_NETCASH_OPERATE":0.015864257277,"PER_OI":0.608564349235,"BPS":0.582929908915,"BASIC_EPS":0.017686746,"DILUTED_EPS":0.017508092,"OPERATE_INCOME":1288693830.9,"OPERATE_INCOME_YOY":110.1400088562,"GROSS_PROFIT":527665308.24,"GROSS_PROFIT_YOY":85.044973577081,"HOLDER_PROFIT":37519126.54,"HOLDER_PROFIT_YOY":285.2185033294,"GROSS_PROFIT_RATIO":40.945746428497,"EPS_TTM":0.017717787018,"OPERATE_INCOME_QOQ":67.132798564106,"NET_PROFIT_RATIO":4.027462968,"ROE_AVG":2.773533299964,"GROSS_PROFIT_QOQ":52.597147317502,"ROA":1.669901947629,"HOLDER_PROFIT_QOQ":314.440599729265,"ROE_YEARLY":2.773533299964,"ROIC_YEARLY":2.036002073715,"TOTAL_ASSETS":2912350512.75,"TOTAL_LIABILITIES":1417342576.3,"TAX_EBT":37.214453977653,"OCF_SALES":2.606833163509,"TOTAL_PARENT_EQUITY":1333159918.23,"DEBT_ASSET_RATIO":48.666620659,"OPERATE_PROFIT":165618510.89,"PRETAX_PROFIT":82664992.34,"NETCASH_OPERATE":33594098.16,"NETCASH_INVEST":-918209205.13,"NETCASH_FINANCE":637389235.42,"END_CASH":202321188.65,"DIVI_RATIO":null,"DIVIDEND_RATE":null,"CURRENT_RATIO":1.198922232256,"COMMON_ACS":32000000000,"CURRENTDEBT_DEBT":66.441207797364,"ISSUED_COMMON_SHARES":2286998656,"HK_COMMON_SHARES":2286998656,"PER_SHARES":1000,"TOTAL_MARKET_CAP":7798665416.96,"HKSK_MARKET_CAP":7798665416.96,"PE_TTM":1735.73679433786,"PB_TTM":3.908331642086,"REPORT_DATE_SQ":"2021-12-31 00:00:00","REPORT_TYPE_SQ":"2021年年报","OPERATE_INCOME_SQ":561305292.8,"DPS_HKD":null,"OPERATE_INCOME_QOQ_SQ":40.627454350912,"NET_PROFIT_RATIO_SQ":-3.3031427706,"HOLDER_PROFIT_SQ":-18540715.2,"HOLDER_PROFIT_QOQ_SQ":-191.648265378652,"ROE_AVG_SQ":-1.95055111649,"PE_TTM_SQ":64.616391072376,"PB_TTM_SQ":1.580505369462,"ROA_SQ":-2.36348618642,"START_DATE":"2022-01-01 00:00:00","FISCAL_YEAR":"12-31","CURRENCY":"HKD","IS_CNY_CODE":0,"DPS_HKD_LY":null,"ORG_TYPE":"一般企业","PREMIUM_INCOME":null,"PREMIUM_INCOME_YOY":null,"NET_INTEREST_INCOME":null,"NET_INTEREST_INCOME_YOY":null,"FEE_COMMISSION_INCOME":null,"FEE_COMMISSION_INCOME_YOY":null,"ACCOUNTS_RECE_TDAYS":3.018807517985,"INVENTORY_TDAYS":49.845424760122,"CURRENT_ASSETS_TDAYS":1.382751903156,"TOTAL_ASSETS_TDAYS":0.573572078183,"PREMIUM_EXPENSE":null,"LOAN_DEPOSIT":null,"LOAN_EQUITY":null,"LOAN_ASSETS":null,"DEPOSIT_EQUITY":null,"DEPOSIT_ASSETS":null,"EQUITY_MULTIPLIER":1.948050202106,"EQUITY_RATIO":1.063145206302},{"SECUCODE":"03738.HK","SECURITY_CODE":"03738","SECURITY_NAME_ABBR":"阜博集团","ORG_CODE":"10683221","STD_REPORT_DATE":"2022-06-30 00:00:00","REPORT_DATE":"2022-06-30 00:00:00","DATE_TYPE_CODE":"002","REPORT_TYPE":"2022年中报","PER_NETCASH_OPERATE":0.005422081163,"PER_OI":0.224588691833,"BPS":0.562725446949,"BASIC_EPS":0.009578128,"DILUTED_EPS":0.008722938,"OPERATE_INCOME":475588262.8,"OPERATE_INCOME_YOY":74.0698194885,"GROSS_PROFIT":196851910.15,"GROSS_PROFIT_YOY":44.513127508841,"HOLDER_PROFIT":20236360.97,"HOLDER_PROFIT_YOY":2.592672881,"GROSS_PROFIT_RATIO":41.391246493563,"EPS_TTM":-0.008262328607,"OPERATE_INCOME_QOQ":37.369060119435,"NET_PROFIT_RATIO":5.2407753722,"ROE_AVG":1.556164088076,"GROSS_PROFIT_QOQ":21.263717461288,"ROA":0.955994865108,"HOLDER_PROFIT_QOQ":5.633201086008,"ROE_YEARLY":3.112328176152,"ROIC_YEARLY":2.518276072253,"TOTAL_ASSETS":2719756481.05,"TOTAL_LIABILITIES":1212786843.31,"TAX_EBT":35.221817211949,"OCF_SALES":2.41422714522,"TOTAL_PARENT_EQUITY":1286952340.87,"DEBT_ASSET_RATIO":44.5917438477,"OPERATE_PROFIT":57853603.5,"PRETAX_PROFIT":38476708.48,"NETCASH_OPERATE":11481780.94,"NETCASH_INVEST":-815400574.87,"NETCASH_FINANCE":795512276.23,"END_CASH":374320083.76,"DIVI_RATIO":null,"DIVIDEND_RATE":null,"CURRENT_RATIO":2.864719265162,"COMMON_ACS":32000000000,"CURRENTDEBT_DEBT":28.979677029706,"ISSUED_COMMON_SHARES":2286998656,"HK_COMMON_SHARES":2286998656,"PER_SHARES":1000,"TOTAL_MARKET_CAP":7798665416.96,"HKSK_MARKET_CAP":7798665416.96,"PE_TTM":1735.73679433786,"PB_TTM":3.908331642086,"REPORT_DATE_SQ":"2021-06-30 00:00:00","REPORT_TYPE_SQ":"2021年中报","OPERATE_INCOME_SQ":265833750.48,"DPS_HKD":null,"OPERATE_INCOME_QOQ_SQ":39.427336538598,"NET_PROFIT_RATIO_SQ":7.2195216617,"HOLDER_PROFIT_SQ":19191925.2,"HOLDER_PROFIT_QOQ_SQ":-70.412482154457,"ROE_AVG_SQ":2.04840596893,"PE_TTM_SQ":64.616391072376,"PB_TTM_SQ":1.580505369462,"ROA_SQ":2.509749558223,"START_DATE":"2022-01-01 00:00:00","FISCAL_YEAR":"12-31","CURRENCY":"HKD","IS_CNY_CODE":0,"DPS_HKD_LY":null,"ORG_TYPE":"一般企业","PREMIUM_INCOME":null,"PREMIUM_INCOME_YOY":null,"NET_INTEREST_INCOME":null,"NET_INTEREST_INCOME_YOY":null,"FEE_COMMISSION_INCOME":null,"FEE_COMMISSION_INCOME_YOY":null,"ACCOUNTS_RECE_TDAYS":1.336799608662,"INVENTORY_TDAYS":null,"CURRENT_ASSETS_TDAYS":0.556100536481,"TOTAL_ASSETS_TDAYS":0.224674751462,"PREMIUM_EXPENSE":null,"LOAN_DEPOSIT":null,"LOAN_EQUITY":null,"LOAN_ASSETS":null,"DEPOSIT_EQUITY":null,"DEPOSIT_ASSETS":null,"EQUITY_MULTIPLIER":1.804785188062,"EQUITY_RATIO":0.942371216707},{"SECUCODE":"03738.HK","SECURITY_CODE":"03738","SECURITY_NAME_ABBR":"阜博集团","ORG_CODE":"10683221","STD_REPORT_DATE":"2021-12-31 00:00:00","REPORT_DATE":"2021-12-31 00:00:00","DATE_TYPE_CODE":"001","REPORT_TYPE":"2021年年报","PER_NETCASH_OPERATE":-0.003387238443,"PER_OI":0.265067141663,"BPS":0.549234115859,"BASIC_EPS":-0.00972944,"DILUTED_EPS":-0.00972944,"OPERATE_INCOME":561305292.8,"OPERATE_INCOME_YOY":101.7455494367,"GROSS_PROFIT":285155169.6,"GROSS_PROFIT_YOY":104.639266898665,"HOLDER_PROFIT":-18540715.2,"HOLDER_PROFIT_YOY":-127.9318117433,"GROSS_PROFIT_RATIO":50.802152279295,"EPS_TTM":-0.008755546127,"OPERATE_INCOME_QOQ":40.627454350912,"NET_PROFIT_RATIO":-3.3031427706,"ROE_AVG":-1.95055111649,"GROSS_PROFIT_QOQ":43.461239079369,"ROA":-2.36348618642,"HOLDER_PROFIT_QOQ":-191.648265378652,"ROE_YEARLY":-1.95055111649,"ROIC_YEARLY":-3.26701905581,"TOTAL_ASSETS":1447274640,"TOTAL_LIABILITIES":191176955.2,"TAX_EBT":-52.440172089271,"OCF_SALES":-1.277879416426,"TOTAL_PARENT_EQUITY":1256097684.8,"DEBT_ASSET_RATIO":13.2094455272,"OPERATE_PROFIT":4419945.6,"PRETAX_PROFIT":-12162617.6,"NETCASH_OPERATE":-7172804.8,"NETCASH_INVEST":-134627651.2,"NETCASH_FINANCE":325984478.4,"END_CASH":406236824,"DIVI_RATIO":null,"DIVIDEND_RATE":null,"CURRENT_RATIO":4.296437486292,"COMMON_ACS":32000000000,"CURRENTDEBT_DEBT":81.895589474269,"ISSUED_COMMON_SHARES":2286998656,"HK_COMMON_SHARES":2286998656,"PER_SHARES":1000,"TOTAL_MARKET_CAP":7798665416.96,"HKSK_MARKET_CAP":7798665416.96,"PE_TTM":1735.73679433786,"PB_TTM":3.908331642086,"REPORT_DATE_SQ":"2020-12-31 00:00:00","REPORT_TYPE_SQ":"2020年年报","OPERATE_INCOME_SQ":286405042.16,"DPS_HKD":null,"OPERATE_INCOME_QOQ_SQ":25.411317477627,"NET_PROFIT_RATIO_SQ":23.8843050554,"HOLDER_PROFIT_SQ":68330226.68,"HOLDER_PROFIT_QOQ_SQ":115.62170572014,"ROE_AVG_SQ":5.587920833789,"PE_TTM_SQ":64.616391072376,"PB_TTM_SQ":1.580505369462,"ROA_SQ":7.915668930301,"START_DATE":"2021-01-01 00:00:00","FISCAL_YEAR":"12-31","CURRENCY":"HKD","IS_CNY_CODE":0,"DPS_HKD_LY":null,"ORG_TYPE":"一般企业","PREMIUM_INCOME":null,"PREMIUM_INCOME_YOY":null,"NET_INTEREST_INCOME":null,"NET_INTEREST_INCOME_YOY":null,"FEE_COMMISSION_INCOME":null,"FEE_COMMISSION_INCOME_YOY":null,"ACCOUNTS_RECE_TDAYS":4.048461617844,"INVENTORY_TDAYS":null,"CURRENT_ASSETS_TDAYS":1.574769844101,"TOTAL_ASSETS_TDAYS":0.715526500238,"PREMIUM_EXPENSE":null,"LOAN_DEPOSIT":null,"LOAN_EQUITY":null,"LOAN_ASSETS":null,"DEPOSIT_EQUITY":null,"DEPOSIT_ASSETS":null,"EQUITY_MULTIPLIER":1.152199114379,"EQUITY_RATIO":0.152199114379},{"SECUCODE":"03738.HK","SECURITY_CODE":"03738","SECURITY_NAME_ABBR":"阜博集团","ORG_CODE":"10683221","STD_REPORT_DATE":"2021-06-30 00:00:00","REPORT_DATE":"2021-06-30 00:00:00","DATE_TYPE_CODE":"002","REPORT_TYPE":"2021年中报","PER_NETCASH_OPERATE":-0.072789617352,"PER_OI":0.547883136797,"BPS":0.532331042314,"BASIC_EPS":0.010317792,"DILUTED_EPS":0.009735336,"OPERATE_INCOME":265833750.48,"OPERATE_INCOME_YOY":90.7816241587,"GROSS_PROFIT":136217320.56,"GROSS_PROFIT_YOY":77.51361248382,"HOLDER_PROFIT":19191925.2,"HOLDER_PROFIT_YOY":-68.7114234166,"GROSS_PROFIT_RATIO":51.241544880603,"EPS_TTM":0.041694622719,"OPERATE_INCOME_QOQ":39.427336538598,"NET_PROFIT_RATIO":7.2195216617,"ROE_AVG":2.04840596893,"GROSS_PROFIT_QOQ":42.703939226426,"ROA":2.509749558223,"HOLDER_PROFIT_QOQ":-70.412482154457,"ROE_YEARLY":4.09681193786,"ROIC_YEARLY":8.24880528224,"TOTAL_ASSETS":1405580322.96,"TOTAL_LIABILITIES":188139944.64,"TAX_EBT":25.620767494357,"OCF_SALES":-13.285610098879,"TOTAL_PARENT_EQUITY":1217440378.32,"DEBT_ASSET_RATIO":13.3852147449,"OPERATE_PROFIT":38825684.88,"PRETAX_PROFIT":25802800.8,"NETCASH_OPERATE":-35317635.6,"NETCASH_INVEST":-5317823.28,"NETCASH_FINANCE":390877068.72,"END_CASH":570578058,"DIVI_RATIO":null,"DIVIDEND_RATE":null,"CURRENT_RATIO":8.72600568952,"COMMON_ACS":32000000000,"CURRENTDEBT_DEBT":46.329187821749,"ISSUED_COMMON_SHARES":2286998656,"HK_COMMON_SHARES":2286998656,"PER_SHARES":1000,"TOTAL_MARKET_CAP":7798665416.96,"HKSK_MARKET_CAP":7798665416.96,"PE_TTM":1735.73679433786,"PB_TTM":3.908331642086,"REPORT_DATE_SQ":"2020-06-30 00:00:00","REPORT_TYPE_SQ":"2020年中报","OPERATE_INCOME_SQ":152963748.96,"DPS_HKD":null,"OPERATE_INCOME_QOQ_SQ":74.223496446904,"NET_PROFIT_RATIO_SQ":44.0324449594,"HOLDER_PROFIT_SQ":67336056.48,"HOLDER_PROFIT_QOQ_SQ":173.433064294901,"ROE_AVG_SQ":5.956075510498,"PE_TTM_SQ":64.616391072376,"PB_TTM_SQ":1.580505369462,"ROA_SQ":8.148351459841,"START_DATE":"2021-01-01 00:00:00","FISCAL_YEAR":"12-31","CURRENCY":"HKD","IS_CNY_CODE":0,"DPS_HKD_LY":null,"ORG_TYPE":"一般企业","PREMIUM_INCOME":null,"PREMIUM_INCOME_YOY":null,"NET_INTEREST_INCOME":null,"NET_INTEREST_INCOME_YOY":null,"FEE_COMMISSION_INCOME":null,"FEE_COMMISSION_INCOME_YOY":null,"ACCOUNTS_RECE_TDAYS":2.726994153045,"INVENTORY_TDAYS":null,"CURRENT_ASSETS_TDAYS":0.663339046624,"TOTAL_ASSETS_TDAYS":0.347633773514,"PREMIUM_EXPENSE":null,"LOAN_DEPOSIT":null,"LOAN_EQUITY":null,"LOAN_ASSETS":null,"DEPOSIT_EQUITY":null,"DEPOSIT_ASSETS":null,"EQUITY_MULTIPLIER":1.154537296438,"EQUITY_RATIO":0.154537296438},{"SECUCODE":"03738.HK","SECURITY_CODE":"03738","SECURITY_NAME_ABBR":"阜博集团","ORG_CODE":"10683221","STD_REPORT_DATE":"2020-12-31 00:00:00","REPORT_DATE":"2020-12-31 00:00:00","DATE_TYPE_CODE":"001","REPORT_TYPE":"2020年年报","PER_NETCASH_OPERATE":0.050965060342,"PER_OI":0.623834023028,"BPS":0.290316851546,"BASIC_EPS":0.039893736,"DILUTED_EPS":0.038631276,"OPERATE_INCOME":286405042.16,"OPERATE_INCOME_YOY":133.6084340557,"GROSS_PROFIT":139345284.96,"GROSS_PROFIT_YOY":48.486337937927,"HOLDER_PROFIT":68330226.68,"HOLDER_PROFIT_YOY":268.7439613527,"GROSS_PROFIT_RATIO":48.65524000547,"EPS_TTM":0.14892996858,"OPERATE_INCOME_QOQ":25.411317477627,"NET_PROFIT_RATIO":23.8843050554,"ROE_AVG":5.587920833789,"GROSS_PROFIT_QOQ":11.267780524193,"ROA":7.915668930301,"HOLDER_PROFIT_QOQ":115.62170572014,"ROE_YEARLY":5.587920833789,"ROIC_YEARLY":9.269390842065,"TOTAL_ASSETS":970863722.32,"TOTAL_LIABILITIES":306922542.08,"TAX_EBT":-20.92555631684,"OCF_SALES":8.173405661668,"TOTAL_PARENT_EQUITY":663941180.24,"DEBT_ASSET_RATIO":31.6126213918,"OPERATE_PROFIT":98751304.48,"PRETAX_PROFIT":56506026.32,"NETCASH_OPERATE":28217664.28,"NETCASH_INVEST":-9501273.96,"NETCASH_FINANCE":168384389.88,"END_CASH":220814353.68,"DIVI_RATIO":null,"DIVIDEND_RATE":null,"CURRENT_RATIO":3.898430066603,"COMMON_ACS":32000000000,"CURRENTDEBT_DEBT":26.814233064233,"ISSUED_COMMON_SHARES":2286998656,"HK_COMMON_SHARES":2286998656,"PER_SHARES":1000,"TOTAL_MARKET_CAP":7798665416.96,"HKSK_MARKET_CAP":7798665416.96,"PE_TTM":1735.73679433786,"PB_TTM":3.908331642086,"REPORT_DATE_SQ":"2019-12-31 00:00:00","REPORT_TYPE_SQ":"2019年年报","OPERATE_INCOME_SQ":131020012.2,"DPS_HKD":null,"OPERATE_INCOME_QOQ_SQ":17.802081056736,"NET_PROFIT_RATIO_SQ":-32.9588413822,"HOLDER_PROFIT_SQ":-43322202,"HOLDER_PROFIT_QOQ_SQ":-65.242970682163,"ROE_AVG_SQ":-15.680810639645,"PE_TTM_SQ":64.616391072376,"PB_TTM_SQ":1.580505369462,"ROA_SQ":-7.421750885754,"START_DATE":"2020-01-01 00:00:00","FISCAL_YEAR":"12-31","CURRENCY":"HKD","IS_CNY_CODE":0,"DPS_HKD_LY":null,"ORG_TYPE":"一般企业","PREMIUM_INCOME":null,"PREMIUM_INCOME_YOY":null,"NET_INTEREST_INCOME":null,"NET_INTEREST_INCOME_YOY":null,"FEE_COMMISSION_INCOME":null,"FEE_COMMISSION_INCOME_YOY":null,"ACCOUNTS_RECE_TDAYS":3.855127137605,"INVENTORY_TDAYS":null,"CURRENT_ASSETS_TDAYS":1.215851461826,"TOTAL_ASSETS_TDAYS":0.331417175921,"PREMIUM_EXPENSE":null,"LOAN_DEPOSIT":null,"LOAN_EQUITY":null,"LOAN_ASSETS":null,"DEPOSIT_EQUITY":null,"DEPOSIT_ASSETS":null,"EQUITY_MULTIPLIER":1.462258124747,"EQUITY_RATIO":0.462273694138},{"SECUCODE":"03738.HK","SECURITY_CODE":"03738","SECURITY_NAME_ABBR":"阜博集团","ORG_CODE":"10683221","STD_REPORT_DATE":"2020-06-30 00:00:00","REPORT_DATE":"2020-06-30 00:00:00","DATE_TYPE_CODE":"002","REPORT_TYPE":"2020年中报","PER_NETCASH_OPERATE":0.090137850358,"PER_OI":0.355655631845,"BPS":0.141466261535,"BASIC_EPS":0.158390496,"DILUTED_EPS":0.154919424,"OPERATE_INCOME":152963748.96,"OPERATE_INCOME_YOY":167.2819623389,"GROSS_PROFIT":76736267.52,"GROSS_PROFIT_YOY":69.431177695636,"HOLDER_PROFIT":67336056.48,"HOLDER_PROFIT_YOY":955.0855085509,"GROSS_PROFIT_RATIO":50.169177288528,"EPS_TTM":0.073729687684,"OPERATE_INCOME_QOQ":74.223496446904,"NET_PROFIT_RATIO":44.0324449594,"ROE_AVG":5.956075510498,"GROSS_PROFIT_QOQ":33.393756690423,"ROA":8.148351459841,"HOLDER_PROFIT_QOQ":173.433064294901,"ROE_YEARLY":11.912151020997,"ROIC_YEARLY":17.148633524676,"TOTAL_ASSETS":829752797.5,"TOTAL_LIABILITIES":506219647.5,"TAX_EBT":-4.460882257082,"OCF_SALES":25.381228273465,"TOTAL_PARENT_EQUITY":323533150,"DEBT_ASSET_RATIO":61.0084893989,"OPERATE_PROFIT":82226955.36,"PRETAX_PROFIT":64460547.36,"NETCASH_OPERATE":39814109.28,"NETCASH_INVEST":-105959.04,"NETCASH_FINANCE":-24149526.72,"END_CASH":47852381.28,"DIVI_RATIO":null,"DIVIDEND_RATE":null,"CURRENT_RATIO":1.007679103803,"COMMON_ACS":32000000000,"CURRENTDEBT_DEBT":30.960072722187,"ISSUED_COMMON_SHARES":2286998656,"HK_COMMON_SHARES":2286998656,"PER_SHARES":1000,"TOTAL_MARKET_CAP":7798665416.96,"HKSK_MARKET_CAP":7798665416.96,"PE_TTM":1735.73679433786,"PB_TTM":3.908331642086,"REPORT_DATE_SQ":"2019-06-30 00:00:00","REPORT_TYPE_SQ":"2019年中报","OPERATE_INCOME_SQ":55492578.4,"DPS_HKD":null,"OPERATE_INCOME_QOQ_SQ":6.43898311281,"NET_PROFIT_RATIO_SQ":-13.7636273538,"HOLDER_PROFIT_SQ":-7637791.7,"HOLDER_PROFIT_QOQ_SQ":-52.185269502081,"ROE_AVG_SQ":-2.60211729436,"PE_TTM_SQ":64.616391072376,"PB_TTM_SQ":1.580505369462,"ROA_SQ":-2.251015590968,"START_DATE":"2020-01-01 00:00:00","FISCAL_YEAR":"12-31","CURRENCY":"HKD","IS_CNY_CODE":0,"DPS_HKD_LY":null,"ORG_TYPE":"一般企业","PREMIUM_INCOME":null,"PREMIUM_INCOME_YOY":null,"NET_INTEREST_INCOME":null,"NET_INTEREST_INCOME_YOY":null,"FEE_COMMISSION_INCOME":null,"FEE_COMMISSION_INCOME_YOY":null,"ACCOUNTS_RECE_TDAYS":2.864628148655,"INVENTORY_TDAYS":null,"CURRENT_ASSETS_TDAYS":0.952307386727,"TOTAL_ASSETS_TDAYS":0.185053350259,"PREMIUM_EXPENSE":null,"LOAN_DEPOSIT":null,"LOAN_EQUITY":null,"LOAN_ASSETS":null,"DEPOSIT_EQUITY":null,"DEPOSIT_ASSETS":null,"EQUITY_MULTIPLIER":2.564660831509,"EQUITY_RATIO":1.56466083151}],"count":19},"success":true,"message":"ok","code":0}