{"version":"4d33274a138a5d927e3516a0399e8286","result":{"pages":3,"data":[{"SECUCODE":"03737.HK","SECURITY_CODE":"03737","SECURITY_NAME_ABBR":"中智药业","ORG_CODE":"10468286","STD_REPORT_DATE":"2024-06-30 00:00:00","REPORT_DATE":"2024-06-30 00:00:00","DATE_TYPE_CODE":"002","REPORT_TYPE":"2024年中报","PER_NETCASH_OPERATE":0.124373552571,"PER_OI":1.260335803613,"BPS":1.281529643353,"BASIC_EPS":0.099,"DILUTED_EPS":0.099,"OPERATE_INCOME":1088426000,"OPERATE_INCOME_YOY":-0.5393264177,"GROSS_PROFIT":627046000,"GROSS_PROFIT_YOY":-7.099203956365,"HOLDER_PROFIT":83440000,"HOLDER_PROFIT_YOY":-38.1467753892,"GROSS_PROFIT_RATIO":57.610347419117,"EPS_TTM":0.128896479852,"OPERATE_INCOME_QOQ":-0.287928844206,"NET_PROFIT_RATIO":7.7407191669,"ROE_AVG":7.742971216729,"GROSS_PROFIT_QOQ":-3.933610421765,"ROA":4.445054118161,"HOLDER_PROFIT_QOQ":-31.614191368453,"ROE_YEARLY":15.485942433459,"ROIC_YEARLY":9.766789229493,"TOTAL_ASSETS":1961650000,"TOTAL_LIABILITIES":850024000,"TAX_EBT":19.774516992163,"OCF_SALES":9.868286865621,"TOTAL_PARENT_EQUITY":1106729000,"DEBT_ASSET_RATIO":43.332092881,"OPERATE_PROFIT":109402000,"PRETAX_PROFIT":105019000,"NETCASH_OPERATE":107409000,"NETCASH_INVEST":-81001000,"NETCASH_FINANCE":-27736000,"END_CASH":122908000,"DIVI_RATIO":0.210918095135,"DIVIDEND_RATE":3.125,"CURRENT_RATIO":1.395123985473,"COMMON_ACS":1560000000,"CURRENTDEBT_DEBT":82.374497661243,"ISSUED_COMMON_SHARES":863600000,"HK_COMMON_SHARES":863600000,"PER_SHARES":1000,"TOTAL_MARKET_CAP":829056000,"HKSK_MARKET_CAP":829056000,"PE_TTM":6.646950977532,"PB_TTM":0.683692963752,"REPORT_DATE_SQ":"2023-06-30 00:00:00","REPORT_TYPE_SQ":"2023年中报","OPERATE_INCOME_SQ":1094328000,"DPS_HKD":0.03,"OPERATE_INCOME_QOQ_SQ":13.578303718369,"NET_PROFIT_RATIO_SQ":12.4416080005,"HOLDER_PROFIT_SQ":134900000,"HOLDER_PROFIT_QOQ_SQ":54.378824480435,"ROE_AVG_SQ":13.024196137249,"PE_TTM_SQ":6.502147485756,"PB_TTM_SQ":0.9835852269,"ROA_SQ":7.371399407447,"START_DATE":"2024-01-01 00:00:00","FISCAL_YEAR":"12-31","CURRENCY":"HKD","IS_CNY_CODE":0,"DPS_HKD_LY":0.03,"ORG_TYPE":"一般企业","PREMIUM_INCOME":null,"PREMIUM_INCOME_YOY":null,"NET_INTEREST_INCOME":null,"NET_INTEREST_INCOME_YOY":null,"FEE_COMMISSION_INCOME":null,"FEE_COMMISSION_INCOME_YOY":null,"ACCOUNTS_RECE_TDAYS":2.943756499491,"INVENTORY_TDAYS":1.368286350203,"CURRENT_ASSETS_TDAYS":1.176046777105,"TOTAL_ASSETS_TDAYS":0.579831312753,"PREMIUM_EXPENSE":null,"LOAN_DEPOSIT":null,"LOAN_EQUITY":null,"LOAN_ASSETS":null,"DEPOSIT_EQUITY":null,"DEPOSIT_ASSETS":null,"EQUITY_MULTIPLIER":1.764667253195,"EQUITY_RATIO":0.768050715216},{"SECUCODE":"03737.HK","SECURITY_CODE":"03737","SECURITY_NAME_ABBR":"中智药业","ORG_CODE":"10468286","STD_REPORT_DATE":"2023-12-31 00:00:00","REPORT_DATE":"2023-12-31 00:00:00","DATE_TYPE_CODE":"001","REPORT_TYPE":"2023年年报","PER_NETCASH_OPERATE":0.117534738305,"PER_OI":2.373566465956,"BPS":1.214122278833,"BASIC_EPS":0.19,"DILUTED_EPS":0.19,"OPERATE_INCOME":2049812000,"OPERATE_INCOME_YOY":12.2609512387,"GROSS_PROFIT":1218143000,"GROSS_PROFIT_YOY":13.60148093575,"HOLDER_PROFIT":162775000,"HOLDER_PROFIT_YOY":53.0027164973,"GROSS_PROFIT_RATIO":59.4270596523,"EPS_TTM":0.188484251969,"OPERATE_INCOME_QOQ":-1.159862787663,"NET_PROFIT_RATIO":8.0072709107,"ROE_AVG":15.868938314164,"GROSS_PROFIT_QOQ":-1.926775758308,"ROA":8.875670276006,"HOLDER_PROFIT_QOQ":-0.891383897856,"ROE_YEARLY":15.868938314164,"ROIC_YEARLY":10.451969420083,"TOTAL_ASSETS":1792635000,"TOTAL_LIABILITIES":739302000,"TAX_EBT":20.930142932157,"OCF_SALES":4.951819971783,"TOTAL_PARENT_EQUITY":1048516000,"DEBT_ASSET_RATIO":41.2410780778,"OPERATE_PROFIT":215449000,"PRETAX_PROFIT":207581000,"NETCASH_OPERATE":101503000,"NETCASH_INVEST":-202758000,"NETCASH_FINANCE":-154618000,"END_CASH":124368000,"DIVI_RATIO":0.144238044909,"DIVIDEND_RATE":3.225806451613,"CURRENT_RATIO":1.436262750407,"COMMON_ACS":1560000000,"CURRENTDEBT_DEBT":82.321973970042,"ISSUED_COMMON_SHARES":863600000,"HK_COMMON_SHARES":863600000,"PER_SHARES":1000,"TOTAL_MARKET_CAP":803148000,"HKSK_MARKET_CAP":803148000,"PE_TTM":6.439233759484,"PB_TTM":0.662327558634,"REPORT_DATE_SQ":"2022-12-31 00:00:00","REPORT_TYPE_SQ":"2022年年报","OPERATE_INCOME_SQ":1825935000,"DPS_HKD":0.03,"OPERATE_INCOME_QOQ_SQ":7.018833289082,"NET_PROFIT_RATIO_SQ":5.8553562969,"HOLDER_PROFIT_SQ":106387000,"HOLDER_PROFIT_QOQ_SQ":69.97986834537,"ROE_AVG_SQ":11.188526572843,"PE_TTM_SQ":7.043993109569,"PB_TTM_SQ":1.065550662475,"ROA_SQ":6.259233350258,"START_DATE":"2023-01-01 00:00:00","FISCAL_YEAR":"12-31","CURRENCY":"HKD","IS_CNY_CODE":0,"DPS_HKD_LY":0.09,"ORG_TYPE":"一般企业","PREMIUM_INCOME":null,"PREMIUM_INCOME_YOY":null,"NET_INTEREST_INCOME":null,"NET_INTEREST_INCOME_YOY":null,"FEE_COMMISSION_INCOME":null,"FEE_COMMISSION_INCOME_YOY":null,"ACCOUNTS_RECE_TDAYS":6.410199719489,"INVENTORY_TDAYS":2.547545020967,"CURRENT_ASSETS_TDAYS":2.086279115805,"TOTAL_ASSETS_TDAYS":1.117705755786,"PREMIUM_EXPENSE":null,"LOAN_DEPOSIT":null,"LOAN_EQUITY":null,"LOAN_ASSETS":null,"DEPOSIT_EQUITY":null,"DEPOSIT_ASSETS":null,"EQUITY_MULTIPLIER":1.701869209452,"EQUITY_RATIO":0.705093675251},{"SECUCODE":"03737.HK","SECURITY_CODE":"03737","SECURITY_NAME_ABBR":"中智药业","ORG_CODE":"10468286","STD_REPORT_DATE":"2023-06-30 00:00:00","REPORT_DATE":"2023-06-30 00:00:00","DATE_TYPE_CODE":"002","REPORT_TYPE":"2023年中报","PER_NETCASH_OPERATE":0.04655164428,"PER_OI":1.267169986105,"BPS":1.237323992589,"BASIC_EPS":0.159,"DILUTED_EPS":0.159,"OPERATE_INCOME":1094328000,"OPERATE_INCOME_YOY":29.2925187589,"GROSS_PROFIT":674963000,"GROSS_PROFIT_YOY":33.607623376084,"HOLDER_PROFIT":134900000,"HOLDER_PROFIT_YOY":75.0856608867,"GROSS_PROFIT_RATIO":61.678308514449,"EPS_TTM":0.190179481241,"OPERATE_INCOME_QOQ":13.578303718369,"NET_PROFIT_RATIO":12.4416080005,"ROE_AVG":13.024196137249,"GROSS_PROFIT_QOQ":15.833329447587,"ROA":7.371399407447,"HOLDER_PROFIT_QOQ":54.378824480435,"ROE_YEARLY":26.048392274499,"ROIC_YEARLY":17.810926257286,"TOTAL_ASSETS":1784835000,"TOTAL_LIABILITIES":711571000,"TAX_EBT":18.869734654598,"OCF_SALES":3.673670051392,"TOTAL_PARENT_EQUITY":1068553000,"DEBT_ASSET_RATIO":39.8676068096,"OPERATE_PROFIT":171562000,"PRETAX_PROFIT":167819000,"NETCASH_OPERATE":40202000,"NETCASH_INVEST":-85665000,"NETCASH_FINANCE":-95017000,"END_CASH":241797000,"DIVI_RATIO":0.142952330202,"DIVIDEND_RATE":3.225806451613,"CURRENT_RATIO":1.59371548871,"COMMON_ACS":1560000000,"CURRENTDEBT_DEBT":82.842190027418,"ISSUED_COMMON_SHARES":863600000,"HK_COMMON_SHARES":863600000,"PER_SHARES":1000,"TOTAL_MARKET_CAP":803148000,"HKSK_MARKET_CAP":803148000,"PE_TTM":6.439233759484,"PB_TTM":0.662327558634,"REPORT_DATE_SQ":"2022-06-30 00:00:00","REPORT_TYPE_SQ":"2022年中报","OPERATE_INCOME_SQ":846397000,"DPS_HKD":0.03,"OPERATE_INCOME_QOQ_SQ":-2.308559977097,"NET_PROFIT_RATIO_SQ":9.1610674423,"HOLDER_PROFIT_SQ":77048000,"HOLDER_PROFIT_QOQ_SQ":20.06599140577,"ROE_AVG_SQ":8.224554856429,"PE_TTM_SQ":7.043993109569,"PB_TTM_SQ":1.065550662475,"ROA_SQ":4.997392597051,"START_DATE":"2023-01-01 00:00:00","FISCAL_YEAR":"12-31","CURRENCY":"HKD","IS_CNY_CODE":0,"DPS_HKD_LY":0.09,"ORG_TYPE":"一般企业","PREMIUM_INCOME":null,"PREMIUM_INCOME_YOY":null,"NET_INTEREST_INCOME":null,"NET_INTEREST_INCOME_YOY":null,"FEE_COMMISSION_INCOME":null,"FEE_COMMISSION_INCOME_YOY":null,"ACCOUNTS_RECE_TDAYS":3.416865325621,"INVENTORY_TDAYS":1.341600937983,"CURRENT_ASSETS_TDAYS":1.077951225999,"TOTAL_ASSETS_TDAYS":0.597978411472,"PREMIUM_EXPENSE":null,"LOAN_DEPOSIT":null,"LOAN_EQUITY":null,"LOAN_ASSETS":null,"DEPOSIT_EQUITY":null,"DEPOSIT_ASSETS":null,"EQUITY_MULTIPLIER":1.662997174973,"EQUITY_RATIO":0.665920174292},{"SECUCODE":"03737.HK","SECURITY_CODE":"03737","SECURITY_NAME_ABBR":"中智药业","ORG_CODE":"10468286","STD_REPORT_DATE":"2022-12-31 00:00:00","REPORT_DATE":"2022-12-31 00:00:00","DATE_TYPE_CODE":"001","REPORT_TYPE":"2022年年报","PER_NETCASH_OPERATE":0.329520611394,"PER_OI":2.114329550718,"BPS":1.161389532191,"BASIC_EPS":0.13,"DILUTED_EPS":0.13,"OPERATE_INCOME":1825935000,"OPERATE_INCOME_YOY":4.5482393358,"GROSS_PROFIT":1072295000,"GROSS_PROFIT_YOY":1.022762495066,"HOLDER_PROFIT":106387000,"HOLDER_PROFIT_YOY":104.0880141191,"GROSS_PROFIT_RATIO":58.725803492457,"EPS_TTM":0.123190134321,"OPERATE_INCOME_QOQ":7.018833289082,"NET_PROFIT_RATIO":5.8553562969,"ROE_AVG":11.188526572843,"GROSS_PROFIT_QOQ":5.044161268961,"ROA":6.259233350258,"HOLDER_PROFIT_QOQ":69.97986834537,"ROE_YEARLY":11.188526572843,"ROIC_YEARLY":7.654916780383,"TOTAL_ASSETS":1875257000,"TOTAL_LIABILITIES":869308000,"TAX_EBT":18.167484366748,"OCF_SALES":15.58511118961,"TOTAL_PARENT_EQUITY":1002976000,"DEBT_ASSET_RATIO":46.3567393696,"OPERATE_PROFIT":137206000,"PRETAX_PROFIT":130651000,"NETCASH_OPERATE":284574000,"NETCASH_INVEST":13380000,"NETCASH_FINANCE":-68144000,"END_CASH":381010000,"DIVI_RATIO":0.220688126933,"DIVIDEND_RATE":3.225806451613,"CURRENT_RATIO":1.491854370114,"COMMON_ACS":1560000000,"CURRENTDEBT_DEBT":84.118747325459,"ISSUED_COMMON_SHARES":863600000,"HK_COMMON_SHARES":863600000,"PER_SHARES":1000,"TOTAL_MARKET_CAP":803148000,"HKSK_MARKET_CAP":803148000,"PE_TTM":6.439233759484,"PB_TTM":0.662327558634,"REPORT_DATE_SQ":"2021-12-31 00:00:00","REPORT_TYPE_SQ":"2021年年报","OPERATE_INCOME_SQ":1746500000,"DPS_HKD":0.03,"OPERATE_INCOME_QOQ_SQ":-0.366018679731,"NET_PROFIT_RATIO_SQ":2.9983395362,"HOLDER_PROFIT_SQ":52128000,"HOLDER_PROFIT_QOQ_SQ":-60.839875295797,"ROE_AVG_SQ":6.065217846596,"PE_TTM_SQ":7.043993109569,"PB_TTM_SQ":1.065550662475,"ROA_SQ":3.540551499579,"START_DATE":"2022-01-01 00:00:00","FISCAL_YEAR":"12-31","CURRENCY":"HKD","IS_CNY_CODE":0,"DPS_HKD_LY":null,"ORG_TYPE":"一般企业","PREMIUM_INCOME":null,"PREMIUM_INCOME_YOY":null,"NET_INTEREST_INCOME":null,"NET_INTEREST_INCOME_YOY":null,"FEE_COMMISSION_INCOME":null,"FEE_COMMISSION_INCOME_YOY":null,"ACCOUNTS_RECE_TDAYS":6.034951745108,"INVENTORY_TDAYS":2.550570429709,"CURRENT_ASSETS_TDAYS":1.874333091933,"TOTAL_ASSETS_TDAYS":1.074280997434,"PREMIUM_EXPENSE":null,"LOAN_DEPOSIT":null,"LOAN_EQUITY":null,"LOAN_ASSETS":null,"DEPOSIT_EQUITY":null,"DEPOSIT_ASSETS":null,"EQUITY_MULTIPLIER":1.8641670701,"EQUITY_RATIO":0.86672861564},{"SECUCODE":"03737.HK","SECURITY_CODE":"03737","SECURITY_NAME_ABBR":"中智药业","ORG_CODE":"10468286","STD_REPORT_DATE":"2022-06-30 00:00:00","REPORT_DATE":"2022-06-30 00:00:00","DATE_TYPE_CODE":"002","REPORT_TYPE":"2022年中报","PER_NETCASH_OPERATE":0.104650301065,"PER_OI":0.980079898101,"BPS":1.128843214451,"BASIC_EPS":0.091,"DILUTED_EPS":0.091,"OPERATE_INCOME":846397000,"OPERATE_INCOME_YOY":-4.547002648,"GROSS_PROFIT":505183000,"GROSS_PROFIT_YOY":-7.444789288737,"HOLDER_PROFIT":77048000,"HOLDER_PROFIT_YOY":15.7085360726,"GROSS_PROFIT_RATIO":59.686293784123,"EPS_TTM":0.0724733673,"OPERATE_INCOME_QOQ":-2.308559977097,"NET_PROFIT_RATIO":9.1610674423,"ROE_AVG":8.224554856429,"GROSS_PROFIT_QOQ":-3.828293477063,"ROA":4.997392597051,"HOLDER_PROFIT_QOQ":20.06599140577,"ROE_YEARLY":16.449109712859,"ROIC_YEARLY":11.8924037518,"TOTAL_ASSETS":1559423000,"TOTAL_LIABILITIES":581868000,"TAX_EBT":18.734148028591,"OCF_SALES":10.677731608217,"TOTAL_PARENT_EQUITY":974869000,"DEBT_ASSET_RATIO":37.3130318073,"OPERATE_PROFIT":98350000,"PRETAX_PROFIT":95414000,"NETCASH_OPERATE":90376000,"NETCASH_INVEST":-36766000,"NETCASH_FINANCE":-32524000,"END_CASH":173533000,"DIVI_RATIO":0.375125387614,"DIVIDEND_RATE":3.225806451613,"CURRENT_RATIO":1.960380259425,"COMMON_ACS":1560000000,"CURRENTDEBT_DEBT":79.363360762235,"ISSUED_COMMON_SHARES":863600000,"HK_COMMON_SHARES":863600000,"PER_SHARES":1000,"TOTAL_MARKET_CAP":803148000,"HKSK_MARKET_CAP":803148000,"PE_TTM":6.439233759484,"PB_TTM":0.662327558634,"REPORT_DATE_SQ":"2021-06-30 00:00:00","REPORT_TYPE_SQ":"2021年中报","OPERATE_INCOME_SQ":886716000,"DPS_HKD":0.03,"OPERATE_INCOME_QOQ_SQ":9.292488945529,"NET_PROFIT_RATIO_SQ":7.5045448599,"HOLDER_PROFIT_SQ":66588000,"HOLDER_PROFIT_QOQ_SQ":-3.910287875725,"ROE_AVG_SQ":7.819342974622,"PE_TTM_SQ":7.043993109569,"PB_TTM_SQ":1.065550662475,"ROA_SQ":4.514931963783,"START_DATE":"2022-01-01 00:00:00","FISCAL_YEAR":"12-31","CURRENCY":"HKD","IS_CNY_CODE":0,"DPS_HKD_LY":null,"ORG_TYPE":"一般企业","PREMIUM_INCOME":null,"PREMIUM_INCOME_YOY":null,"NET_INTEREST_INCOME":null,"NET_INTEREST_INCOME_YOY":null,"FEE_COMMISSION_INCOME":null,"FEE_COMMISSION_INCOME_YOY":null,"ACCOUNTS_RECE_TDAYS":2.645114614748,"INVENTORY_TDAYS":1.30065067984,"CURRENT_ASSETS_TDAYS":0.960330080597,"TOTAL_ASSETS_TDAYS":0.548979610368,"PREMIUM_EXPENSE":null,"LOAN_DEPOSIT":null,"LOAN_EQUITY":null,"LOAN_ASSETS":null,"DEPOSIT_EQUITY":null,"DEPOSIT_ASSETS":null,"EQUITY_MULTIPLIER":1.595227889991,"EQUITY_RATIO":0.596867886865},{"SECUCODE":"03737.HK","SECURITY_CODE":"03737","SECURITY_NAME_ABBR":"中智药业","ORG_CODE":"10468286","STD_REPORT_DATE":"2021-12-31 00:00:00","REPORT_DATE":"2021-12-31 00:00:00","DATE_TYPE_CODE":"001","REPORT_TYPE":"2021年年报","PER_NETCASH_OPERATE":0.206552802223,"PER_OI":2.022348309403,"BPS":1.040690134321,"BASIC_EPS":0.06,"DILUTED_EPS":0.06,"OPERATE_INCOME":1746500000,"OPERATE_INCOME_YOY":8.8924580204,"GROSS_PROFIT":1061439000,"GROSS_PROFIT_YOY":7.08593496993,"HOLDER_PROFIT":52128000,"HOLDER_PROFIT_YOY":-62.3711489042,"GROSS_PROFIT_RATIO":60.775207557973,"EPS_TTM":0.06036127837,"OPERATE_INCOME_QOQ":-0.366018679731,"NET_PROFIT_RATIO":2.9983395362,"ROE_AVG":6.065217846596,"GROSS_PROFIT_QOQ":-1.613848078973,"ROA":3.540551499579,"HOLDER_PROFIT_QOQ":-60.839875295797,"ROE_YEARLY":6.065217846596,"ROIC_YEARLY":4.320236896968,"TOTAL_ASSETS":1524105000,"TOTAL_LIABILITIES":622940000,"TAX_EBT":15.283192855872,"OCF_SALES":10.213512739765,"TOTAL_PARENT_EQUITY":898740000,"DEBT_ASSET_RATIO":40.8725120645,"OPERATE_PROFIT":68893000,"PRETAX_PROFIT":61813000,"NETCASH_OPERATE":178379000,"NETCASH_INVEST":-135980000,"NETCASH_FINANCE":-40831000,"END_CASH":153381000,"DIVI_RATIO":0.450398015654,"DIVIDEND_RATE":3.225806451613,"CURRENT_RATIO":1.712028608453,"COMMON_ACS":1560000000,"CURRENTDEBT_DEBT":80.397951648634,"ISSUED_COMMON_SHARES":863600000,"HK_COMMON_SHARES":863600000,"PER_SHARES":1000,"TOTAL_MARKET_CAP":803148000,"HKSK_MARKET_CAP":803148000,"PE_TTM":6.439233759484,"PB_TTM":0.662327558634,"REPORT_DATE_SQ":"2020-12-31 00:00:00","REPORT_TYPE_SQ":"2020年年报","OPERATE_INCOME_SQ":1603876000,"DPS_HKD":0.03,"OPERATE_INCOME_QOQ_SQ":11.075975885508,"NET_PROFIT_RATIO_SQ":8.6427504371,"HOLDER_PROFIT_SQ":138532000,"HOLDER_PROFIT_QOQ_SQ":8.478133197604,"ROE_AVG_SQ":17.496285266289,"PE_TTM_SQ":7.043993109569,"PB_TTM_SQ":1.065550662475,"ROA_SQ":10.257602570843,"START_DATE":"2021-01-01 00:00:00","FISCAL_YEAR":"12-31","CURRENCY":"HKD","IS_CNY_CODE":0,"DPS_HKD_LY":null,"ORG_TYPE":"一般企业","PREMIUM_INCOME":null,"PREMIUM_INCOME_YOY":null,"NET_INTEREST_INCOME":null,"NET_INTEREST_INCOME_YOY":null,"FEE_COMMISSION_INCOME":null,"FEE_COMMISSION_INCOME_YOY":null,"ACCOUNTS_RECE_TDAYS":6.057432016468,"INVENTORY_TDAYS":2.659511858037,"CURRENT_ASSETS_TDAYS":2.005948357597,"TOTAL_ASSETS_TDAYS":1.18622874348,"PREMIUM_EXPENSE":null,"LOAN_DEPOSIT":null,"LOAN_EQUITY":null,"LOAN_ASSETS":null,"DEPOSIT_EQUITY":null,"DEPOSIT_ASSETS":null,"EQUITY_MULTIPLIER":1.69126075691,"EQUITY_RATIO":0.69312593186},{"SECUCODE":"03737.HK","SECURITY_CODE":"03737","SECURITY_NAME_ABBR":"中智药业","ORG_CODE":"10468286","STD_REPORT_DATE":"2021-06-30 00:00:00","REPORT_DATE":"2021-06-30 00:00:00","DATE_TYPE_CODE":"002","REPORT_TYPE":"2021年中报","PER_NETCASH_OPERATE":0.031455952381,"PER_OI":1.055614285714,"BPS":1.022446734599,"BASIC_EPS":0.081,"DILUTED_EPS":0.081,"OPERATE_INCOME":886716000,"OPERATE_INCOME_YOY":20.2039919965,"GROSS_PROFIT":545818000,"GROSS_PROFIT_YOY":19.129757230379,"HOLDER_PROFIT":66588000,"HOLDER_PROFIT_YOY":-7.5230886744,"GROSS_PROFIT_RATIO":61.554996188182,"EPS_TTM":0.158470238095,"OPERATE_INCOME_QOQ":9.292488945529,"NET_PROFIT_RATIO":7.5045448599,"ROE_AVG":7.819342974622,"GROSS_PROFIT_QOQ":8.842487361318,"ROA":4.514931963783,"HOLDER_PROFIT_QOQ":-3.910287875725,"ROE_YEARLY":15.638685949244,"ROIC_YEARLY":10.983786922319,"TOTAL_ASSETS":1529158000,"TOTAL_LIABILITIES":644030000,"TAX_EBT":16.981885323619,"OCF_SALES":2.979871796607,"TOTAL_PARENT_EQUITY":882985000,"DEBT_ASSET_RATIO":42.116641969,"OPERATE_PROFIT":83618000,"PRETAX_PROFIT":80156000,"NETCASH_OPERATE":26423000,"NETCASH_INVEST":-27628000,"NETCASH_FINANCE":-3467000,"END_CASH":146961000,"DIVI_RATIO":0.171556503775,"DIVIDEND_RATE":3.225806451613,"CURRENT_RATIO":1.781821313778,"COMMON_ACS":1560000000,"CURRENTDEBT_DEBT":82.026924211605,"ISSUED_COMMON_SHARES":863600000,"HK_COMMON_SHARES":863600000,"PER_SHARES":1000,"TOTAL_MARKET_CAP":803148000,"HKSK_MARKET_CAP":803148000,"PE_TTM":6.439233759484,"PB_TTM":0.662327558634,"REPORT_DATE_SQ":"2020-06-30 00:00:00","REPORT_TYPE_SQ":"2020年中报","OPERATE_INCOME_SQ":737676000,"DPS_HKD":0.03,"OPERATE_INCOME_QOQ_SQ":7.58190766975,"NET_PROFIT_RATIO_SQ":9.7609248505,"HOLDER_PROFIT_SQ":72005000,"HOLDER_PROFIT_QOQ_SQ":11.344098209148,"ROE_AVG_SQ":9.195594594388,"PE_TTM_SQ":7.043993109569,"PB_TTM_SQ":1.065550662475,"ROA_SQ":5.458435008577,"START_DATE":"2021-01-01 00:00:00","FISCAL_YEAR":"12-31","CURRENCY":"HKD","IS_CNY_CODE":0,"DPS_HKD_LY":null,"ORG_TYPE":"一般企业","PREMIUM_INCOME":null,"PREMIUM_INCOME_YOY":null,"NET_INTEREST_INCOME":null,"NET_INTEREST_INCOME_YOY":null,"FEE_COMMISSION_INCOME":null,"FEE_COMMISSION_INCOME_YOY":null,"ACCOUNTS_RECE_TDAYS":2.768068053225,"INVENTORY_TDAYS":1.330341445901,"CURRENT_ASSETS_TDAYS":0.971647195538,"TOTAL_ASSETS_TDAYS":0.601228811677,"PREMIUM_EXPENSE":null,"LOAN_DEPOSIT":null,"LOAN_EQUITY":null,"LOAN_ASSETS":null,"DEPOSIT_EQUITY":null,"DEPOSIT_ASSETS":null,"EQUITY_MULTIPLIER":1.727612277547,"EQUITY_RATIO":0.729378188757},{"SECUCODE":"03737.HK","SECURITY_CODE":"03737","SECURITY_NAME_ABBR":"中智药业","ORG_CODE":"10468286","STD_REPORT_DATE":"2020-12-31 00:00:00","REPORT_DATE":"2020-12-31 00:00:00","DATE_TYPE_CODE":"001","REPORT_TYPE":"2020年年报","PER_NETCASH_OPERATE":0.110927380952,"PER_OI":1.909376190476,"BPS":0.949717461788,"BASIC_EPS":0.17,"DILUTED_EPS":0.17,"OPERATE_INCOME":1603876000,"OPERATE_INCOME_YOY":19.4976538204,"GROSS_PROFIT":991203000,"GROSS_PROFIT_YOY":18.751175587554,"HOLDER_PROFIT":138532000,"HOLDER_PROFIT_YOY":20.783999163,"GROSS_PROFIT_RATIO":61.80047584726,"EPS_TTM":0.164919047619,"OPERATE_INCOME_QOQ":11.075975885508,"NET_PROFIT_RATIO":8.6427504371,"ROE_AVG":17.496285266289,"GROSS_PROFIT_QOQ":10.111888981957,"ROA":10.257602570843,"HOLDER_PROFIT_QOQ":8.478133197604,"ROE_YEARLY":17.496285266289,"ROIC_YEARLY":13.681443162538,"TOTAL_ASSETS":1420521000,"TOTAL_LIABILITIES":598758000,"TAX_EBT":17.104806783796,"OCF_SALES":5.809613710786,"TOTAL_PARENT_EQUITY":820176000,"DEBT_ASSET_RATIO":42.1505912267,"OPERATE_PROFIT":232210000,"PRETAX_PROFIT":167222000,"NETCASH_OPERATE":93179000,"NETCASH_INVEST":-250422000,"NETCASH_FINANCE":-71933000,"END_CASH":151032000,"DIVI_RATIO":0.164848150608,"DIVIDEND_RATE":3.225806451613,"CURRENT_RATIO":1.820676869837,"COMMON_ACS":1560000000,"CURRENTDEBT_DEBT":81.079501234222,"ISSUED_COMMON_SHARES":863600000,"HK_COMMON_SHARES":863600000,"PER_SHARES":1000,"TOTAL_MARKET_CAP":803148000,"HKSK_MARKET_CAP":803148000,"PE_TTM":6.439233759484,"PB_TTM":0.662327558634,"REPORT_DATE_SQ":"2019-12-31 00:00:00","REPORT_TYPE_SQ":"2019年年报","OPERATE_INCOME_SQ":1342182000,"DPS_HKD":0.03,"OPERATE_INCOME_QOQ_SQ":9.889265962281,"NET_PROFIT_RATIO_SQ":8.5453388587,"HOLDER_PROFIT_SQ":114694000,"HOLDER_PROFIT_QOQ_SQ":18.174231106074,"ROE_AVG_SQ":15.604891239647,"PE_TTM_SQ":7.043993109569,"PB_TTM_SQ":1.065550662475,"ROA_SQ":10.00809327996,"START_DATE":"2020-01-01 00:00:00","FISCAL_YEAR":"12-31","CURRENCY":"HKD","IS_CNY_CODE":0,"DPS_HKD_LY":0.029,"ORG_TYPE":"一般企业","PREMIUM_INCOME":null,"PREMIUM_INCOME_YOY":null,"NET_INTEREST_INCOME":null,"NET_INTEREST_INCOME_YOY":null,"FEE_COMMISSION_INCOME":null,"FEE_COMMISSION_INCOME_YOY":null,"ACCOUNTS_RECE_TDAYS":6.100104211831,"INVENTORY_TDAYS":2.746427290658,"CURRENT_ASSETS_TDAYS":1.862326939121,"TOTAL_ASSETS_TDAYS":1.187590057237,"PREMIUM_EXPENSE":null,"LOAN_DEPOSIT":null,"LOAN_EQUITY":null,"LOAN_ASSETS":null,"DEPOSIT_EQUITY":null,"DEPOSIT_ASSETS":null,"EQUITY_MULTIPLIER":1.728626136732,"EQUITY_RATIO":0.730035992275},{"SECUCODE":"03737.HK","SECURITY_CODE":"03737","SECURITY_NAME_ABBR":"中智药业","ORG_CODE":"10468286","STD_REPORT_DATE":"2020-06-30 00:00:00","REPORT_DATE":"2020-06-30 00:00:00","DATE_TYPE_CODE":"002","REPORT_TYPE":"2020年中报","PER_NETCASH_OPERATE":0.039838095238,"PER_OI":0.878185714286,"BPS":0.929473135711,"BASIC_EPS":0.086,"DILUTED_EPS":0.086,"OPERATE_INCOME":737676000,"OPERATE_INCOME_YOY":16.0026607413,"GROSS_PROFIT":458171000,"GROSS_PROFIT_YOY":16.677362344085,"HOLDER_PROFIT":72005000,"HOLDER_PROFIT_YOY":22.0547852324,"GROSS_PROFIT_RATIO":62.110059158764,"EPS_TTM":0.152029761905,"OPERATE_INCOME_QOQ":7.58190766975,"NET_PROFIT_RATIO":9.7609248505,"ROE_AVG":9.195594594388,"GROSS_PROFIT_QOQ":7.845916263423,"ROA":5.458435008577,"HOLDER_PROFIT_QOQ":11.344098209148,"ROE_YEARLY":18.391189188775,"ROIC_YEARLY":15.162283070697,"TOTAL_ASSETS":1357763000,"TOTAL_LIABILITIES":554771000,"TAX_EBT":21.663257757083,"OCF_SALES":4.536408938341,"TOTAL_PARENT_EQUITY":802693000,"DEBT_ASSET_RATIO":40.8591926573,"OPERATE_PROFIT":127573000,"PRETAX_PROFIT":91916000,"NETCASH_OPERATE":33464000,"NETCASH_INVEST":-25709000,"NETCASH_FINANCE":-30546000,"END_CASH":358088000,"DIVI_RATIO":0.17882419639,"DIVIDEND_RATE":3.225806451613,"CURRENT_RATIO":1.949015940376,"COMMON_ACS":1560000000,"CURRENTDEBT_DEBT":81.723269601331,"ISSUED_COMMON_SHARES":863600000,"HK_COMMON_SHARES":863600000,"PER_SHARES":1000,"TOTAL_MARKET_CAP":803148000,"HKSK_MARKET_CAP":803148000,"PE_TTM":6.439233759484,"PB_TTM":0.662327558634,"REPORT_DATE_SQ":"2019-06-30 00:00:00","REPORT_TYPE_SQ":"2019年中报","OPERATE_INCOME_SQ":635913000,"DPS_HKD":0.03,"OPERATE_INCOME_QOQ_SQ":6.938230530141,"NET_PROFIT_RATIO_SQ":9.2770551947,"HOLDER_PROFIT_SQ":58994000,"HOLDER_PROFIT_QOQ_SQ":14.08973891782,"ROE_AVG_SQ":8.15889049932,"PE_TTM_SQ":7.043993109569,"PB_TTM_SQ":1.065550662475,"ROA_SQ":5.403514106896,"START_DATE":"2020-01-01 00:00:00","FISCAL_YEAR":"12-31","CURRENCY":"HKD","IS_CNY_CODE":0,"DPS_HKD_LY":0.029,"ORG_TYPE":"一般企业","PREMIUM_INCOME":null,"PREMIUM_INCOME_YOY":null,"NET_INTEREST_INCOME":null,"NET_INTEREST_INCOME_YOY":null,"FEE_COMMISSION_INCOME":null,"FEE_COMMISSION_INCOME_YOY":null,"ACCOUNTS_RECE_TDAYS":2.865551278217,"INVENTORY_TDAYS":1.31184511587,"CURRENT_ASSETS_TDAYS":0.856668048622,"TOTAL_ASSETS_TDAYS":0.559205125115,"PREMIUM_EXPENSE":null,"LOAN_DEPOSIT":null,"LOAN_EQUITY":null,"LOAN_ASSETS":null,"DEPOSIT_EQUITY":null,"DEPOSIT_ASSETS":null,"EQUITY_MULTIPLIER":1.690879859325,"EQUITY_RATIO":0.691137209369}],"count":23},"success":true,"message":"ok","code":0}