{"version":"519fd44603884fb30caf3a6749fe7c4e","result":{"pages":3,"data":[{"SECUCODE":"03768.HK","SECURITY_CODE":"03768","SECURITY_NAME_ABBR":"滇池水务","ORG_CODE":"10504563","STD_REPORT_DATE":"2024-06-30 00:00:00","REPORT_DATE":"2024-06-30 00:00:00","DATE_TYPE_CODE":"002","REPORT_TYPE":"2024年中报","PER_NETCASH_OPERATE":0.0276607674,"PER_OI":0.717674769777,"BPS":4.971870867185,"BASIC_EPS":0.14,"DILUTED_EPS":0.14,"OPERATE_INCOME":738567000,"OPERATE_INCOME_YOY":-14.4020917142,"GROSS_PROFIT":366970000,"GROSS_PROFIT_YOY":-8.373865191207,"HOLDER_PROFIT":148033000,"HOLDER_PROFIT_YOY":-10.7939377505,"GROSS_PROFIT_RATIO":49.6867582765,"EPS_TTM":0.290147515671,"OPERATE_INCOME_QOQ":-6.875066390482,"NET_PROFIT_RATIO":20.0868709271,"ROE_AVG":2.935971707509,"GROSS_PROFIT_QOQ":-4.201493285228,"ROA":1.232461220053,"HOLDER_PROFIT_QOQ":-5.65929239888,"ROE_YEARLY":5.871943415017,"ROIC_YEARLY":2.493043244279,"TOTAL_ASSETS":11958488000,"TOTAL_LIABILITIES":6831737000,"TAX_EBT":25.027794623004,"OCF_SALES":3.854220402482,"TOTAL_PARENT_EQUITY":5116607000,"DEBT_ASSET_RATIO":57.128769122,"OPERATE_PROFIT":306685000,"PRETAX_PROFIT":197880000,"NETCASH_OPERATE":28466000,"NETCASH_INVEST":42765000,"NETCASH_FINANCE":-169507000,"END_CASH":76911000,"DIVI_RATIO":null,"DIVIDEND_RATE":null,"CURRENT_RATIO":1.187300092302,"COMMON_ACS":null,"CURRENTDEBT_DEBT":69.189856108337,"ISSUED_COMMON_SHARES":1029111000,"HK_COMMON_SHARES":340023000,"PER_SHARES":1000,"TOTAL_MARKET_CAP":638048820,"HKSK_MARKET_CAP":210814260,"PE_TTM":1.924919018409,"PB_TTM":0.113812610005,"REPORT_DATE_SQ":"2023-06-30 00:00:00","REPORT_TYPE_SQ":"2023年中报","OPERATE_INCOME_SQ":862833000,"DPS_HKD":null,"OPERATE_INCOME_QOQ_SQ":-2.239161067312,"NET_PROFIT_RATIO_SQ":19.3460379934,"HOLDER_PROFIT_SQ":165945000,"HOLDER_PROFIT_QOQ_SQ":-5.238479441427,"ROE_AVG_SQ":3.506652856582,"PE_TTM_SQ":1.762625047747,"PB_TTM_SQ":0.110337249463,"ROA_SQ":1.396212729326,"START_DATE":"2024-01-01 00:00:00","FISCAL_YEAR":"12-31","CURRENCY":"HKD","IS_CNY_CODE":0,"DPS_HKD_LY":null,"ORG_TYPE":"一般企业","PREMIUM_INCOME":null,"PREMIUM_INCOME_YOY":null,"NET_INTEREST_INCOME":null,"NET_INTEREST_INCOME_YOY":null,"FEE_COMMISSION_INCOME":null,"FEE_COMMISSION_INCOME_YOY":null,"ACCOUNTS_RECE_TDAYS":0.149616112994,"INVENTORY_TDAYS":49.156293405649,"CURRENT_ASSETS_TDAYS":0.140363517082,"TOTAL_ASSETS_TDAYS":0.061490018166,"PREMIUM_EXPENSE":null,"LOAN_DEPOSIT":null,"LOAN_EQUITY":null,"LOAN_ASSETS":null,"DEPOSIT_EQUITY":null,"DEPOSIT_ASSETS":null,"EQUITY_MULTIPLIER":2.332566570915,"EQUITY_RATIO":1.335208469206},{"SECUCODE":"03768.HK","SECURITY_CODE":"03768","SECURITY_NAME_ABBR":"滇池水务","ORG_CODE":"10504563","STD_REPORT_DATE":"2023-12-31 00:00:00","REPORT_DATE":"2023-12-31 00:00:00","DATE_TYPE_CODE":"001","REPORT_TYPE":"2023年年报","PER_NETCASH_OPERATE":0.214697928601,"PER_OI":1.756358643528,"BPS":4.826964243896,"BASIC_EPS":0.31,"DILUTED_EPS":0.31,"OPERATE_INCOME":1807488000,"OPERATE_INCOME_YOY":-12.5068796914,"GROSS_PROFIT":798240000,"GROSS_PROFIT_YOY":-6.885920554877,"HOLDER_PROFIT":316506000,"HOLDER_PROFIT_YOY":-1.7824670287,"GROSS_PROFIT_RATIO":44.16294879966,"EPS_TTM":0.307552829578,"OPERATE_INCOME_QOQ":-10.502895368154,"NET_PROFIT_RATIO":17.5783739643,"ROE_AVG":6.582580389149,"GROSS_PROFIT_QOQ":-7.700953123175,"ROA":2.663513261394,"HOLDER_PROFIT_QOQ":3.647063061411,"ROE_YEARLY":6.582580389149,"ROIC_YEARLY":2.700327091715,"TOTAL_ASSETS":12063850000,"TOTAL_LIABILITIES":7086546000,"TAX_EBT":16.760457110521,"OCF_SALES":12.224036895404,"TOTAL_PARENT_EQUITY":4967482000,"DEBT_ASSET_RATIO":58.7419936422,"OPERATE_PROFIT":615595000,"PRETAX_PROFIT":381702000,"NETCASH_OPERATE":220948000,"NETCASH_INVEST":303830000,"NETCASH_FINANCE":-480552000,"END_CASH":174088000,"DIVI_RATIO":null,"DIVIDEND_RATE":null,"CURRENT_RATIO":1.023989238504,"COMMON_ACS":null,"CURRENTDEBT_DEBT":67.682605884446,"ISSUED_COMMON_SHARES":1029111000,"HK_COMMON_SHARES":340023000,"PER_SHARES":1000,"TOTAL_MARKET_CAP":658631040,"HKSK_MARKET_CAP":217614720,"PE_TTM":1.987013180294,"PB_TTM":0.117483984521,"REPORT_DATE_SQ":"2022-12-31 00:00:00","REPORT_TYPE_SQ":"2022年年报","OPERATE_INCOME_SQ":2065863000,"DPS_HKD":null,"OPERATE_INCOME_QOQ_SQ":-11.503962666418,"NET_PROFIT_RATIO_SQ":15.690053019,"HOLDER_PROFIT_SQ":322250000,"HOLDER_PROFIT_QOQ_SQ":-9.00362855973,"ROE_AVG_SQ":7.100839188083,"PE_TTM_SQ":1.825575942309,"PB_TTM_SQ":0.114277865515,"ROA_SQ":2.71138472795,"START_DATE":"2023-01-01 00:00:00","FISCAL_YEAR":"12-31","CURRENCY":"HKD","IS_CNY_CODE":0,"DPS_HKD_LY":null,"ORG_TYPE":"一般企业","PREMIUM_INCOME":null,"PREMIUM_INCOME_YOY":null,"NET_INTEREST_INCOME":null,"NET_INTEREST_INCOME_YOY":null,"FEE_COMMISSION_INCOME":null,"FEE_COMMISSION_INCOME_YOY":null,"ACCOUNTS_RECE_TDAYS":0.438116988557,"INVENTORY_TDAYS":68.51649694501,"CURRENT_ASSETS_TDAYS":0.391143669484,"TOTAL_ASSETS_TDAYS":0.152106698066,"PREMIUM_EXPENSE":null,"LOAN_DEPOSIT":null,"LOAN_EQUITY":null,"LOAN_ASSETS":null,"DEPOSIT_EQUITY":null,"DEPOSIT_ASSETS":null,"EQUITY_MULTIPLIER":2.4237719858,"EQUITY_RATIO":1.426587152203},{"SECUCODE":"03768.HK","SECURITY_CODE":"03768","SECURITY_NAME_ABBR":"滇池水务","ORG_CODE":"10504563","STD_REPORT_DATE":"2023-06-30 00:00:00","REPORT_DATE":"2023-06-30 00:00:00","DATE_TYPE_CODE":"002","REPORT_TYPE":"2023年中报","PER_NETCASH_OPERATE":0.101957903472,"PER_OI":0.838425592575,"BPS":4.679369863892,"BASIC_EPS":0.16,"DILUTED_EPS":0.16,"OPERATE_INCOME":862833000,"OPERATE_INCOME_YOY":-5.0883794912,"GROSS_PROFIT":400508000,"GROSS_PROFIT_YOY":1.926512579593,"HOLDER_PROFIT":165945000,"HOLDER_PROFIT_YOY":-9.2333694332,"GROSS_PROFIT_RATIO":46.417788842105,"EPS_TTM":0.29673086771,"OPERATE_INCOME_QOQ":-2.239161067312,"NET_PROFIT_RATIO":19.3460379934,"ROE_AVG":3.506652856582,"GROSS_PROFIT_QOQ":0.883034652986,"ROA":1.396212729326,"HOLDER_PROFIT_QOQ":-5.238479441427,"ROE_YEARLY":7.013305713164,"ROIC_YEARLY":2.821700080037,"TOTAL_ASSETS":12068529000,"TOTAL_LIABILITIES":7243358000,"TAX_EBT":17.127636863715,"OCF_SALES":12.160638269515,"TOTAL_PARENT_EQUITY":4815591000,"DEBT_ASSET_RATIO":60.0185656429,"OPERATE_PROFIT":340856000,"PRETAX_PROFIT":201423000,"NETCASH_OPERATE":104926000,"NETCASH_INVEST":-51230000,"NETCASH_FINANCE":-88907000,"END_CASH":96942000,"DIVI_RATIO":null,"DIVIDEND_RATE":null,"CURRENT_RATIO":0.937903313544,"COMMON_ACS":null,"CURRENTDEBT_DEBT":70.427762924323,"ISSUED_COMMON_SHARES":1029111000,"HK_COMMON_SHARES":340023000,"PER_SHARES":1000,"TOTAL_MARKET_CAP":658631040,"HKSK_MARKET_CAP":217614720,"PE_TTM":1.987013180294,"PB_TTM":0.117483984521,"REPORT_DATE_SQ":"2022-06-30 00:00:00","REPORT_TYPE_SQ":"2022年中报","OPERATE_INCOME_SQ":909091000,"DPS_HKD":null,"OPERATE_INCOME_QOQ_SQ":0.719451465179,"NET_PROFIT_RATIO_SQ":20.1834579817,"HOLDER_PROFIT_SQ":182826000,"HOLDER_PROFIT_QOQ_SQ":4.687564665748,"ROE_AVG_SQ":4.091188758797,"PE_TTM_SQ":1.825575942309,"PB_TTM_SQ":0.114277865515,"ROA_SQ":1.568598380824,"START_DATE":"2023-01-01 00:00:00","FISCAL_YEAR":"12-31","CURRENCY":"HKD","IS_CNY_CODE":0,"DPS_HKD_LY":null,"ORG_TYPE":"一般企业","PREMIUM_INCOME":null,"PREMIUM_INCOME_YOY":null,"NET_INTEREST_INCOME":null,"NET_INTEREST_INCOME_YOY":null,"FEE_COMMISSION_INCOME":null,"FEE_COMMISSION_INCOME_YOY":null,"ACCOUNTS_RECE_TDAYS":0.214687598322,"INVENTORY_TDAYS":18.368096940803,"CURRENT_ASSETS_TDAYS":0.18931727928,"TOTAL_ASSETS_TDAYS":0.072596246822,"PREMIUM_EXPENSE":null,"LOAN_DEPOSIT":null,"LOAN_EQUITY":null,"LOAN_ASSETS":null,"DEPOSIT_EQUITY":null,"DEPOSIT_ASSETS":null,"EQUITY_MULTIPLIER":2.501160891499,"EQUITY_RATIO":1.504147258353},{"SECUCODE":"03768.HK","SECURITY_CODE":"03768","SECURITY_NAME_ABBR":"滇池水务","ORG_CODE":"10504563","STD_REPORT_DATE":"2022-12-31 00:00:00","REPORT_DATE":"2022-12-31 00:00:00","DATE_TYPE_CODE":"001","REPORT_TYPE":"2022年年报","PER_NETCASH_OPERATE":-0.29406837552,"PER_OI":2.007424855045,"BPS":4.517481593336,"BASIC_EPS":0.31,"DILUTED_EPS":0.31,"OPERATE_INCOME":2065863000,"OPERATE_INCOME_YOY":-10.8672766292,"GROSS_PROFIT":857271000,"GROSS_PROFIT_YOY":18.279841386789,"HOLDER_PROFIT":322250000,"HOLDER_PROFIT_YOY":-4.738114805,"GROSS_PROFIT_RATIO":41.496991814075,"EPS_TTM":0.313134346052,"OPERATE_INCOME_QOQ":-11.503962666418,"NET_PROFIT_RATIO":15.690053019,"ROE_AVG":7.100839188083,"GROSS_PROFIT_QOQ":9.419621147432,"ROA":2.71138472795,"HOLDER_PROFIT_QOQ":-9.00362855973,"ROE_YEARLY":7.100839188083,"ROIC_YEARLY":2.914009545111,"TOTAL_ASSETS":11702204000,"TOTAL_LIABILITIES":7044613000,"TAX_EBT":11.791599199924,"OCF_SALES":-14.649035294209,"TOTAL_PARENT_EQUITY":4648990000,"DEBT_ASSET_RATIO":60.1990274653,"OPERATE_PROFIT":678302000,"PRETAX_PROFIT":367465000,"NETCASH_OPERATE":-302629000,"NETCASH_INVEST":-96537000,"NETCASH_FINANCE":-973537000,"END_CASH":131494000,"DIVI_RATIO":null,"DIVIDEND_RATE":null,"CURRENT_RATIO":1.021602123483,"COMMON_ACS":null,"CURRENTDEBT_DEBT":60.174689510978,"ISSUED_COMMON_SHARES":1029111000,"HK_COMMON_SHARES":340023000,"PER_SHARES":1000,"TOTAL_MARKET_CAP":658631040,"HKSK_MARKET_CAP":217614720,"PE_TTM":1.987013180294,"PB_TTM":0.117483984521,"REPORT_DATE_SQ":"2021-12-31 00:00:00","REPORT_TYPE_SQ":"2021年年报","OPERATE_INCOME_SQ":2317738000,"DPS_HKD":null,"OPERATE_INCOME_QOQ_SQ":14.891764977646,"NET_PROFIT_RATIO_SQ":14.6501028158,"HOLDER_PROFIT_SQ":338278000,"HOLDER_PROFIT_QOQ_SQ":-4.967679043491,"ROE_AVG_SQ":7.783042608315,"PE_TTM_SQ":1.825575942309,"PB_TTM_SQ":0.114277865515,"ROA_SQ":2.998329671966,"START_DATE":"2022-01-01 00:00:00","FISCAL_YEAR":"12-31","CURRENCY":"HKD","IS_CNY_CODE":0,"DPS_HKD_LY":0.117159,"ORG_TYPE":"一般企业","PREMIUM_INCOME":null,"PREMIUM_INCOME_YOY":null,"NET_INTEREST_INCOME":null,"NET_INTEREST_INCOME_YOY":null,"FEE_COMMISSION_INCOME":null,"FEE_COMMISSION_INCOME_YOY":null,"ACCOUNTS_RECE_TDAYS":0.619603658303,"INVENTORY_TDAYS":62.808470832792,"CURRENT_ASSETS_TDAYS":0.453661628112,"TOTAL_ASSETS_TDAYS":0.173819996532,"PREMIUM_EXPENSE":null,"LOAN_DEPOSIT":null,"LOAN_EQUITY":null,"LOAN_ASSETS":null,"DEPOSIT_EQUITY":null,"DEPOSIT_ASSETS":null,"EQUITY_MULTIPLIER":2.512501419728,"EQUITY_RATIO":1.51529966724},{"SECUCODE":"03768.HK","SECURITY_CODE":"03768","SECURITY_NAME_ABBR":"滇池水务","ORG_CODE":"10504563","STD_REPORT_DATE":"2022-06-30 00:00:00","REPORT_DATE":"2022-06-30 00:00:00","DATE_TYPE_CODE":"002","REPORT_TYPE":"2022年中报","PER_NETCASH_OPERATE":-0.138604096157,"PER_OI":0.883375068384,"BPS":4.382566117746,"BASIC_EPS":0.18,"DILUTED_EPS":0.18,"OPERATE_INCOME":909091000,"OPERATE_INCOME_YOY":1.8685231999,"GROSS_PROFIT":392938000,"GROSS_PROFIT_YOY":17.558466891449,"HOLDER_PROFIT":182826000,"HOLDER_PROFIT_YOY":9.4969724919,"GROSS_PROFIT_RATIO":43.223175677682,"EPS_TTM":0.344117398415,"OPERATE_INCOME_QOQ":0.719451465179,"NET_PROFIT_RATIO":20.1834579817,"ROE_AVG":4.091188758797,"GROSS_PROFIT_QOQ":8.097469308013,"ROA":1.568598380824,"HOLDER_PROFIT_QOQ":4.687564665748,"ROE_YEARLY":8.182377517595,"ROIC_YEARLY":3.431599419245,"TOTAL_ASSETS":11242809000,"TOTAL_LIABILITIES":6725286000,"TAX_EBT":11.302859794652,"OCF_SALES":-15.690288430971,"TOTAL_PARENT_EQUITY":4510147000,"DEBT_ASSET_RATIO":59.818556021,"OPERATE_PROFIT":347949000,"PRETAX_PROFIT":206868000,"NETCASH_OPERATE":-142639000,"NETCASH_INVEST":-66985000,"NETCASH_FINANCE":-815331000,"END_CASH":479737000,"DIVI_RATIO":null,"DIVIDEND_RATE":null,"CURRENT_RATIO":1.168979359986,"COMMON_ACS":null,"CURRENTDEBT_DEBT":52.615085811964,"ISSUED_COMMON_SHARES":1029111000,"HK_COMMON_SHARES":340023000,"PER_SHARES":1000,"TOTAL_MARKET_CAP":658631040,"HKSK_MARKET_CAP":217614720,"PE_TTM":1.987013180294,"PB_TTM":0.117483984521,"REPORT_DATE_SQ":"2021-06-30 00:00:00","REPORT_TYPE_SQ":"2021年中报","OPERATE_INCOME_SQ":892416000,"DPS_HKD":null,"OPERATE_INCOME_QOQ_SQ":5.10049113718,"NET_PROFIT_RATIO_SQ":18.795830644,"HOLDER_PROFIT_SQ":166969000,"HOLDER_PROFIT_QOQ_SQ":2.127116285609,"ROE_AVG_SQ":3.894975237238,"PE_TTM_SQ":1.825575942309,"PB_TTM_SQ":0.114277865515,"ROA_SQ":1.518472809357,"START_DATE":"2022-01-01 00:00:00","FISCAL_YEAR":"12-31","CURRENCY":"HKD","IS_CNY_CODE":0,"DPS_HKD_LY":0.117159,"ORG_TYPE":"一般企业","PREMIUM_INCOME":null,"PREMIUM_INCOME_YOY":null,"NET_INTEREST_INCOME":null,"NET_INTEREST_INCOME_YOY":null,"FEE_COMMISSION_INCOME":null,"FEE_COMMISSION_INCOME_YOY":null,"ACCOUNTS_RECE_TDAYS":0.300305461676,"INVENTORY_TDAYS":29.586598263162,"CURRENT_ASSETS_TDAYS":0.203985051569,"TOTAL_ASSETS_TDAYS":0.077997586264,"PREMIUM_EXPENSE":null,"LOAN_DEPOSIT":null,"LOAN_EQUITY":null,"LOAN_ASSETS":null,"DEPOSIT_EQUITY":null,"DEPOSIT_ASSETS":null,"EQUITY_MULTIPLIER":2.488710959523,"EQUITY_RATIO":1.491145632282},{"SECUCODE":"03768.HK","SECURITY_CODE":"03768","SECURITY_NAME_ABBR":"滇池水务","ORG_CODE":"10504563","STD_REPORT_DATE":"2021-12-31 00:00:00","REPORT_DATE":"2021-12-31 00:00:00","DATE_TYPE_CODE":"001","REPORT_TYPE":"2021年年报","PER_NETCASH_OPERATE":-0.696676063126,"PER_OI":2.252174935454,"BPS":4.30216176875,"BASIC_EPS":0.33,"DILUTED_EPS":0.33,"OPERATE_INCOME":2317738000,"OPERATE_INCOME_YOY":20.7518092677,"GROSS_PROFIT":724782000,"GROSS_PROFIT_YOY":6.714744462784,"HOLDER_PROFIT":338278000,"HOLDER_PROFIT_YOY":-2.9462310678,"GROSS_PROFIT_RATIO":31.271092763721,"EPS_TTM":0.32870895365,"OPERATE_INCOME_QOQ":14.891764977646,"NET_PROFIT_RATIO":14.6501028158,"ROE_AVG":7.783042608315,"GROSS_PROFIT_QOQ":2.327557970114,"ROA":2.998329671966,"HOLDER_PROFIT_QOQ":-4.967679043491,"ROE_YEARLY":7.783042608315,"ROIC_YEARLY":3.33367513199,"TOTAL_ASSETS":12067938000,"TOTAL_LIABILITIES":7632127000,"TAX_EBT":14.40458994739,"OCF_SALES":-30.933479107647,"TOTAL_PARENT_EQUITY":4427402000,"DEBT_ASSET_RATIO":63.2430080433,"OPERATE_PROFIT":528368000,"PRETAX_PROFIT":396693000,"NETCASH_OPERATE":-716957000,"NETCASH_INVEST":230908000,"NETCASH_FINANCE":1244124000,"END_CASH":1504346000,"DIVI_RATIO":null,"DIVIDEND_RATE":null,"CURRENT_RATIO":0.935292015715,"COMMON_ACS":null,"CURRENTDEBT_DEBT":66.919025325443,"ISSUED_COMMON_SHARES":1029111000,"HK_COMMON_SHARES":340023000,"PER_SHARES":1000,"TOTAL_MARKET_CAP":658631040,"HKSK_MARKET_CAP":217614720,"PE_TTM":1.987013180294,"PB_TTM":0.117483984521,"REPORT_DATE_SQ":"2020-12-31 00:00:00","REPORT_TYPE_SQ":"2020年年报","OPERATE_INCOME_SQ":1919423000,"DPS_HKD":null,"OPERATE_INCOME_QOQ_SQ":0.175516424329,"NET_PROFIT_RATIO_SQ":18.2569449256,"HOLDER_PROFIT_SQ":348547000,"HOLDER_PROFIT_QOQ_SQ":-7.917012316585,"ROE_AVG_SQ":8.345476739013,"PE_TTM_SQ":1.825575942309,"PB_TTM_SQ":0.114277865515,"ROA_SQ":3.472838072437,"START_DATE":"2021-01-01 00:00:00","FISCAL_YEAR":"12-31","CURRENCY":"HKD","IS_CNY_CODE":0,"DPS_HKD_LY":0.206218,"ORG_TYPE":"一般企业","PREMIUM_INCOME":null,"PREMIUM_INCOME_YOY":null,"NET_INTEREST_INCOME":null,"NET_INTEREST_INCOME_YOY":null,"FEE_COMMISSION_INCOME":null,"FEE_COMMISSION_INCOME_YOY":null,"ACCOUNTS_RECE_TDAYS":0.868584238773,"INVENTORY_TDAYS":112.361994780278,"CURRENT_ASSETS_TDAYS":0.560442640143,"TOTAL_ASSETS_TDAYS":0.20543288707,"PREMIUM_EXPENSE":null,"LOAN_DEPOSIT":null,"LOAN_EQUITY":null,"LOAN_ASSETS":null,"DEPOSIT_EQUITY":null,"DEPOSIT_ASSETS":null,"EQUITY_MULTIPLIER":2.720570826846,"EQUITY_RATIO":1.723838720767},{"SECUCODE":"03768.HK","SECURITY_CODE":"03768","SECURITY_NAME_ABBR":"滇池水务","ORG_CODE":"10504563","STD_REPORT_DATE":"2021-06-30 00:00:00","REPORT_DATE":"2021-06-30 00:00:00","DATE_TYPE_CODE":"002","REPORT_TYPE":"2021年中报","PER_NETCASH_OPERATE":-0.644461093118,"PER_OI":0.867171762813,"BPS":4.18639777439,"BASIC_EPS":0.16,"DILUTED_EPS":0.16,"OPERATE_INCOME":892416000,"OPERATE_INCOME_YOY":12.3219670844,"GROSS_PROFIT":334249000,"GROSS_PROFIT_YOY":9.543145544522,"HOLDER_PROFIT":166969000,"HOLDER_PROFIT_YOY":4.6466735608,"GROSS_PROFIT_RATIO":37.454393466724,"EPS_TTM":0.3458917454,"OPERATE_INCOME_QOQ":5.10049113718,"NET_PROFIT_RATIO":18.795830644,"ROE_AVG":3.894975237238,"GROSS_PROFIT_QOQ":4.28739489117,"ROA":1.518472809357,"HOLDER_PROFIT_QOQ":2.127116285609,"ROE_YEARLY":7.789950474476,"ROIC_YEARLY":3.335201159707,"TOTAL_ASSETS":11495209000,"TOTAL_LIABILITIES":7179037000,"TAX_EBT":17.347320909422,"OCF_SALES":-74.317582831325,"TOTAL_PARENT_EQUITY":4308268000,"DEBT_ASSET_RATIO":62.4524269198,"OPERATE_PROFIT":254760000,"PRETAX_PROFIT":202942000,"NETCASH_OPERATE":-663222000,"NETCASH_INVEST":183185000,"NETCASH_FINANCE":932258000,"END_CASH":1201662000,"DIVI_RATIO":null,"DIVIDEND_RATE":null,"CURRENT_RATIO":0.938235654498,"COMMON_ACS":null,"CURRENTDEBT_DEBT":63.548620796912,"ISSUED_COMMON_SHARES":1029111000,"HK_COMMON_SHARES":340023000,"PER_SHARES":1000,"TOTAL_MARKET_CAP":658631040,"HKSK_MARKET_CAP":217614720,"PE_TTM":1.987013180294,"PB_TTM":0.117483984521,"REPORT_DATE_SQ":"2020-06-30 00:00:00","REPORT_TYPE_SQ":"2020年中报","OPERATE_INCOME_SQ":794516000,"DPS_HKD":null,"OPERATE_INCOME_QOQ_SQ":4.500469582917,"NET_PROFIT_RATIO_SQ":20.2121794904,"HOLDER_PROFIT_SQ":159555000,"HOLDER_PROFIT_QOQ_SQ":2.74231768324,"ROE_AVG_SQ":3.888246215872,"PE_TTM_SQ":1.825575942309,"PB_TTM_SQ":0.114277865515,"ROA_SQ":1.616722926794,"START_DATE":"2021-01-01 00:00:00","FISCAL_YEAR":"12-31","CURRENCY":"HKD","IS_CNY_CODE":0,"DPS_HKD_LY":0.206218,"ORG_TYPE":"一般企业","PREMIUM_INCOME":null,"PREMIUM_INCOME_YOY":null,"NET_INTEREST_INCOME":null,"NET_INTEREST_INCOME_YOY":null,"FEE_COMMISSION_INCOME":null,"FEE_COMMISSION_INCOME_YOY":null,"ACCOUNTS_RECE_TDAYS":0.356620905667,"INVENTORY_TDAYS":44.256818902632,"CURRENT_ASSETS_TDAYS":0.229571074563,"TOTAL_ASSETS_TDAYS":0.08115934279,"PREMIUM_EXPENSE":null,"LOAN_DEPOSIT":null,"LOAN_EQUITY":null,"LOAN_ASSETS":null,"DEPOSIT_EQUITY":null,"DEPOSIT_ASSETS":null,"EQUITY_MULTIPLIER":2.663287978331,"EQUITY_RATIO":1.666339466347},{"SECUCODE":"03768.HK","SECURITY_CODE":"03768","SECURITY_NAME_ABBR":"滇池水务","ORG_CODE":"10504563","STD_REPORT_DATE":"2020-12-31 00:00:00","REPORT_DATE":"2020-12-31 00:00:00","DATE_TYPE_CODE":"001","REPORT_TYPE":"2020年年报","PER_NETCASH_OPERATE":-0.596113538773,"PER_OI":1.865127279759,"BPS":4.144636487221,"BASIC_EPS":0.34,"DILUTED_EPS":0.34,"OPERATE_INCOME":1919423000,"OPERATE_INCOME_YOY":4.6838850705,"GROSS_PROFIT":679177000,"GROSS_PROFIT_YOY":6.466757795599,"HOLDER_PROFIT":348547000,"HOLDER_PROFIT_YOY":-5.3918042621,"GROSS_PROFIT_RATIO":35.38443584348,"EPS_TTM":0.338687469087,"OPERATE_INCOME_QOQ":0.175516424329,"NET_PROFIT_RATIO":18.2569449256,"ROE_AVG":8.345476739013,"GROSS_PROFIT_QOQ":2.507070993682,"ROA":3.472838072437,"HOLDER_PROFIT_QOQ":-7.917012316585,"ROE_YEARLY":8.345476739013,"ROIC_YEARLY":3.868721833454,"TOTAL_ASSETS":10496492000,"TOTAL_LIABILITIES":6224065000,"TAX_EBT":15.657274339862,"OCF_SALES":-31.96101119972,"TOTAL_PARENT_EQUITY":4265291000,"DEBT_ASSET_RATIO":59.2966202423,"OPERATE_PROFIT":429524000,"PRETAX_PROFIT":415481000,"NETCASH_OPERATE":-613467000,"NETCASH_INVEST":-290733000,"NETCASH_FINANCE":387547000,"END_CASH":749940000,"DIVI_RATIO":null,"DIVIDEND_RATE":null,"CURRENT_RATIO":1.242871583938,"COMMON_ACS":null,"CURRENTDEBT_DEBT":45.170222354683,"ISSUED_COMMON_SHARES":1029111000,"HK_COMMON_SHARES":340023000,"PER_SHARES":1000,"TOTAL_MARKET_CAP":658631040,"HKSK_MARKET_CAP":217614720,"PE_TTM":1.987013180294,"PB_TTM":0.117483984521,"REPORT_DATE_SQ":"2019-12-31 00:00:00","REPORT_TYPE_SQ":"2019年年报","OPERATE_INCOME_SQ":1833542000,"DPS_HKD":null,"OPERATE_INCOME_QOQ_SQ":15.687671263992,"NET_PROFIT_RATIO_SQ":20.1837754466,"HOLDER_PROFIT_SQ":368411000,"HOLDER_PROFIT_QOQ_SQ":0.862120888568,"ROE_AVG_SQ":9.230538339289,"PE_TTM_SQ":1.825575942309,"PB_TTM_SQ":0.114277865515,"ROA_SQ":4.329581807086,"START_DATE":"2020-01-01 00:00:00","FISCAL_YEAR":"12-31","CURRENCY":"HKD","IS_CNY_CODE":0,"DPS_HKD_LY":0.199226,"ORG_TYPE":"一般企业","PREMIUM_INCOME":null,"PREMIUM_INCOME_YOY":null,"NET_INTEREST_INCOME":null,"NET_INTEREST_INCOME_YOY":null,"FEE_COMMISSION_INCOME":null,"FEE_COMMISSION_INCOME_YOY":null,"ACCOUNTS_RECE_TDAYS":0.819374906485,"INVENTORY_TDAYS":72.117807820904,"CURRENT_ASSETS_TDAYS":0.520034386774,"TOTAL_ASSETS_TDAYS":0.191246668929,"PREMIUM_EXPENSE":null,"LOAN_DEPOSIT":null,"LOAN_EQUITY":null,"LOAN_ASSETS":null,"DEPOSIT_EQUITY":null,"DEPOSIT_ASSETS":null,"EQUITY_MULTIPLIER":2.456798442667,"EQUITY_RATIO":1.459235723893},{"SECUCODE":"03768.HK","SECURITY_CODE":"03768","SECURITY_NAME_ABBR":"滇池水务","ORG_CODE":"10504563","STD_REPORT_DATE":"2020-06-30 00:00:00","REPORT_DATE":"2020-06-30 00:00:00","DATE_TYPE_CODE":"002","REPORT_TYPE":"2020年中报","PER_NETCASH_OPERATE":-0.666917368486,"PER_OI":0.772041111212,"BPS":4.002850032698,"BASIC_EPS":0.16,"DILUTED_EPS":0.16,"OPERATE_INCOME":794516000,"OPERATE_INCOME_YOY":11.5896392967,"GROSS_PROFIT":305130000,"GROSS_PROFIT_YOY":8.785402584068,"HOLDER_PROFIT":159555000,"HOLDER_PROFIT_YOY":6.7600299762,"GROSS_PROFIT_RATIO":38.404512936178,"EPS_TTM":0.367806776917,"OPERATE_INCOME_QOQ":4.500469582917,"NET_PROFIT_RATIO":20.2121794904,"ROE_AVG":3.888246215872,"GROSS_PROFIT_QOQ":3.86284259567,"ROA":1.616722926794,"HOLDER_PROFIT_QOQ":2.74231768324,"ROE_YEARLY":7.776492431743,"ROIC_YEARLY":3.742666711313,"TOTAL_ASSETS":10161821000,"TOTAL_LIABILITIES":6034654000,"TAX_EBT":18.435955649687,"OCF_SALES":-86.383659989226,"TOTAL_PARENT_EQUITY":4119377000,"DEBT_ASSET_RATIO":59.3855569784,"OPERATE_PROFIT":308733000,"PRETAX_PROFIT":196887000,"NETCASH_OPERATE":-686332000,"NETCASH_INVEST":315278000,"NETCASH_FINANCE":444079000,"END_CASH":1380784000,"DIVI_RATIO":null,"DIVIDEND_RATE":null,"CURRENT_RATIO":2.274692416202,"COMMON_ACS":null,"CURRENTDEBT_DEBT":29.144819239015,"ISSUED_COMMON_SHARES":1029111000,"HK_COMMON_SHARES":340023000,"PER_SHARES":1000,"TOTAL_MARKET_CAP":658631040,"HKSK_MARKET_CAP":217614720,"PE_TTM":1.987013180294,"PB_TTM":0.117483984521,"REPORT_DATE_SQ":"2019-06-30 00:00:00","REPORT_TYPE_SQ":"2019年中报","OPERATE_INCOME_SQ":711998000,"DPS_HKD":null,"OPERATE_INCOME_QOQ_SQ":10.849168442572,"NET_PROFIT_RATIO_SQ":21.104975014,"HOLDER_PROFIT_SQ":149452000,"HOLDER_PROFIT_QOQ_SQ":4.795021646885,"ROE_AVG_SQ":3.85051741682,"PE_TTM_SQ":1.825575942309,"PB_TTM_SQ":0.114277865515,"ROA_SQ":1.785303866717,"START_DATE":"2020-01-01 00:00:00","FISCAL_YEAR":"12-31","CURRENCY":"HKD","IS_CNY_CODE":0,"DPS_HKD_LY":0.199226,"ORG_TYPE":"一般企业","PREMIUM_INCOME":null,"PREMIUM_INCOME_YOY":null,"NET_INTEREST_INCOME":null,"NET_INTEREST_INCOME_YOY":null,"FEE_COMMISSION_INCOME":null,"FEE_COMMISSION_INCOME_YOY":null,"ACCOUNTS_RECE_TDAYS":0.347458357222,"INVENTORY_TDAYS":27.404300593572,"CURRENT_ASSETS_TDAYS":0.201439764575,"TOTAL_ASSETS_TDAYS":0.080505921651,"PREMIUM_EXPENSE":null,"LOAN_DEPOSIT":null,"LOAN_EQUITY":null,"LOAN_ASSETS":null,"DEPOSIT_EQUITY":null,"DEPOSIT_ASSETS":null,"EQUITY_MULTIPLIER":2.462178293245,"EQUITY_RATIO":1.464943364009}],"count":20},"success":true,"message":"ok","code":0}