{"version":"7769a391f2d0c55a450f09e972a79b72","result":{"pages":4,"data":[{"SECUCODE":"03778.HK","SECURITY_CODE":"03778","SECURITY_NAME_ABBR":"中国织材控股","ORG_CODE":"10187915","STD_REPORT_DATE":"2024-06-30 00:00:00","REPORT_DATE":"2024-06-30 00:00:00","DATE_TYPE_CODE":"002","REPORT_TYPE":"2024年中报","PER_NETCASH_OPERATE":-0.022365153511,"PER_OI":0.46145087236,"BPS":0.547358965146,"BASIC_EPS":-0.0024,"DILUTED_EPS":null,"OPERATE_INCOME":577898000,"OPERATE_INCOME_YOY":26.8257462203,"GROSS_PROFIT":25087000,"GROSS_PROFIT_YOY":179.365256124722,"HOLDER_PROFIT":-3048000,"HOLDER_PROFIT_YOY":68.3061245711,"GROSS_PROFIT_RATIO":4.341077491184,"EPS_TTM":-0.015933245498,"OPERATE_INCOME_QOQ":11.041556576291,"NET_PROFIT_RATIO":-0.5274287158,"ROE_AVG":-0.443662310101,"GROSS_PROFIT_QOQ":143.008079552517,"ROA":-0.204404624588,"HOLDER_PROFIT_QOQ":24.767183199487,"ROE_YEARLY":-0.887324620201,"ROIC_YEARLY":-0.466561736197,"TOTAL_ASSETS":1482273000,"TOTAL_LIABILITIES":796788000,"TAX_EBT":24.629080118694,"OCF_SALES":-4.846703051404,"TOTAL_PARENT_EQUITY":685485000,"DEBT_ASSET_RATIO":53.7544703304,"OPERATE_PROFIT":6192000,"PRETAX_PROFIT":-4044000,"NETCASH_OPERATE":-28009000,"NETCASH_INVEST":28154000,"NETCASH_FINANCE":-11120000,"END_CASH":179093000,"DIVI_RATIO":null,"DIVIDEND_RATE":null,"CURRENT_RATIO":0.777230201377,"COMMON_ACS":10000000000,"CURRENTDEBT_DEBT":86.229712294864,"ISSUED_COMMON_SHARES":1252350000,"HK_COMMON_SHARES":1252350000,"PER_SHARES":4000,"TOTAL_MARKET_CAP":569819250,"HKSK_MARKET_CAP":569819250,"PE_TTM":-25.69469755323,"PB_TTM":0.758678356332,"REPORT_DATE_SQ":"2023-06-30 00:00:00","REPORT_TYPE_SQ":"2023年中报","OPERATE_INCOME_SQ":455663000,"DPS_HKD":null,"OPERATE_INCOME_QOQ_SQ":-14.882792555835,"NET_PROFIT_RATIO_SQ":-2.1105509993,"HOLDER_PROFIT_SQ":-9617000,"HOLDER_PROFIT_QOQ_SQ":-344.436485195798,"ROE_AVG_SQ":-1.354035037082,"PE_TTM_SQ":-5.883875363424,"PB_TTM_SQ":0.491031110982,"ROA_SQ":-0.619775258162,"START_DATE":"2024-01-01 00:00:00","FISCAL_YEAR":"12-31","CURRENCY":"HKD","IS_CNY_CODE":0,"DPS_HKD_LY":null,"ORG_TYPE":"一般企业","PREMIUM_INCOME":null,"PREMIUM_INCOME_YOY":null,"NET_INTEREST_INCOME":null,"NET_INTEREST_INCOME_YOY":null,"FEE_COMMISSION_INCOME":null,"FEE_COMMISSION_INCOME_YOY":null,"ACCOUNTS_RECE_TDAYS":15.173900485756,"INVENTORY_TDAYS":2.206341509167,"CURRENT_ASSETS_TDAYS":1.104129370249,"TOTAL_ASSETS_TDAYS":0.387549290485,"PREMIUM_EXPENSE":null,"LOAN_DEPOSIT":null,"LOAN_EQUITY":null,"LOAN_ASSETS":null,"DEPOSIT_EQUITY":null,"DEPOSIT_ASSETS":null,"EQUITY_MULTIPLIER":2.162371167861,"EQUITY_RATIO":1.162371167859},{"SECUCODE":"03778.HK","SECURITY_CODE":"03778","SECURITY_NAME_ABBR":"中国织材控股","ORG_CODE":"10187915","STD_REPORT_DATE":"2023-12-31 00:00:00","REPORT_DATE":"2023-12-31 00:00:00","DATE_TYPE_CODE":"001","REPORT_TYPE":"2023年年报","PER_NETCASH_OPERATE":-0.063964546652,"PER_OI":0.883974128638,"BPS":0.549792789556,"BASIC_EPS":-0.0212,"DILUTED_EPS":null,"OPERATE_INCOME":1107045000,"OPERATE_INCOME_YOY":-16.0141654901,"GROSS_PROFIT":11263000,"GROSS_PROFIT_YOY":-80.615125124781,"HOLDER_PROFIT":-26523000,"HOLDER_PROFIT_YOY":-111.1031518625,"GROSS_PROFIT_RATIO":1.017393150233,"EPS_TTM":-0.021178584262,"OPERATE_INCOME_QOQ":-1.329194140957,"NET_PROFIT_RATIO":-2.3958375676,"ROE_AVG":-3.779311465108,"GROSS_PROFIT_QOQ":157.993924102775,"ROA":-1.713729673569,"HOLDER_PROFIT_QOQ":52.500940203084,"ROE_YEARLY":-3.779311465108,"ROIC_YEARLY":-2.007882241791,"TOTAL_ASSETS":1500047000,"TOTAL_LIABILITIES":811514000,"TAX_EBT":36.239723063609,"OCF_SALES":-7.23602021598,"TOTAL_PARENT_EQUITY":688533000,"DEBT_ASSET_RATIO":54.0992382239,"OPERATE_PROFIT":-20202000,"PRETAX_PROFIT":-41598000,"NETCASH_OPERATE":-80106000,"NETCASH_INVEST":45708000,"NETCASH_FINANCE":-38932000,"END_CASH":190068000,"DIVI_RATIO":null,"DIVIDEND_RATE":null,"CURRENT_RATIO":0.720156731667,"COMMON_ACS":10000000000,"CURRENTDEBT_DEBT":87.742786938981,"ISSUED_COMMON_SHARES":1252350000,"HK_COMMON_SHARES":1252350000,"PER_SHARES":4000,"TOTAL_MARKET_CAP":557295750,"HKSK_MARKET_CAP":557295750,"PE_TTM":-25.129978925686,"PB_TTM":0.742004106742,"REPORT_DATE_SQ":"2022-12-31 00:00:00","REPORT_TYPE_SQ":"2022年年报","OPERATE_INCOME_SQ":1318133000,"DPS_HKD":null,"OPERATE_INCOME_QOQ_SQ":-20.288372166154,"NET_PROFIT_RATIO_SQ":-0.9531663345,"HOLDER_PROFIT_SQ":-12564000,"HOLDER_PROFIT_QOQ_SQ":-109.367660545328,"ROE_AVG_SQ":-1.679398496241,"PE_TTM_SQ":-5.883875363424,"PB_TTM_SQ":0.491031110982,"ROA_SQ":-0.764961313561,"START_DATE":"2023-01-01 00:00:00","FISCAL_YEAR":"12-31","CURRENCY":"HKD","IS_CNY_CODE":0,"DPS_HKD_LY":null,"ORG_TYPE":"一般企业","PREMIUM_INCOME":null,"PREMIUM_INCOME_YOY":null,"NET_INTEREST_INCOME":null,"NET_INTEREST_INCOME_YOY":null,"FEE_COMMISSION_INCOME":null,"FEE_COMMISSION_INCOME_YOY":null,"ACCOUNTS_RECE_TDAYS":41.08764637111,"INVENTORY_TDAYS":6.136892244192,"CURRENT_ASSETS_TDAYS":2.098687378435,"TOTAL_ASSETS_TDAYS":0.715294599584,"PREMIUM_EXPENSE":null,"LOAN_DEPOSIT":null,"LOAN_EQUITY":null,"LOAN_ASSETS":null,"DEPOSIT_EQUITY":null,"DEPOSIT_ASSETS":null,"EQUITY_MULTIPLIER":2.178613080275,"EQUITY_RATIO":1.178613080274},{"SECUCODE":"03778.HK","SECURITY_CODE":"03778","SECURITY_NAME_ABBR":"中国织材控股","ORG_CODE":"10187915","STD_REPORT_DATE":"2023-06-30 00:00:00","REPORT_DATE":"2023-06-30 00:00:00","DATE_TYPE_CODE":"002","REPORT_TYPE":"2023年中报","PER_NETCASH_OPERATE":-0.102723679483,"PER_OI":0.363846368827,"BPS":0.563292210644,"BASIC_EPS":-0.0077,"DILUTED_EPS":null,"OPERATE_INCOME":455663000,"OPERATE_INCOME_YOY":-30.095667942,"GROSS_PROFIT":8980000,"GROSS_PROFIT_YOY":-89.618857149463,"HOLDER_PROFIT":-9617000,"HOLDER_PROFIT_YOY":-128.5727018837,"GROSS_PROFIT_RATIO":1.970754702488,"EPS_TTM":-0.044587375734,"OPERATE_INCOME_QOQ":-14.882792555835,"NET_PROFIT_RATIO":-2.1105509993,"ROE_AVG":-1.354035037082,"GROSS_PROFIT_QOQ":-133.425699631682,"ROA":-0.619775258162,"HOLDER_PROFIT_QOQ":-344.436485195798,"ROE_YEARLY":-2.708070074164,"ROIC_YEARLY":-1.442203150142,"TOTAL_ASSETS":1508076000,"TOTAL_LIABILITIES":802637000,"TAX_EBT":55.690195355695,"OCF_SALES":-28.232707066407,"TOTAL_PARENT_EQUITY":705439000,"DEBT_ASSET_RATIO":53.2225829467,"OPERATE_PROFIT":-10677000,"PRETAX_PROFIT":-21704000,"NETCASH_OPERATE":-128646000,"NETCASH_INVEST":67299000,"NETCASH_FINANCE":-29374000,"END_CASH":172677000,"DIVI_RATIO":null,"DIVIDEND_RATE":null,"CURRENT_RATIO":0.676367705951,"COMMON_ACS":10000000000,"CURRENTDEBT_DEBT":89.506339727673,"ISSUED_COMMON_SHARES":1252350000,"HK_COMMON_SHARES":1252350000,"PER_SHARES":4000,"TOTAL_MARKET_CAP":557295750,"HKSK_MARKET_CAP":557295750,"PE_TTM":-25.129978925686,"PB_TTM":0.742004106742,"REPORT_DATE_SQ":"2022-06-30 00:00:00","REPORT_TYPE_SQ":"2022年中报","OPERATE_INCOME_SQ":651838000,"DPS_HKD":null,"OPERATE_INCOME_QOQ_SQ":-4.099482983098,"NET_PROFIT_RATIO_SQ":4.8274645413,"HOLDER_PROFIT_SQ":33658000,"HOLDER_PROFIT_QOQ_SQ":-33.781795560471,"ROE_AVG_SQ":4.363959796285,"PE_TTM_SQ":-5.883875363424,"PB_TTM_SQ":0.491031110982,"ROA_SQ":1.934530694682,"START_DATE":"2023-01-01 00:00:00","FISCAL_YEAR":"12-31","CURRENCY":"HKD","IS_CNY_CODE":0,"DPS_HKD_LY":null,"ORG_TYPE":"一般企业","PREMIUM_INCOME":null,"PREMIUM_INCOME_YOY":null,"NET_INTEREST_INCOME":null,"NET_INTEREST_INCOME_YOY":null,"FEE_COMMISSION_INCOME":null,"FEE_COMMISSION_INCOME_YOY":null,"ACCOUNTS_RECE_TDAYS":17.052936883666,"INVENTORY_TDAYS":2.455192542351,"CURRENT_ASSETS_TDAYS":0.886405593154,"TOTAL_ASSETS_TDAYS":0.293655665446,"PREMIUM_EXPENSE":null,"LOAN_DEPOSIT":null,"LOAN_EQUITY":null,"LOAN_ASSETS":null,"DEPOSIT_EQUITY":null,"DEPOSIT_ASSETS":null,"EQUITY_MULTIPLIER":2.137783706314,"EQUITY_RATIO":1.137783706316},{"SECUCODE":"03778.HK","SECURITY_CODE":"03778","SECURITY_NAME_ABBR":"中国织材控股","ORG_CODE":"10187915","STD_REPORT_DATE":"2022-12-31 00:00:00","REPORT_DATE":"2022-12-31 00:00:00","DATE_TYPE_CODE":"001","REPORT_TYPE":"2022年年报","PER_NETCASH_OPERATE":0.161803010341,"PER_OI":1.052527648022,"BPS":0.570971373817,"BASIC_EPS":-0.01,"DILUTED_EPS":null,"OPERATE_INCOME":1318133000,"OPERATE_INCOME_YOY":-19.6702669201,"GROSS_PROFIT":58102000,"GROSS_PROFIT_YOY":-80.835554265509,"HOLDER_PROFIT":-12564000,"HOLDER_PROFIT_YOY":-106.2030966111,"GROSS_PROFIT_RATIO":4.407901175375,"EPS_TTM":-0.010032339202,"OPERATE_INCOME_QOQ":-20.288372166154,"NET_PROFIT_RATIO":-0.9531663345,"ROE_AVG":-1.679398496241,"GROSS_PROFIT_QOQ":-77.010430020733,"ROA":-0.764961313561,"HOLDER_PROFIT_QOQ":-109.367660545328,"ROE_YEARLY":-1.679398496241,"ROIC_YEARLY":-0.917602722718,"TOTAL_ASSETS":1595307000,"TOTAL_LIABILITIES":880251000,"TAX_EBT":46.422683811408,"OCF_SALES":15.372803806596,"TOTAL_PARENT_EQUITY":715056000,"DEBT_ASSET_RATIO":55.177530093,"OPERATE_PROFIT":13577000,"PRETAX_PROFIT":-9099000,"NETCASH_OPERATE":202634000,"NETCASH_INVEST":-129426000,"NETCASH_FINANCE":-92844000,"END_CASH":263398000,"DIVI_RATIO":null,"DIVIDEND_RATE":null,"CURRENT_RATIO":0.717064474492,"COMMON_ACS":10000000000,"CURRENTDEBT_DEBT":85.900953250834,"ISSUED_COMMON_SHARES":1252350000,"HK_COMMON_SHARES":1252350000,"PER_SHARES":4000,"TOTAL_MARKET_CAP":557295750,"HKSK_MARKET_CAP":557295750,"PE_TTM":-25.129978925686,"PB_TTM":0.742004106742,"REPORT_DATE_SQ":"2021-12-31 00:00:00","REPORT_TYPE_SQ":"2021年年报","OPERATE_INCOME_SQ":1640903000,"DPS_HKD":null,"OPERATE_INCOME_QOQ_SQ":5.629501757516,"NET_PROFIT_RATIO_SQ":11.8539246019,"HOLDER_PROFIT_SQ":202544000,"HOLDER_PROFIT_QOQ_SQ":15.327544483986,"ROE_AVG_SQ":28.666700634635,"PE_TTM_SQ":-5.883875363424,"PB_TTM_SQ":0.491031110982,"ROA_SQ":12.666445494993,"START_DATE":"2022-01-01 00:00:00","FISCAL_YEAR":"12-31","CURRENCY":"HKD","IS_CNY_CODE":0,"DPS_HKD_LY":0.05,"ORG_TYPE":"一般企业","PREMIUM_INCOME":null,"PREMIUM_INCOME_YOY":null,"NET_INTEREST_INCOME":null,"NET_INTEREST_INCOME_YOY":null,"FEE_COMMISSION_INCOME":null,"FEE_COMMISSION_INCOME_YOY":null,"ACCOUNTS_RECE_TDAYS":38.817139070897,"INVENTORY_TDAYS":5.630945305203,"CURRENT_ASSETS_TDAYS":2.112394320829,"TOTAL_ASSETS_TDAYS":0.802547557409,"PREMIUM_EXPENSE":null,"LOAN_DEPOSIT":null,"LOAN_EQUITY":null,"LOAN_ASSETS":null,"DEPOSIT_EQUITY":null,"DEPOSIT_ASSETS":null,"EQUITY_MULTIPLIER":2.231023863868,"EQUITY_RATIO":1.231023863865},{"SECUCODE":"03778.HK","SECURITY_CODE":"03778","SECURITY_NAME_ABBR":"中国织材控股","ORG_CODE":"10187915","STD_REPORT_DATE":"2022-06-30 00:00:00","REPORT_DATE":"2022-06-30 00:00:00","DATE_TYPE_CODE":"002","REPORT_TYPE":"2022年中报","PER_NETCASH_OPERATE":0.01547810117,"PER_OI":0.520491875274,"BPS":0.607937078293,"BASIC_EPS":0.0269,"DILUTED_EPS":null,"OPERATE_INCOME":651838000,"OPERATE_INCOME_YOY":-9.2052813687,"GROSS_PROFIT":86503000,"GROSS_PROFIT_YOY":-43.721780542074,"HOLDER_PROFIT":33658000,"HOLDER_PROFIT_YOY":-67.0281443168,"GROSS_PROFIT_RATIO":12.755389626502,"EPS_TTM":0.107095460534,"OPERATE_INCOME_QOQ":-4.099482983098,"NET_PROFIT_RATIO":4.8274645413,"ROE_AVG":4.363959796285,"GROSS_PROFIT_QOQ":-20.400623612227,"ROA":1.934530694682,"HOLDER_PROFIT_QOQ":-33.781795560471,"ROE_YEARLY":8.727919592569,"ROIC_YEARLY":4.505637233821,"TOTAL_ASSETS":1790142000,"TOTAL_LIABILITIES":1028792000,"TAX_EBT":22.860866351559,"OCF_SALES":2.780188147483,"TOTAL_PARENT_EQUITY":761350000,"DEBT_ASSET_RATIO":57.4698543468,"OPERATE_PROFIT":62557000,"PRETAX_PROFIT":51411000,"NETCASH_OPERATE":19384000,"NETCASH_INVEST":-135954000,"NETCASH_FINANCE":42130000,"END_CASH":208594000,"DIVI_RATIO":null,"DIVIDEND_RATE":null,"CURRENT_RATIO":0.817382155855,"COMMON_ACS":10000000000,"CURRENTDEBT_DEBT":88.324850893086,"ISSUED_COMMON_SHARES":1252350000,"HK_COMMON_SHARES":1252350000,"PER_SHARES":4000,"TOTAL_MARKET_CAP":557295750,"HKSK_MARKET_CAP":557295750,"PE_TTM":-25.129978925686,"PB_TTM":0.742004106742,"REPORT_DATE_SQ":"2021-06-30 00:00:00","REPORT_TYPE_SQ":"2021年中报","OPERATE_INCOME_SQ":767907000,"DPS_HKD":null,"OPERATE_INCOME_QOQ_SQ":14.871889419081,"NET_PROFIT_RATIO_SQ":13.5349723339,"HOLDER_PROFIT_SQ":102081000,"HOLDER_PROFIT_QOQ_SQ":179.880478087649,"ROE_AVG_SQ":15.371977737354,"PE_TTM_SQ":-5.883875363424,"PB_TTM_SQ":0.491031110982,"ROA_SQ":6.469138493849,"START_DATE":"2022-01-01 00:00:00","FISCAL_YEAR":"12-31","CURRENCY":"HKD","IS_CNY_CODE":0,"DPS_HKD_LY":0.05,"ORG_TYPE":"一般企业","PREMIUM_INCOME":null,"PREMIUM_INCOME_YOY":null,"NET_INTEREST_INCOME":null,"NET_INTEREST_INCOME_YOY":null,"FEE_COMMISSION_INCOME":null,"FEE_COMMISSION_INCOME_YOY":null,"ACCOUNTS_RECE_TDAYS":12.82350511002,"INVENTORY_TDAYS":1.774592662825,"CURRENT_ASSETS_TDAYS":0.962655320935,"TOTAL_ASSETS_TDAYS":0.400734314699,"PREMIUM_EXPENSE":null,"LOAN_DEPOSIT":null,"LOAN_EQUITY":null,"LOAN_ASSETS":null,"DEPOSIT_EQUITY":null,"DEPOSIT_ASSETS":null,"EQUITY_MULTIPLIER":2.351273395944,"EQUITY_RATIO":1.351273395941},{"SECUCODE":"03778.HK","SECURITY_CODE":"03778","SECURITY_NAME_ABBR":"中国织材控股","ORG_CODE":"10187915","STD_REPORT_DATE":"2021-12-31 00:00:00","REPORT_DATE":"2021-12-31 00:00:00","DATE_TYPE_CODE":"001","REPORT_TYPE":"2021年年报","PER_NETCASH_OPERATE":0.096826765681,"PER_OI":1.310259112868,"BPS":0.623782488921,"BASIC_EPS":0.1617,"DILUTED_EPS":null,"OPERATE_INCOME":1640903000,"OPERATE_INCOME_YOY":21.3386044528,"GROSS_PROFIT":303176000,"GROSS_PROFIT_YOY":111.769800856367,"HOLDER_PROFIT":202544000,"HOLDER_PROFIT_YOY":222.7792828685,"GROSS_PROFIT_RATIO":18.413398943929,"EPS_TTM":0.161731145447,"OPERATE_INCOME_QOQ":5.629501757516,"NET_PROFIT_RATIO":11.8539246019,"ROE_AVG":28.666700634635,"GROSS_PROFIT_QOQ":17.131989995057,"ROA":12.666445494993,"HOLDER_PROFIT_QOQ":15.327544483986,"ROE_YEARLY":28.666700634635,"ROIC_YEARLY":14.821308484801,"TOTAL_ASSETS":1689565000,"TOTAL_LIABILITIES":908371000,"TAX_EBT":16.393021947102,"OCF_SALES":7.0324157709,"TOTAL_PARENT_EQUITY":781194000,"DEBT_ASSET_RATIO":53.7636018739,"OPERATE_PROFIT":242647000,"PRETAX_PROFIT":222125000,"NETCASH_OPERATE":121261000,"NETCASH_INVEST":-15000000,"NETCASH_FINANCE":-7833000,"END_CASH":283034000,"DIVI_RATIO":null,"DIVIDEND_RATE":null,"CURRENT_RATIO":0.865570694497,"COMMON_ACS":10000000000,"CURRENTDEBT_DEBT":89.766185842569,"ISSUED_COMMON_SHARES":1252350000,"HK_COMMON_SHARES":1252350000,"PER_SHARES":4000,"TOTAL_MARKET_CAP":557295750,"HKSK_MARKET_CAP":557295750,"PE_TTM":-25.129978925686,"PB_TTM":0.742004106742,"REPORT_DATE_SQ":"2020-12-31 00:00:00","REPORT_TYPE_SQ":"2020年年报","OPERATE_INCOME_SQ":1421077000,"DPS_HKD":null,"OPERATE_INCOME_QOQ_SQ":-5.643049934764,"NET_PROFIT_RATIO_SQ":4.4194649551,"HOLDER_PROFIT_SQ":62750000,"HOLDER_PROFIT_QOQ_SQ":232.258404468332,"ROE_AVG_SQ":10.45127001668,"PE_TTM_SQ":-5.883875363424,"PB_TTM_SQ":0.491031110982,"ROA_SQ":4.189431749483,"START_DATE":"2021-01-01 00:00:00","FISCAL_YEAR":"12-31","CURRENCY":"HKD","IS_CNY_CODE":0,"DPS_HKD_LY":0.035,"ORG_TYPE":"一般企业","PREMIUM_INCOME":null,"PREMIUM_INCOME_YOY":null,"NET_INTEREST_INCOME":null,"NET_INTEREST_INCOME_YOY":null,"FEE_COMMISSION_INCOME":null,"FEE_COMMISSION_INCOME_YOY":null,"ACCOUNTS_RECE_TDAYS":36.086405770648,"INVENTORY_TDAYS":5.657655556271,"CURRENT_ASSETS_TDAYS":2.856914449883,"TOTAL_ASSETS_TDAYS":1.078330731283,"PREMIUM_EXPENSE":null,"LOAN_DEPOSIT":null,"LOAN_EQUITY":null,"LOAN_ASSETS":null,"DEPOSIT_EQUITY":null,"DEPOSIT_ASSETS":null,"EQUITY_MULTIPLIER":2.162798229379,"EQUITY_RATIO":1.162798229377},{"SECUCODE":"03778.HK","SECURITY_CODE":"03778","SECURITY_NAME_ABBR":"中国织材控股","ORG_CODE":"10187915","STD_REPORT_DATE":"2021-06-30 00:00:00","REPORT_DATE":"2021-06-30 00:00:00","DATE_TYPE_CODE":"002","REPORT_TYPE":"2021年中报","PER_NETCASH_OPERATE":0.016660677926,"PER_OI":0.61317283507,"BPS":0.555948416976,"BASIC_EPS":0.0815,"DILUTED_EPS":null,"OPERATE_INCOME":767907000,"OPERATE_INCOME_YOY":37.9723159517,"GROSS_PROFIT":153706000,"GROSS_PROFIT_YOY":495.690423594156,"HOLDER_PROFIT":102081000,"HOLDER_PROFIT_YOY":1045.719844358,"GROSS_PROFIT_RATIO":20.016225923191,"EPS_TTM":0.140236355651,"OPERATE_INCOME_QOQ":14.871889419081,"NET_PROFIT_RATIO":13.5349723339,"ROE_AVG":15.371977737354,"GROSS_PROFIT_QOQ":89.340821301593,"ROA":6.469138493849,"HOLDER_PROFIT_QOQ":179.880478087649,"ROE_YEARLY":30.743955474708,"ROIC_YEARLY":15.026241938084,"TOTAL_ASSETS":1647384000,"TOTAL_LIABILITIES":951142000,"TAX_EBT":14.117384586146,"OCF_SALES":2.717125901965,"TOTAL_PARENT_EQUITY":696242000,"DEBT_ASSET_RATIO":57.7365083065,"OPERATE_PROFIT":133078000,"PRETAX_PROFIT":121021000,"NETCASH_OPERATE":20865000,"NETCASH_INVEST":14553000,"NETCASH_FINANCE":36569000,"END_CASH":256593000,"DIVI_RATIO":null,"DIVIDEND_RATE":null,"CURRENT_RATIO":0.783760250638,"COMMON_ACS":10000000000,"CURRENTDEBT_DEBT":89.835061431416,"ISSUED_COMMON_SHARES":1252350000,"HK_COMMON_SHARES":1252350000,"PER_SHARES":4000,"TOTAL_MARKET_CAP":557295750,"HKSK_MARKET_CAP":557295750,"PE_TTM":-25.129978925686,"PB_TTM":0.742004106742,"REPORT_DATE_SQ":"2020-06-30 00:00:00","REPORT_TYPE_SQ":"2020年中报","OPERATE_INCOME_SQ":556566000,"DPS_HKD":null,"OPERATE_INCOME_QOQ_SQ":-16.161579612445,"NET_PROFIT_RATIO_SQ":-2.3542580754,"HOLDER_PROFIT_SQ":-10794000,"HOLDER_PROFIT_QOQ_SQ":-3276.86832740213,"ROE_AVG_SQ":-1.915074245942,"PE_TTM_SQ":-5.883875363424,"PB_TTM_SQ":0.491031110982,"ROA_SQ":-0.716341600838,"START_DATE":"2021-01-01 00:00:00","FISCAL_YEAR":"12-31","CURRENCY":"HKD","IS_CNY_CODE":0,"DPS_HKD_LY":0.035,"ORG_TYPE":"一般企业","PREMIUM_INCOME":null,"PREMIUM_INCOME_YOY":null,"NET_INTEREST_INCOME":null,"NET_INTEREST_INCOME_YOY":null,"FEE_COMMISSION_INCOME":null,"FEE_COMMISSION_INCOME_YOY":null,"ACCOUNTS_RECE_TDAYS":18.924686398699,"INVENTORY_TDAYS":2.55446104578,"CURRENT_ASSETS_TDAYS":1.311526003554,"TOTAL_ASSETS_TDAYS":0.486642640001,"PREMIUM_EXPENSE":null,"LOAN_DEPOSIT":null,"LOAN_EQUITY":null,"LOAN_ASSETS":null,"DEPOSIT_EQUITY":null,"DEPOSIT_ASSETS":null,"EQUITY_MULTIPLIER":2.366108335895,"EQUITY_RATIO":1.366108335895},{"SECUCODE":"03778.HK","SECURITY_CODE":"03778","SECURITY_NAME_ABBR":"中国织材控股","ORG_CODE":"10187915","STD_REPORT_DATE":"2020-12-31 00:00:00","REPORT_DATE":"2020-12-31 00:00:00","DATE_TYPE_CODE":"001","REPORT_TYPE":"2020年年报","PER_NETCASH_OPERATE":0.076699005869,"PER_OI":1.134728310776,"BPS":0.504573002755,"BASIC_EPS":0.0501,"DILUTED_EPS":null,"OPERATE_INCOME":1421077000,"OPERATE_INCOME_YOY":-20.8926235394,"GROSS_PROFIT":143163000,"GROSS_PROFIT_YOY":23.284592332334,"HOLDER_PROFIT":62750000,"HOLDER_PROFIT_YOY":4566.1921708185,"GROSS_PROFIT_RATIO":10.074260578421,"EPS_TTM":0.050105801094,"OPERATE_INCOME_QOQ":-5.643049934764,"NET_PROFIT_RATIO":4.4194649551,"ROE_AVG":10.45127001668,"GROSS_PROFIT_QOQ":122.957125726122,"ROA":4.189431749483,"HOLDER_PROFIT_QOQ":232.258404468332,"ROE_YEARLY":10.45127001668,"ROIC_YEARLY":4.681385988668,"TOTAL_ASSETS":1508554000,"TOTAL_LIABILITIES":879319000,"TAX_EBT":17.376203757302,"OCF_SALES":6.759239647113,"TOTAL_PARENT_EQUITY":631902000,"DEBT_ASSET_RATIO":58.2888647009,"OPERATE_PROFIT":105399000,"PRETAX_PROFIT":76012000,"NETCASH_OPERATE":96054000,"NETCASH_INVEST":-69570000,"NETCASH_FINANCE":22537000,"END_CASH":184606000,"DIVI_RATIO":null,"DIVIDEND_RATE":null,"CURRENT_RATIO":0.626574961349,"COMMON_ACS":10000000000,"CURRENTDEBT_DEBT":90.990755345898,"ISSUED_COMMON_SHARES":1252350000,"HK_COMMON_SHARES":1252350000,"PER_SHARES":4000,"TOTAL_MARKET_CAP":557295750,"HKSK_MARKET_CAP":557295750,"PE_TTM":-25.129978925686,"PB_TTM":0.742004106742,"REPORT_DATE_SQ":"2019-12-31 00:00:00","REPORT_TYPE_SQ":"2019年年报","OPERATE_INCOME_SQ":1796390000,"DPS_HKD":null,"OPERATE_INCOME_QOQ_SQ":-2.652205673559,"NET_PROFIT_RATIO_SQ":-1.1306008161,"HOLDER_PROFIT_SQ":-1405000,"HOLDER_PROFIT_QOQ_SQ":-101.986483429476,"ROE_AVG_SQ":-0.24201855533,"PE_TTM_SQ":-5.883875363424,"PB_TTM_SQ":0.491031110982,"ROA_SQ":-0.092318235743,"START_DATE":"2020-01-01 00:00:00","FISCAL_YEAR":"12-31","CURRENCY":"HKD","IS_CNY_CODE":0,"DPS_HKD_LY":null,"ORG_TYPE":"一般企业","PREMIUM_INCOME":null,"PREMIUM_INCOME_YOY":null,"NET_INTEREST_INCOME":null,"NET_INTEREST_INCOME_YOY":null,"FEE_COMMISSION_INCOME":null,"FEE_COMMISSION_INCOME_YOY":null,"ACCOUNTS_RECE_TDAYS":28.100075140394,"INVENTORY_TDAYS":6.57952076447,"CURRENT_ASSETS_TDAYS":3.039509341547,"TOTAL_ASSETS_TDAYS":0.948765753348,"PREMIUM_EXPENSE":null,"LOAN_DEPOSIT":null,"LOAN_EQUITY":null,"LOAN_ASSETS":null,"DEPOSIT_EQUITY":null,"DEPOSIT_ASSETS":null,"EQUITY_MULTIPLIER":2.397441337497,"EQUITY_RATIO":1.391543308931},{"SECUCODE":"03778.HK","SECURITY_CODE":"03778","SECURITY_NAME_ABBR":"中国织材控股","ORG_CODE":"10187915","STD_REPORT_DATE":"2020-06-30 00:00:00","REPORT_DATE":"2020-06-30 00:00:00","DATE_TYPE_CODE":"002","REPORT_TYPE":"2020年中报","PER_NETCASH_OPERATE":0.042068910448,"PER_OI":0.444417295484,"BPS":0.445848205374,"BASIC_EPS":-0.0086,"DILUTED_EPS":null,"OPERATE_INCOME":556566000,"OPERATE_INCOME_YOY":-34.2812711435,"GROSS_PROFIT":25803000,"GROSS_PROFIT_YOY":-66.798342683617,"HOLDER_PROFIT":-10794000,"HOLDER_PROFIT_YOY":-130.6247517449,"GROSS_PROFIT_RATIO":4.636107847048,"EPS_TTM":-0.03788477662,"OPERATE_INCOME_QOQ":-16.161579612445,"NET_PROFIT_RATIO":-2.3542580754,"ROE_AVG":-1.915074245942,"GROSS_PROFIT_QOQ":-44.704798319038,"ROA":-0.716341600838,"HOLDER_PROFIT_QOQ":-3276.86832740213,"ROE_YEARLY":-3.830148491883,"ROIC_YEARLY":-1.548834231044,"TOTAL_ASSETS":1526567000,"TOTAL_LIABILITIES":973239000,"TAX_EBT":6.132244430117,"OCF_SALES":9.466083088079,"TOTAL_PARENT_EQUITY":558358000,"DEBT_ASSET_RATIO":63.7534415456,"OPERATE_PROFIT":1549000,"PRETAX_PROFIT":-13959000,"NETCASH_OPERATE":52685000,"NETCASH_INVEST":-103641000,"NETCASH_FINANCE":13538000,"END_CASH":98167000,"DIVI_RATIO":null,"DIVIDEND_RATE":null,"CURRENT_RATIO":0.558929702414,"COMMON_ACS":10000000000,"CURRENTDEBT_DEBT":91.823077373595,"ISSUED_COMMON_SHARES":1252350000,"HK_COMMON_SHARES":1252350000,"PER_SHARES":4000,"TOTAL_MARKET_CAP":557295750,"HKSK_MARKET_CAP":557295750,"PE_TTM":-25.129978925686,"PB_TTM":0.742004106742,"REPORT_DATE_SQ":"2019-06-30 00:00:00","REPORT_TYPE_SQ":"2019年中报","OPERATE_INCOME_SQ":846891000,"DPS_HKD":null,"OPERATE_INCOME_QOQ_SQ":0.499466005432,"NET_PROFIT_RATIO_SQ":3.6272672634,"HOLDER_PROFIT_SQ":35246000,"HOLDER_PROFIT_QOQ_SQ":-11.930169719459,"ROE_AVG_SQ":5.780098461417,"PE_TTM_SQ":-5.883875363424,"PB_TTM_SQ":0.491031110982,"ROA_SQ":2.179398114869,"START_DATE":"2020-01-01 00:00:00","FISCAL_YEAR":"12-31","CURRENCY":"HKD","IS_CNY_CODE":0,"DPS_HKD_LY":null,"ORG_TYPE":"一般企业","PREMIUM_INCOME":null,"PREMIUM_INCOME_YOY":null,"NET_INTEREST_INCOME":null,"NET_INTEREST_INCOME_YOY":null,"FEE_COMMISSION_INCOME":null,"FEE_COMMISSION_INCOME_YOY":null,"ACCOUNTS_RECE_TDAYS":11.558402990499,"INVENTORY_TDAYS":2.429354766362,"CURRENT_ASSETS_TDAYS":1.192760704642,"TOTAL_ASSETS_TDAYS":0.3693638868,"PREMIUM_EXPENSE":null,"LOAN_DEPOSIT":null,"LOAN_EQUITY":null,"LOAN_ASSETS":null,"DEPOSIT_EQUITY":null,"DEPOSIT_ASSETS":null,"EQUITY_MULTIPLIER":2.758882615733,"EQUITY_RATIO":1.743037621025}],"count":31},"success":true,"message":"ok","code":0}