{"version":"1837729a37ca9e851151f478c67c05b4","result":{"pages":3,"data":[{"SECUCODE":"03773.HK","SECURITY_CODE":"03773","SECURITY_NAME_ABBR":"银盛数惠","ORG_CODE":"10472958","STD_REPORT_DATE":"2024-06-30 00:00:00","REPORT_DATE":"2024-06-30 00:00:00","DATE_TYPE_CODE":"002","REPORT_TYPE":"2024年中报","PER_NETCASH_OPERATE":-0.20305060241,"PER_OI":0.147739759036,"BPS":0.724378313253,"BASIC_EPS":0.0514,"DILUTED_EPS":0.0514,"OPERATE_INCOME":61312000,"OPERATE_INCOME_YOY":99.071398422,"GROSS_PROFIT":48130000,"GROSS_PROFIT_YOY":96.280738958444,"HOLDER_PROFIT":21315000,"HOLDER_PROFIT_YOY":2347.187141217,"GROSS_PROFIT_RATIO":78.500130480167,"EPS_TTM":0.08866746988,"OPERATE_INCOME_QOQ":33.519718774031,"NET_PROFIT_RATIO":33.9590944676,"ROE_AVG":7.351026608888,"GROSS_PROFIT_QOQ":31.979681679648,"ROA":4.718108772163,"HOLDER_PROFIT_QOQ":125.016816486272,"ROE_YEARLY":14.702053217777,"ROIC_YEARLY":11.358307577534,"TOTAL_ASSETS":491006000,"TOTAL_LIABILITIES":190883000,"TAX_EBT":27.947537806693,"OCF_SALES":-137.438021920668,"TOTAL_PARENT_EQUITY":300617000,"DEBT_ASSET_RATIO":38.8758996835,"OPERATE_PROFIT":30121000,"PRETAX_PROFIT":28897000,"NETCASH_OPERATE":-84266000,"NETCASH_INVEST":-745000,"NETCASH_FINANCE":58939000,"END_CASH":63611000,"DIVI_RATIO":null,"DIVIDEND_RATE":null,"CURRENT_RATIO":2.681874386599,"COMMON_ACS":2000000000,"CURRENTDEBT_DEBT":94.480388510239,"ISSUED_COMMON_SHARES":415000000,"HK_COMMON_SHARES":415000000,"PER_SHARES":2000,"TOTAL_MARKET_CAP":962800000,"HKSK_MARKET_CAP":962800000,"PE_TTM":23.799354753969,"PB_TTM":2.923082540242,"REPORT_DATE_SQ":"2023-06-30 00:00:00","REPORT_TYPE_SQ":"2023年中报","OPERATE_INCOME_SQ":30799000,"DPS_HKD":null,"OPERATE_INCOME_QOQ_SQ":-12.235877906641,"NET_PROFIT_RATIO_SQ":2.8280138966,"HOLDER_PROFIT_SQ":871000,"HOLDER_PROFIT_QOQ_SQ":-53.680542820466,"ROE_AVG_SQ":0.33069523833,"PE_TTM_SQ":76.560343460202,"PB_TTM_SQ":3.567771139413,"ROA_SQ":0.181517326464,"START_DATE":"2024-01-01 00:00:00","FISCAL_YEAR":"12-31","CURRENCY":"HKD","IS_CNY_CODE":0,"DPS_HKD_LY":null,"ORG_TYPE":"一般企业","PREMIUM_INCOME":null,"PREMIUM_INCOME_YOY":null,"NET_INTEREST_INCOME":null,"NET_INTEREST_INCOME_YOY":null,"FEE_COMMISSION_INCOME":null,"FEE_COMMISSION_INCOME_YOY":null,"ACCOUNTS_RECE_TDAYS":0.259733877835,"INVENTORY_TDAYS":0.861174625988,"CURRENT_ASSETS_TDAYS":0.13813924775,"TOTAL_ASSETS_TDAYS":0.135715076256,"PREMIUM_EXPENSE":null,"LOAN_DEPOSIT":null,"LOAN_EQUITY":null,"LOAN_ASSETS":null,"DEPOSIT_EQUITY":null,"DEPOSIT_ASSETS":null,"EQUITY_MULTIPLIER":1.636015900147,"EQUITY_RATIO":0.634970743504},{"SECUCODE":"03773.HK","SECURITY_CODE":"03773","SECURITY_NAME_ABBR":"银盛数惠","ORG_CODE":"10472958","STD_REPORT_DATE":"2023-12-31 00:00:00","REPORT_DATE":"2023-12-31 00:00:00","DATE_TYPE_CODE":"001","REPORT_TYPE":"2023年年报","PER_NETCASH_OPERATE":0.282284337349,"PER_OI":0.21934939759,"BPS":0.67301686747,"BASIC_EPS":0.0394,"DILUTED_EPS":0.0394,"OPERATE_INCOME":91030000,"OPERATE_INCOME_YOY":5.0487565634,"GROSS_PROFIT":73825000,"GROSS_PROFIT_YOY":1.858494991584,"HOLDER_PROFIT":16353000,"HOLDER_PROFIT_YOY":-40.0220062351,"GROSS_PROFIT_RATIO":81.099637482149,"EPS_TTM":0.039404819277,"OPERATE_INCOME_QOQ":19.694419607637,"NET_PROFIT_RATIO":17.9644073382,"ROE_AVG":6.031524146567,"GROSS_PROFIT_QOQ":17.968999680409,"ROA":3.558353361265,"HOLDER_PROFIT_QOQ":29.487687069443,"ROE_YEARLY":6.031524146567,"ROIC_YEARLY":4.46112778991,"TOTAL_ASSETS":412533000,"TOTAL_LIABILITIES":133231000,"TAX_EBT":34.004600669922,"OCF_SALES":128.691640118642,"TOTAL_PARENT_EQUITY":279302000,"DEBT_ASSET_RATIO":32.2957622887,"OPERATE_PROFIT":26983000,"PRETAX_PROFIT":24779000,"NETCASH_OPERATE":117148000,"NETCASH_INVEST":-456000,"NETCASH_FINANCE":-33062000,"END_CASH":89782000,"DIVI_RATIO":null,"DIVIDEND_RATE":null,"CURRENT_RATIO":3.299867683813,"COMMON_ACS":2000000000,"CURRENTDEBT_DEBT":91.896030203181,"ISSUED_COMMON_SHARES":415000000,"HK_COMMON_SHARES":415000000,"PER_SHARES":2000,"TOTAL_MARKET_CAP":1207650000,"HKSK_MARKET_CAP":1207650000,"PE_TTM":29.851776868126,"PB_TTM":3.666452669011,"REPORT_DATE_SQ":"2022-12-31 00:00:00","REPORT_TYPE_SQ":"2022年年报","OPERATE_INCOME_SQ":86655000,"DPS_HKD":null,"OPERATE_INCOME_QOQ_SQ":7.363217365448,"NET_PROFIT_RATIO_SQ":31.463850903,"HOLDER_PROFIT_SQ":27265000,"HOLDER_PROFIT_QOQ_SQ":4.7405017095,"ROE_AVG_SQ":10.935898747175,"PE_TTM_SQ":71.26958801783,"PB_TTM_SQ":3.321217849291,"ROA_SQ":6.151565642835,"START_DATE":"2023-01-01 00:00:00","FISCAL_YEAR":"12-31","CURRENCY":"HKD","IS_CNY_CODE":0,"DPS_HKD_LY":null,"ORG_TYPE":"一般企业","PREMIUM_INCOME":null,"PREMIUM_INCOME_YOY":null,"NET_INTEREST_INCOME":null,"NET_INTEREST_INCOME_YOY":null,"FEE_COMMISSION_INCOME":null,"FEE_COMMISSION_INCOME_YOY":null,"ACCOUNTS_RECE_TDAYS":0.439932726974,"INVENTORY_TDAYS":1.564304223303,"CURRENT_ASSETS_TDAYS":0.203289298113,"TOTAL_ASSETS_TDAYS":0.198077971306,"PREMIUM_EXPENSE":null,"LOAN_DEPOSIT":null,"LOAN_EQUITY":null,"LOAN_ASSETS":null,"DEPOSIT_EQUITY":null,"DEPOSIT_ASSETS":null,"EQUITY_MULTIPLIER":1.477012420203,"EQUITY_RATIO":0.477014128076},{"SECUCODE":"03773.HK","SECURITY_CODE":"03773","SECURITY_NAME_ABBR":"银盛数惠","ORG_CODE":"10472958","STD_REPORT_DATE":"2023-06-30 00:00:00","REPORT_DATE":"2023-06-30 00:00:00","DATE_TYPE_CODE":"002","REPORT_TYPE":"2023年中报","PER_NETCASH_OPERATE":0.115968674699,"PER_OI":0.074214457831,"BPS":0.635710843373,"BASIC_EPS":0.0021,"DILUTED_EPS":0.0021,"OPERATE_INCOME":30799000,"OPERATE_INCOME_YOY":-25.6098739191,"GROSS_PROFIT":24521000,"GROSS_PROFIT_YOY":-28.757372381534,"HOLDER_PROFIT":871000,"HOLDER_PROFIT_YOY":-94.3831817889,"GROSS_PROFIT_RATIO":79.616221305887,"EPS_TTM":0.030431325301,"OPERATE_INCOME_QOQ":-12.235877906641,"NET_PROFIT_RATIO":2.8280138966,"ROE_AVG":0.33069523833,"GROSS_PROFIT_QOQ":-13.656557852038,"ROA":0.181517326464,"HOLDER_PROFIT_QOQ":-53.680542820466,"ROE_YEARLY":0.661390476661,"ROIC_YEARLY":0.451559136231,"TOTAL_ASSETS":453089000,"TOTAL_LIABILITIES":189269000,"TAX_EBT":55.010330578512,"OCF_SALES":156.261566933991,"TOTAL_PARENT_EQUITY":263820000,"DEBT_ASSET_RATIO":41.77302914,"OPERATE_PROFIT":3656000,"PRETAX_PROFIT":1936000,"NETCASH_OPERATE":48127000,"NETCASH_INVEST":-257000,"NETCASH_FINANCE":-52149000,"END_CASH":91922000,"DIVI_RATIO":null,"DIVIDEND_RATE":null,"CURRENT_RATIO":2.483339705816,"COMMON_ACS":2000000000,"CURRENTDEBT_DEBT":93.965731313633,"ISSUED_COMMON_SHARES":415000000,"HK_COMMON_SHARES":415000000,"PER_SHARES":2000,"TOTAL_MARKET_CAP":1207650000,"HKSK_MARKET_CAP":1207650000,"PE_TTM":29.851776868126,"PB_TTM":3.666452669011,"REPORT_DATE_SQ":"2022-06-30 00:00:00","REPORT_TYPE_SQ":"2022年中报","OPERATE_INCOME_SQ":41402000,"DPS_HKD":null,"OPERATE_INCOME_QOQ_SQ":-10.935534417691,"NET_PROFIT_RATIO_SQ":37.4547123327,"HOLDER_PROFIT_SQ":15507000,"HOLDER_PROFIT_QOQ_SQ":-1.688193972354,"ROE_AVG_SQ":6.37001283697,"PE_TTM_SQ":71.26958801783,"PB_TTM_SQ":3.321217849291,"ROA_SQ":4.116035737606,"START_DATE":"2023-01-01 00:00:00","FISCAL_YEAR":"12-31","CURRENCY":"HKD","IS_CNY_CODE":0,"DPS_HKD_LY":null,"ORG_TYPE":"一般企业","PREMIUM_INCOME":null,"PREMIUM_INCOME_YOY":null,"NET_INTEREST_INCOME":null,"NET_INTEREST_INCOME_YOY":null,"FEE_COMMISSION_INCOME":null,"FEE_COMMISSION_INCOME_YOY":null,"ACCOUNTS_RECE_TDAYS":0.125385481274,"INVENTORY_TDAYS":0.453416149068,"CURRENT_ASSETS_TDAYS":0.06600643798,"TOTAL_ASSETS_TDAYS":0.064185443603,"PREMIUM_EXPENSE":null,"LOAN_DEPOSIT":null,"LOAN_EQUITY":null,"LOAN_ASSETS":null,"DEPOSIT_EQUITY":null,"DEPOSIT_ASSETS":null,"EQUITY_MULTIPLIER":1.71741717838,"EQUITY_RATIO":0.717417178379},{"SECUCODE":"03773.HK","SECURITY_CODE":"03773","SECURITY_NAME_ABBR":"银盛数惠","ORG_CODE":"10472958","STD_REPORT_DATE":"2022-12-31 00:00:00","REPORT_DATE":"2022-12-31 00:00:00","DATE_TYPE_CODE":"001","REPORT_TYPE":"2022年年报","PER_NETCASH_OPERATE":-0.080730120482,"PER_OI":0.208807228916,"BPS":0.633612048193,"BASIC_EPS":0.0657,"DILUTED_EPS":0.0657,"OPERATE_INCOME":86655000,"OPERATE_INCOME_YOY":-4.3775242215,"GROSS_PROFIT":72478000,"GROSS_PROFIT_YOY":-4.06745112573,"HOLDER_PROFIT":27265000,"HOLDER_PROFIT_YOY":2.972278873,"GROSS_PROFIT_RATIO":83.639720731637,"EPS_TTM":0.065698795181,"OPERATE_INCOME_QOQ":7.363217365448,"NET_PROFIT_RATIO":31.463850903,"ROE_AVG":10.935898747175,"GROSS_PROFIT_QOQ":6.419405045077,"ROA":6.151565642835,"HOLDER_PROFIT_QOQ":4.7405017095,"ROE_YEARLY":10.935898747175,"ROIC_YEARLY":7.196741735559,"TOTAL_ASSETS":506599000,"TOTAL_LIABILITIES":243650000,"TAX_EBT":24.603174603175,"OCF_SALES":-38.662512261266,"TOTAL_PARENT_EQUITY":262949000,"DEBT_ASSET_RATIO":48.0952390352,"OPERATE_PROFIT":37257000,"PRETAX_PROFIT":36162000,"NETCASH_OPERATE":-33503000,"NETCASH_INVEST":-984000,"NETCASH_FINANCE":57546000,"END_CASH":6217000,"DIVI_RATIO":null,"DIVIDEND_RATE":null,"CURRENT_RATIO":2.117302216996,"COMMON_ACS":2000000000,"CURRENTDEBT_DEBT":95.284629591627,"ISSUED_COMMON_SHARES":415000000,"HK_COMMON_SHARES":415000000,"PER_SHARES":2000,"TOTAL_MARKET_CAP":1207650000,"HKSK_MARKET_CAP":1207650000,"PE_TTM":29.851776868126,"PB_TTM":3.666452669011,"REPORT_DATE_SQ":"2021-12-31 00:00:00","REPORT_TYPE_SQ":"2021年年报","OPERATE_INCOME_SQ":90622000,"DPS_HKD":null,"OPERATE_INCOME_QOQ_SQ":-3.549496046064,"NET_PROFIT_RATIO_SQ":29.2180706672,"HOLDER_PROFIT_SQ":26478000,"HOLDER_PROFIT_QOQ_SQ":-7.500436681223,"ROE_AVG_SQ":11.903167075007,"PE_TTM_SQ":71.26958801783,"PB_TTM_SQ":3.321217849291,"ROA_SQ":7.22641004787,"START_DATE":"2022-01-01 00:00:00","FISCAL_YEAR":"12-31","CURRENCY":"HKD","IS_CNY_CODE":0,"DPS_HKD_LY":null,"ORG_TYPE":"一般企业","PREMIUM_INCOME":null,"PREMIUM_INCOME_YOY":null,"NET_INTEREST_INCOME":null,"NET_INTEREST_INCOME_YOY":null,"FEE_COMMISSION_INCOME":null,"FEE_COMMISSION_INCOME_YOY":null,"ACCOUNTS_RECE_TDAYS":0.430159569319,"INVENTORY_TDAYS":0.859420465567,"CURRENT_ASSETS_TDAYS":0.199749894829,"TOTAL_ASSETS_TDAYS":0.195512166066,"PREMIUM_EXPENSE":null,"LOAN_DEPOSIT":null,"LOAN_EQUITY":null,"LOAN_ASSETS":null,"DEPOSIT_EQUITY":null,"DEPOSIT_ASSETS":null,"EQUITY_MULTIPLIER":1.926605539477,"EQUITY_RATIO":0.926605539477},{"SECUCODE":"03773.HK","SECURITY_CODE":"03773","SECURITY_NAME_ABBR":"银盛数惠","ORG_CODE":"10472958","STD_REPORT_DATE":"2022-06-30 00:00:00","REPORT_DATE":"2022-06-30 00:00:00","DATE_TYPE_CODE":"002","REPORT_TYPE":"2022年中报","PER_NETCASH_OPERATE":0.227479518072,"PER_OI":0.099763855422,"BPS":0.605279518072,"BASIC_EPS":0.0374,"DILUTED_EPS":0.0374,"OPERATE_INCOME":41402000,"OPERATE_INCOME_YOY":-19.3132210789,"GROSS_PROFIT":34419000,"GROSS_PROFIT_YOY":-17.78377603669,"HOLDER_PROFIT":15507000,"HOLDER_PROFIT_YOY":-2.8018051899,"GROSS_PROFIT_RATIO":83.133665040336,"EPS_TTM":0.062725301205,"OPERATE_INCOME_QOQ":-10.935534417691,"NET_PROFIT_RATIO":37.4547123327,"ROE_AVG":6.37001283697,"GROSS_PROFIT_QOQ":-9.854270625141,"ROA":4.116035737606,"HOLDER_PROFIT_QOQ":-1.688193972354,"ROE_YEARLY":12.740025673941,"ROIC_YEARLY":10.25147752965,"TOTAL_ASSETS":373650000,"TOTAL_LIABILITIES":122459000,"TAX_EBT":24.24153598124,"OCF_SALES":228.01797014637,"TOTAL_PARENT_EQUITY":251191000,"DEBT_ASSET_RATIO":32.7737187207,"OPERATE_PROFIT":20887000,"PRETAX_PROFIT":20469000,"NETCASH_OPERATE":94404000,"NETCASH_INVEST":-241000,"NETCASH_FINANCE":-11165000,"END_CASH":115908000,"DIVI_RATIO":null,"DIVIDEND_RATE":null,"CURRENT_RATIO":3.304918916491,"COMMON_ACS":2000000000,"CURRENTDEBT_DEBT":90.891645367021,"ISSUED_COMMON_SHARES":415000000,"HK_COMMON_SHARES":415000000,"PER_SHARES":2000,"TOTAL_MARKET_CAP":1207650000,"HKSK_MARKET_CAP":1207650000,"PE_TTM":29.851776868126,"PB_TTM":3.666452669011,"REPORT_DATE_SQ":"2021-06-30 00:00:00","REPORT_TYPE_SQ":"2021年中报","OPERATE_INCOME_SQ":51312000,"DPS_HKD":null,"OPERATE_INCOME_QOQ_SQ":14.943358371461,"NET_PROFIT_RATIO_SQ":31.092142189,"HOLDER_PROFIT_SQ":15954000,"HOLDER_PROFIT_QOQ_SQ":-5.256015622414,"ROE_AVG_SQ":7.345878821086,"PE_TTM_SQ":71.26958801783,"PB_TTM_SQ":3.321217849291,"ROA_SQ":4.514859218404,"START_DATE":"2022-01-01 00:00:00","FISCAL_YEAR":"12-31","CURRENCY":"HKD","IS_CNY_CODE":0,"DPS_HKD_LY":null,"ORG_TYPE":"一般企业","PREMIUM_INCOME":null,"PREMIUM_INCOME_YOY":null,"NET_INTEREST_INCOME":null,"NET_INTEREST_INCOME_YOY":null,"FEE_COMMISSION_INCOME":null,"FEE_COMMISSION_INCOME_YOY":null,"ACCOUNTS_RECE_TDAYS":0.28739912882,"INVENTORY_TDAYS":0.321057471264,"CURRENT_ASSETS_TDAYS":0.111305572806,"TOTAL_ASSETS_TDAYS":0.109893668413,"PREMIUM_EXPENSE":null,"LOAN_DEPOSIT":null,"LOAN_EQUITY":null,"LOAN_ASSETS":null,"DEPOSIT_EQUITY":null,"DEPOSIT_ASSETS":null,"EQUITY_MULTIPLIER":1.487513485753,"EQUITY_RATIO":0.487513485754},{"SECUCODE":"03773.HK","SECURITY_CODE":"03773","SECURITY_NAME_ABBR":"银盛数惠","ORG_CODE":"10472958","STD_REPORT_DATE":"2021-12-31 00:00:00","REPORT_DATE":"2021-12-31 00:00:00","DATE_TYPE_CODE":"001","REPORT_TYPE":"2021年年报","PER_NETCASH_OPERATE":-0.161551807229,"PER_OI":0.21836626506,"BPS":0.567913253012,"BASIC_EPS":0.0638,"DILUTED_EPS":null,"OPERATE_INCOME":90622000,"OPERATE_INCOME_YOY":10.8634484109,"GROSS_PROFIT":75551000,"GROSS_PROFIT_YOY":19.9203187251,"HOLDER_PROFIT":26478000,"HOLDER_PROFIT_YOY":-12.3622281799,"GROSS_PROFIT_RATIO":83.369380503631,"EPS_TTM":0.063802409639,"OPERATE_INCOME_QOQ":-3.549496046064,"NET_PROFIT_RATIO":29.2180706672,"ROE_AVG":11.903167075007,"GROSS_PROFIT_QOQ":0.542964747215,"ROA":7.22641004787,"HOLDER_PROFIT_QOQ":-7.500436681223,"ROE_YEARLY":11.903167075007,"ROIC_YEARLY":8.874618116247,"TOTAL_ASSETS":379842000,"TOTAL_LIABILITIES":144158000,"TAX_EBT":17.351811967413,"OCF_SALES":-73.982035267374,"TOTAL_PARENT_EQUITY":235684000,"DEBT_ASSET_RATIO":37.9520958714,"OPERATE_PROFIT":34494000,"PRETAX_PROFIT":32037000,"NETCASH_OPERATE":-67044000,"NETCASH_INVEST":-453000,"NETCASH_FINANCE":-3851000,"END_CASH":-17480000,"DIVI_RATIO":null,"DIVIDEND_RATE":null,"CURRENT_RATIO":2.792458994483,"COMMON_ACS":2000000000,"CURRENTDEBT_DEBT":93.423188446011,"ISSUED_COMMON_SHARES":415000000,"HK_COMMON_SHARES":415000000,"PER_SHARES":2000,"TOTAL_MARKET_CAP":1207650000,"HKSK_MARKET_CAP":1207650000,"PE_TTM":29.851776868126,"PB_TTM":3.666452669011,"REPORT_DATE_SQ":"2020-12-31 00:00:00","REPORT_TYPE_SQ":"2020年年报","OPERATE_INCOME_SQ":81742000,"DPS_HKD":null,"OPERATE_INCOME_QOQ_SQ":28.122257053292,"NET_PROFIT_RATIO_SQ":36.9614151844,"HOLDER_PROFIT_SQ":30213000,"HOLDER_PROFIT_QOQ_SQ":69.203629032258,"ROE_AVG_SQ":15.565727886986,"PE_TTM_SQ":71.26958801783,"PB_TTM_SQ":3.321217849291,"ROA_SQ":9.545639803988,"START_DATE":"2021-01-01 00:00:00","FISCAL_YEAR":"12-31","CURRENCY":"HKD","IS_CNY_CODE":0,"DPS_HKD_LY":null,"ORG_TYPE":"一般企业","PREMIUM_INCOME":null,"PREMIUM_INCOME_YOY":null,"NET_INTEREST_INCOME":null,"NET_INTEREST_INCOME_YOY":null,"FEE_COMMISSION_INCOME":null,"FEE_COMMISSION_INCOME_YOY":null,"ACCOUNTS_RECE_TDAYS":0.506990405326,"INVENTORY_TDAYS":0.785745939887,"CURRENT_ASSETS_TDAYS":0.250363297805,"TOTAL_ASSETS_TDAYS":0.247326735916,"PREMIUM_EXPENSE":null,"LOAN_DEPOSIT":null,"LOAN_EQUITY":null,"LOAN_ASSETS":null,"DEPOSIT_EQUITY":null,"DEPOSIT_ASSETS":null,"EQUITY_MULTIPLIER":1.611657982722,"EQUITY_RATIO":0.611657982723},{"SECUCODE":"03773.HK","SECURITY_CODE":"03773","SECURITY_NAME_ABBR":"银盛数惠","ORG_CODE":"10472958","STD_REPORT_DATE":"2021-06-30 00:00:00","REPORT_DATE":"2021-06-30 00:00:00","DATE_TYPE_CODE":"002","REPORT_TYPE":"2021年中报","PER_NETCASH_OPERATE":0.030187951807,"PER_OI":0.123643373494,"BPS":0.542554216867,"BASIC_EPS":0.0384,"DILUTED_EPS":null,"OPERATE_INCOME":51312000,"OPERATE_INCOME_YOY":31.2428063534,"GROSS_PROFIT":41864000,"GROSS_PROFIT_YOY":40.85189421977,"HOLDER_PROFIT":15954000,"HOLDER_PROFIT_YOY":-9.0525595713,"GROSS_PROFIT_RATIO":81.587153102588,"EPS_TTM":0.068975903614,"OPERATE_INCOME_QOQ":14.943358371461,"NET_PROFIT_RATIO":31.092142189,"ROE_AVG":7.345878821086,"GROSS_PROFIT_QOQ":19.272709956985,"ROA":4.514859218404,"HOLDER_PROFIT_QOQ":-5.256015622414,"ROE_YEARLY":14.691757642173,"ROIC_YEARLY":13.028087066231,"TOTAL_ASSETS":353763000,"TOTAL_LIABILITIES":128603000,"TAX_EBT":15.399300031817,"OCF_SALES":24.415341440599,"TOTAL_PARENT_EQUITY":225160000,"DEBT_ASSET_RATIO":36.3528690112,"OPERATE_PROFIT":20520000,"PRETAX_PROFIT":18858000,"NETCASH_OPERATE":12528000,"NETCASH_INVEST":-301000,"NETCASH_FINANCE":-2352000,"END_CASH":113320000,"DIVI_RATIO":null,"DIVIDEND_RATE":null,"CURRENT_RATIO":2.941334881803,"COMMON_ACS":2000000000,"CURRENTDEBT_DEBT":92.39831108139,"ISSUED_COMMON_SHARES":415000000,"HK_COMMON_SHARES":415000000,"PER_SHARES":2000,"TOTAL_MARKET_CAP":1207650000,"HKSK_MARKET_CAP":1207650000,"PE_TTM":29.851776868126,"PB_TTM":3.666452669011,"REPORT_DATE_SQ":"2020-06-30 00:00:00","REPORT_TYPE_SQ":"2020年中报","OPERATE_INCOME_SQ":39097000,"DPS_HKD":null,"OPERATE_INCOME_QOQ_SQ":28.043028879925,"NET_PROFIT_RATIO_SQ":44.8678926772,"HOLDER_PROFIT_SQ":17542000,"HOLDER_PROFIT_QOQ_SQ":2585.11278195489,"ROE_AVG_SQ":9.342578982127,"PE_TTM_SQ":71.26958801783,"PB_TTM_SQ":3.321217849291,"ROA_SQ":6.440219985168,"START_DATE":"2021-01-01 00:00:00","FISCAL_YEAR":"12-31","CURRENCY":"HKD","IS_CNY_CODE":0,"DPS_HKD_LY":null,"ORG_TYPE":"一般企业","PREMIUM_INCOME":null,"PREMIUM_INCOME_YOY":null,"NET_INTEREST_INCOME":null,"NET_INTEREST_INCOME_YOY":null,"FEE_COMMISSION_INCOME":null,"FEE_COMMISSION_INCOME_YOY":null,"ACCOUNTS_RECE_TDAYS":0.294602795488,"INVENTORY_TDAYS":0.320189782259,"CURRENT_ASSETS_TDAYS":0.147161986595,"TOTAL_ASSETS_TDAYS":0.145209011041,"PREMIUM_EXPENSE":null,"LOAN_DEPOSIT":null,"LOAN_EQUITY":null,"LOAN_ASSETS":null,"DEPOSIT_EQUITY":null,"DEPOSIT_ASSETS":null,"EQUITY_MULTIPLIER":1.571162728727,"EQUITY_RATIO":0.571162728726},{"SECUCODE":"03773.HK","SECURITY_CODE":"03773","SECURITY_NAME_ABBR":"银盛数惠","ORG_CODE":"10472958","STD_REPORT_DATE":"2020-12-31 00:00:00","REPORT_DATE":"2020-12-31 00:00:00","DATE_TYPE_CODE":"001","REPORT_TYPE":"2020年年报","PER_NETCASH_OPERATE":-0.097971084337,"PER_OI":0.196968674699,"BPS":0.504110843373,"BASIC_EPS":0.0728,"DILUTED_EPS":null,"OPERATE_INCOME":81742000,"OPERATE_INCOME_YOY":64.0516186004,"GROSS_PROFIT":63001000,"GROSS_PROFIT_YOY":112.51813121943,"HOLDER_PROFIT":30213000,"HOLDER_PROFIT_YOY":4443.3082706767,"GROSS_PROFIT_RATIO":77.072985735607,"EPS_TTM":0.072802409639,"OPERATE_INCOME_QOQ":28.122257053292,"NET_PROFIT_RATIO":36.9614151844,"ROE_AVG":15.565727886986,"GROSS_PROFIT_QOQ":40.740327048521,"ROA":9.545639803988,"HOLDER_PROFIT_QOQ":69.203629032258,"ROE_YEARLY":15.565727886986,"ROIC_YEARLY":14.662447769307,"TOTAL_ASSETS":352970000,"TOTAL_LIABILITIES":143764000,"TAX_EBT":0.019855058076,"OCF_SALES":-49.739424041496,"TOTAL_PARENT_EQUITY":209206000,"DEBT_ASSET_RATIO":40.7298070658,"OPERATE_PROFIT":31443000,"PRETAX_PROFIT":30219000,"NETCASH_OPERATE":-40658000,"NETCASH_INVEST":96000,"NETCASH_FINANCE":27636000,"END_CASH":103579000,"DIVI_RATIO":null,"DIVIDEND_RATE":null,"CURRENT_RATIO":2.598546253203,"COMMON_ACS":2000000000,"CURRENTDEBT_DEBT":93.111627389333,"ISSUED_COMMON_SHARES":415000000,"HK_COMMON_SHARES":415000000,"PER_SHARES":2000,"TOTAL_MARKET_CAP":1207650000,"HKSK_MARKET_CAP":1207650000,"PE_TTM":29.851776868126,"PB_TTM":3.666452669011,"REPORT_DATE_SQ":"2019-12-31 00:00:00","REPORT_TYPE_SQ":"2019年年报","OPERATE_INCOME_SQ":49827000,"DPS_HKD":null,"OPERATE_INCOME_QOQ_SQ":-15.513090070537,"NET_PROFIT_RATIO_SQ":1.3346177775,"HOLDER_PROFIT_SQ":665000,"HOLDER_PROFIT_QOQ_SQ":105.283648498331,"ROE_AVG_SQ":0.372214339487,"PE_TTM_SQ":71.26958801783,"PB_TTM_SQ":3.321217849291,"ROA_SQ":0.221221642463,"START_DATE":"2020-01-01 00:00:00","FISCAL_YEAR":"12-31","CURRENCY":"HKD","IS_CNY_CODE":0,"DPS_HKD_LY":null,"ORG_TYPE":"一般企业","PREMIUM_INCOME":null,"PREMIUM_INCOME_YOY":null,"NET_INTEREST_INCOME":null,"NET_INTEREST_INCOME_YOY":null,"FEE_COMMISSION_INCOME":null,"FEE_COMMISSION_INCOME_YOY":null,"ACCOUNTS_RECE_TDAYS":0.554397292513,"INVENTORY_TDAYS":1.018338902926,"CURRENT_ASSETS_TDAYS":0.262575126321,"TOTAL_ASSETS_TDAYS":0.258259586555,"PREMIUM_EXPENSE":null,"LOAN_DEPOSIT":null,"LOAN_EQUITY":null,"LOAN_ASSETS":null,"DEPOSIT_EQUITY":null,"DEPOSIT_ASSETS":null,"EQUITY_MULTIPLIER":1.687188703958,"EQUITY_RATIO":0.687188703957},{"SECUCODE":"03773.HK","SECURITY_CODE":"03773","SECURITY_NAME_ABBR":"银盛数惠","ORG_CODE":"10472958","STD_REPORT_DATE":"2020-06-30 00:00:00","REPORT_DATE":"2020-06-30 00:00:00","DATE_TYPE_CODE":"002","REPORT_TYPE":"2020年中报","PER_NETCASH_OPERATE":-0.024024096386,"PER_OI":0.094209638554,"BPS":0.473578313253,"BASIC_EPS":0.0423,"DILUTED_EPS":null,"OPERATE_INCOME":39097000,"OPERATE_INCOME_YOY":55.6161439261,"GROSS_PROFIT":29722000,"GROSS_PROFIT_YOY":103.533520509484,"HOLDER_PROFIT":17542000,"HOLDER_PROFIT_YOY":4897.7207977208,"GROSS_PROFIT_RATIO":76.021178095506,"EPS_TTM":0.043026506024,"OPERATE_INCOME_QOQ":28.043028879925,"NET_PROFIT_RATIO":44.8678926772,"ROE_AVG":9.342578982127,"GROSS_PROFIT_QOQ":51.000168662506,"ROA":6.440219985168,"HOLDER_PROFIT_QOQ":2585.11278195489,"ROE_YEARLY":18.685157964253,"ROIC_YEARLY":20.625271895686,"TOTAL_ASSETS":264712000,"TOTAL_LIABILITIES":68177000,"TAX_EBT":null,"OCF_SALES":-25.500677801366,"TOTAL_PARENT_EQUITY":196535000,"DEBT_ASSET_RATIO":25.7551603252,"OPERATE_PROFIT":18112000,"PRETAX_PROFIT":17542000,"NETCASH_OPERATE":-9970000,"NETCASH_INVEST":648000,"NETCASH_FINANCE":-21136000,"END_CASH":87231000,"DIVI_RATIO":null,"DIVIDEND_RATE":null,"CURRENT_RATIO":4.432286613905,"COMMON_ACS":2000000000,"CURRENTDEBT_DEBT":86.180090059698,"ISSUED_COMMON_SHARES":415000000,"HK_COMMON_SHARES":415000000,"PER_SHARES":2000,"TOTAL_MARKET_CAP":1207650000,"HKSK_MARKET_CAP":1207650000,"PE_TTM":29.851776868126,"PB_TTM":3.666452669011,"REPORT_DATE_SQ":"2019-06-30 00:00:00","REPORT_TYPE_SQ":"2019年中报","OPERATE_INCOME_SQ":25124000,"DPS_HKD":null,"OPERATE_INCOME_QOQ_SQ":-2.163238221632,"NET_PROFIT_RATIO_SQ":1.3970705302,"HOLDER_PROFIT_SQ":351000,"HOLDER_PROFIT_QOQ_SQ":51.281257257877,"ROE_AVG_SQ":0.196634799878,"PE_TTM_SQ":71.26958801783,"PB_TTM_SQ":3.321217849291,"ROA_SQ":0.116317603393,"START_DATE":"2020-01-01 00:00:00","FISCAL_YEAR":"12-31","CURRENCY":"HKD","IS_CNY_CODE":0,"DPS_HKD_LY":null,"ORG_TYPE":"一般企业","PREMIUM_INCOME":null,"PREMIUM_INCOME_YOY":null,"NET_INTEREST_INCOME":null,"NET_INTEREST_INCOME_YOY":null,"FEE_COMMISSION_INCOME":null,"FEE_COMMISSION_INCOME_YOY":null,"ACCOUNTS_RECE_TDAYS":0.351995318373,"INVENTORY_TDAYS":0.527203711514,"CURRENT_ASSETS_TDAYS":0.14610430256,"TOTAL_ASSETS_TDAYS":0.143537384996,"PREMIUM_EXPENSE":null,"LOAN_DEPOSIT":null,"LOAN_EQUITY":null,"LOAN_ASSETS":null,"DEPOSIT_EQUITY":null,"DEPOSIT_ASSETS":null,"EQUITY_MULTIPLIER":1.346894955097,"EQUITY_RATIO":0.346894955097}],"count":24},"success":true,"message":"ok","code":0}