{"version":"a48cc3e3bc36db9604f5850e1e51b5aa","result":{"pages":3,"data":[{"SECUCODE":"03789.HK","SECURITY_CODE":"03789","SECURITY_NAME_ABBR":"御佳控股","ORG_CODE":"10553455","STD_REPORT_DATE":"2024-06-30 00:00:00","REPORT_DATE":"2024-09-30 00:00:00","DATE_TYPE_CODE":"002","REPORT_TYPE":"2024年中报","PER_NETCASH_OPERATE":-0.011842005683,"PER_OI":0.252223899575,"BPS":0.235748196275,"BASIC_EPS":-0.002164296,"DILUTED_EPS":-0.002164296,"OPERATE_INCOME":302668679.49,"OPERATE_INCOME_YOY":-7.0276813638,"GROSS_PROFIT":17427993.54,"GROSS_PROFIT_YOY":-44.546126000456,"HOLDER_PROFIT":-2633226.8,"HOLDER_PROFIT_YOY":-138.6090175856,"GROSS_PROFIT_RATIO":5.758109352235,"EPS_TTM":0.007380827917,"OPERATE_INCOME_QOQ":0,"NET_PROFIT_RATIO":-0.8700030688,"ROE_AVG":-0.926492938664,"GROSS_PROFIT_QOQ":0,"ROA":-0.622450643608,"HOLDER_PROFIT_QOQ":0,"ROE_YEARLY":-1.852985877329,"ROIC_YEARLY":-1.481620547844,"TOTAL_ASSETS":413227231.7,"TOTAL_LIABILITIES":130329396.17,"TAX_EBT":3.311258278146,"OCF_SALES":-4.695037109206,"TOTAL_PARENT_EQUITY":282897835.53,"DEBT_ASSET_RATIO":31.5394016105,"OPERATE_PROFIT":-2717995.06,"PRETAX_PROFIT":-2723405.8,"NETCASH_OPERATE":-14210406.82,"NETCASH_INVEST":-578949.18,"NETCASH_FINANCE":-92884.37,"END_CASH":55626014.36,"DIVI_RATIO":null,"DIVIDEND_RATE":null,"CURRENT_RATIO":2.743446838082,"COMMON_ACS":2000000000,"CURRENTDEBT_DEBT":99.568926745224,"ISSUED_COMMON_SHARES":1200000000,"HK_COMMON_SHARES":1200000000,"PER_SHARES":4000,"TOTAL_MARKET_CAP":73200000,"HKSK_MARKET_CAP":73200000,"PE_TTM":-102.664796633941,"PB_TTM":0.233338752403,"REPORT_DATE_SQ":"2023-06-30 00:00:00","REPORT_TYPE_SQ":"2023年中报","OPERATE_INCOME_SQ":331265347.63,"DPS_HKD":null,"OPERATE_INCOME_QOQ_SQ":0,"NET_PROFIT_RATIO_SQ":2.0950080471,"HOLDER_PROFIT_SQ":6940035.69,"HOLDER_PROFIT_QOQ_SQ":0,"ROE_AVG_SQ":2.434662799363,"PE_TTM_SQ":9.888511875909,"PB_TTM_SQ":0.324406844348,"ROA_SQ":1.811703127901,"START_DATE":"2024-04-01 00:00:00","FISCAL_YEAR":"3-31","CURRENCY":"HKD","IS_CNY_CODE":0,"DPS_HKD_LY":null,"ORG_TYPE":"一般企业","PREMIUM_INCOME":null,"PREMIUM_INCOME_YOY":null,"NET_INTEREST_INCOME":null,"NET_INTEREST_INCOME_YOY":null,"FEE_COMMISSION_INCOME":null,"FEE_COMMISSION_INCOME_YOY":null,"ACCOUNTS_RECE_TDAYS":2.877137187164,"INVENTORY_TDAYS":null,"CURRENT_ASSETS_TDAYS":0.83191780737,"TOTAL_ASSETS_TDAYS":0.71545798618,"PREMIUM_EXPENSE":null,"LOAN_DEPOSIT":null,"LOAN_EQUITY":null,"LOAN_ASSETS":null,"DEPOSIT_EQUITY":null,"DEPOSIT_ASSETS":null,"EQUITY_MULTIPLIER":1.460694214664,"EQUITY_RATIO":0.460694214665},{"SECUCODE":"03789.HK","SECURITY_CODE":"03789","SECURITY_NAME_ABBR":"御佳控股","ORG_CODE":"10553455","STD_REPORT_DATE":"2023-12-31 00:00:00","REPORT_DATE":"2024-03-31 00:00:00","DATE_TYPE_CODE":"001","REPORT_TYPE":"2023年年报","PER_NETCASH_OPERATE":0.030400398792,"PER_OI":0.591958263542,"BPS":0.239198505708,"BASIC_EPS":0.007343055,"DILUTED_EPS":0.007343055,"OPERATE_INCOME":710349916.25,"OPERATE_INCOME_YOY":11.602564833,"GROSS_PROFIT":60242060.6,"GROSS_PROFIT_YOY":4.862208195235,"HOLDER_PROFIT":8856993.5,"HOLDER_PROFIT_YOY":-54.3521936177,"GROSS_PROFIT_RATIO":8.480617681779,"EPS_TTM":0.007339771233,"OPERATE_INCOME_QOQ":0,"NET_PROFIT_RATIO":1.2468493763,"ROE_AVG":3.134001834851,"GROSS_PROFIT_QOQ":0,"ROA":2.207004358664,"HOLDER_PROFIT_QOQ":0,"ROE_YEARLY":3.134001834851,"ROIC_YEARLY":2.683395085295,"TOTAL_ASSETS":435141280.35,"TOTAL_LIABILITIES":148103073.5,"TAX_EBT":27.084110754534,"OCF_SALES":5.13556455987,"TOTAL_PARENT_EQUITY":287038206.85,"DEBT_ASSET_RATIO":34.0356293894,"OPERATE_PROFIT":13221125.2,"PRETAX_PROFIT":12146863.45,"NETCASH_OPERATE":36480478.55,"NETCASH_INVEST":-10641083.9,"NETCASH_FINANCE":-14738689.9,"END_CASH":70880424.85,"DIVI_RATIO":null,"DIVIDEND_RATE":null,"CURRENT_RATIO":2.539894731652,"COMMON_ACS":2000000000,"CURRENTDEBT_DEBT":99.315663830569,"ISSUED_COMMON_SHARES":1200000000,"HK_COMMON_SHARES":1200000000,"PER_SHARES":4000,"TOTAL_MARKET_CAP":73200000,"HKSK_MARKET_CAP":73200000,"PE_TTM":-102.664796633941,"PB_TTM":0.233338752403,"REPORT_DATE_SQ":"2022-12-31 00:00:00","REPORT_TYPE_SQ":"2022年年报","OPERATE_INCOME_SQ":614635865.92,"DPS_HKD":null,"OPERATE_INCOME_QOQ_SQ":0,"NET_PROFIT_RATIO_SQ":3.0496558954,"HOLDER_PROFIT_SQ":18736400.23,"HOLDER_PROFIT_QOQ_SQ":0,"ROE_AVG_SQ":7.226385439861,"PE_TTM_SQ":10.237518177412,"PB_TTM_SQ":0.335856497678,"ROA_SQ":5.213383852224,"START_DATE":"2023-04-01 00:00:00","FISCAL_YEAR":"3-31","CURRENCY":"HKD","IS_CNY_CODE":0,"DPS_HKD_LY":null,"ORG_TYPE":"一般企业","PREMIUM_INCOME":null,"PREMIUM_INCOME_YOY":null,"NET_INTEREST_INCOME":null,"NET_INTEREST_INCOME_YOY":null,"FEE_COMMISSION_INCOME":null,"FEE_COMMISSION_INCOME_YOY":null,"ACCOUNTS_RECE_TDAYS":9.561564603023,"INVENTORY_TDAYS":60.2421875,"CURRENT_ASSETS_TDAYS":2.116740504619,"TOTAL_ASSETS_TDAYS":1.770064933818,"PREMIUM_EXPENSE":null,"LOAN_DEPOSIT":null,"LOAN_EQUITY":null,"LOAN_ASSETS":null,"DEPOSIT_EQUITY":null,"DEPOSIT_ASSETS":null,"EQUITY_MULTIPLIER":1.515969895177,"EQUITY_RATIO":0.515969895176},{"SECUCODE":"03789.HK","SECURITY_CODE":"03789","SECURITY_NAME_ABBR":"御佳控股","ORG_CODE":"10553455","STD_REPORT_DATE":"2023-06-30 00:00:00","REPORT_DATE":"2023-09-30 00:00:00","DATE_TYPE_CODE":"002","REPORT_TYPE":"2023年中报","PER_NETCASH_OPERATE":-0.00518919765,"PER_OI":0.276054456358,"BPS":0.240434353833,"BASIC_EPS":0.005781069,"DILUTED_EPS":0.005781069,"OPERATE_INCOME":331265347.63,"OPERATE_INCOME_YOY":8.9104161513,"GROSS_PROFIT":31427909.87,"GROSS_PROFIT_YOY":22.899038163122,"HOLDER_PROFIT":6940035.69,"HOLDER_PROFIT_YOY":-59.449895448,"GROSS_PROFIT_RATIO":9.487231337309,"EPS_TTM":0.015613666858,"OPERATE_INCOME_QOQ":0,"NET_PROFIT_RATIO":2.0950080471,"ROE_AVG":2.434662799363,"GROSS_PROFIT_QOQ":0,"ROA":1.811703127901,"HOLDER_PROFIT_QOQ":0,"ROE_YEARLY":4.869325598726,"ROIC_YEARLY":4.27770888333,"TOTAL_ASSETS":394157872.57,"TOTAL_LIABILITIES":105636647.97,"TAX_EBT":29.032560758187,"OCF_SALES":-1.879773186224,"TOTAL_PARENT_EQUITY":288521224.6,"DEBT_ASSET_RATIO":26.8005931941,"OPERATE_PROFIT":10212304.27,"PRETAX_PROFIT":9779182.91,"NETCASH_OPERATE":-6227037.18,"NETCASH_INVEST":2225252.75,"NETCASH_FINANCE":-2606986.83,"END_CASH":53901586.2,"DIVI_RATIO":null,"DIVIDEND_RATE":null,"CURRENT_RATIO":3.140673320214,"COMMON_ACS":2000000000,"CURRENTDEBT_DEBT":98.875077094137,"ISSUED_COMMON_SHARES":1200000000,"HK_COMMON_SHARES":1200000000,"PER_SHARES":4000,"TOTAL_MARKET_CAP":73200000,"HKSK_MARKET_CAP":73200000,"PE_TTM":-102.664796633941,"PB_TTM":0.233338752403,"REPORT_DATE_SQ":"2022-06-30 00:00:00","REPORT_TYPE_SQ":"2022年中报","OPERATE_INCOME_SQ":299791109.04,"DPS_HKD":null,"OPERATE_INCOME_QOQ_SQ":0,"NET_PROFIT_RATIO_SQ":5.6262180736,"HOLDER_PROFIT_SQ":16868710.44,"HOLDER_PROFIT_QOQ_SQ":0,"ROE_AVG_SQ":6.326114939176,"PE_TTM_SQ":10.237518177412,"PB_TTM_SQ":0.335856497678,"ROA_SQ":4.195129412241,"START_DATE":"2023-04-01 00:00:00","FISCAL_YEAR":"3-31","CURRENCY":"HKD","IS_CNY_CODE":0,"DPS_HKD_LY":null,"ORG_TYPE":"一般企业","PREMIUM_INCOME":null,"PREMIUM_INCOME_YOY":null,"NET_INTEREST_INCOME":null,"NET_INTEREST_INCOME_YOY":null,"FEE_COMMISSION_INCOME":null,"FEE_COMMISSION_INCOME_YOY":null,"ACCOUNTS_RECE_TDAYS":6.250828968443,"INVENTORY_TDAYS":20.591883035039,"CURRENT_ASSETS_TDAYS":1.052878564939,"TOTAL_ASSETS_TDAYS":0.864771441062,"PREMIUM_EXPENSE":null,"LOAN_DEPOSIT":null,"LOAN_EQUITY":null,"LOAN_ASSETS":null,"DEPOSIT_EQUITY":null,"DEPOSIT_ASSETS":null,"EQUITY_MULTIPLIER":1.366131289358,"EQUITY_RATIO":0.366131289358},{"SECUCODE":"03789.HK","SECURITY_CODE":"03789","SECURITY_NAME_ABBR":"御佳控股","ORG_CODE":"10553455","STD_REPORT_DATE":"2022-12-31 00:00:00","REPORT_DATE":"2023-03-31 00:00:00","DATE_TYPE_CODE":"001","REPORT_TYPE":"2022年年报","PER_NETCASH_OPERATE":0.018577659217,"PER_OI":0.512196554933,"BPS":0.223854738642,"BASIC_EPS":0.015582298,"DILUTED_EPS":0.015582298,"OPERATE_INCOME":614635865.92,"OPERATE_INCOME_YOY":49.2521576464,"GROSS_PROFIT":57448781.25,"GROSS_PROFIT_YOY":1.560037288107,"HOLDER_PROFIT":18736400.23,"HOLDER_PROFIT_YOY":215.7716140454,"GROSS_PROFIT_RATIO":9.346799371041,"EPS_TTM":0.011547384483,"OPERATE_INCOME_QOQ":0,"NET_PROFIT_RATIO":3.0496558954,"ROE_AVG":7.226385439861,"GROSS_PROFIT_QOQ":0,"ROA":5.213383852224,"HOLDER_PROFIT_QOQ":0,"ROE_YEARLY":7.226385439861,"ROIC_YEARLY":6.27987289441,"TOTAL_ASSETS":354861450.06,"TOTAL_LIABILITIES":86235763.69,"TAX_EBT":19.712025197795,"OCF_SALES":3.62705665193,"TOTAL_PARENT_EQUITY":268625686.37,"DEBT_ASSET_RATIO":24.301248748,"OPERATE_PROFIT":25772945.81,"PRETAX_PROFIT":23346309.29,"NETCASH_OPERATE":22293191.06,"NETCASH_INVEST":-7433106.31,"NETCASH_FINANCE":-16236229.27,"END_CASH":57726286.22,"DIVI_RATIO":null,"DIVIDEND_RATE":null,"CURRENT_RATIO":3.363599102376,"COMMON_ACS":2000000000,"CURRENTDEBT_DEBT":99.068105452294,"ISSUED_COMMON_SHARES":1200000000,"HK_COMMON_SHARES":1200000000,"PER_SHARES":4000,"TOTAL_MARKET_CAP":73200000,"HKSK_MARKET_CAP":73200000,"PE_TTM":-102.664796633941,"PB_TTM":0.233338752403,"REPORT_DATE_SQ":"2021-12-31 00:00:00","REPORT_TYPE_SQ":"2021年年报","OPERATE_INCOME_SQ":381515324.2,"DPS_HKD":null,"OPERATE_INCOME_QOQ_SQ":0,"NET_PROFIT_RATIO_SQ":1.4382891884,"HOLDER_PROFIT_SQ":5497025.78,"HOLDER_PROFIT_QOQ_SQ":0,"ROE_AVG_SQ":2.40260039488,"PE_TTM_SQ":4.429285614166,"PB_TTM_SQ":0.301507537688,"ROA_SQ":1.574534266098,"START_DATE":"2022-04-01 00:00:00","FISCAL_YEAR":"3-31","CURRENCY":"HKD","IS_CNY_CODE":0,"DPS_HKD_LY":null,"ORG_TYPE":"一般企业","PREMIUM_INCOME":null,"PREMIUM_INCOME_YOY":null,"NET_INTEREST_INCOME":null,"NET_INTEREST_INCOME_YOY":null,"FEE_COMMISSION_INCOME":null,"FEE_COMMISSION_INCOME_YOY":null,"ACCOUNTS_RECE_TDAYS":14.766383444099,"INVENTORY_TDAYS":65.465363846747,"CURRENT_ASSETS_TDAYS":2.115237979035,"TOTAL_ASSETS_TDAYS":1.710217896207,"PREMIUM_EXPENSE":null,"LOAN_DEPOSIT":null,"LOAN_EQUITY":null,"LOAN_ASSETS":null,"DEPOSIT_EQUITY":null,"DEPOSIT_ASSETS":null,"EQUITY_MULTIPLIER":1.321025754667,"EQUITY_RATIO":0.321025754667},{"SECUCODE":"03789.HK","SECURITY_CODE":"03789","SECURITY_NAME_ABBR":"御佳控股","ORG_CODE":"10553455","STD_REPORT_DATE":"2022-06-30 00:00:00","REPORT_DATE":"2022-09-30 00:00:00","DATE_TYPE_CODE":"002","REPORT_TYPE":"2022年中报","PER_NETCASH_OPERATE":-0.012157181,"PER_OI":0.2498259242,"BPS":0.2292386087,"BASIC_EPS":0.01401882,"DILUTED_EPS":0.01401882,"OPERATE_INCOME":299791109.04,"OPERATE_INCOME_YOY":20.8583096332,"GROSS_PROFIT":25572136.56,"GROSS_PROFIT_YOY":-30.808898078628,"HOLDER_PROFIT":16868710.44,"HOLDER_PROFIT_YOY":82.6023105541,"GROSS_PROFIT_RATIO":8.529984975835,"EPS_TTM":0.004580854817,"OPERATE_INCOME_QOQ":0,"NET_PROFIT_RATIO":5.6262180736,"ROE_AVG":6.326114939176,"GROSS_PROFIT_QOQ":0,"ROA":4.195129412241,"HOLDER_PROFIT_QOQ":0,"ROE_YEARLY":12.652229878352,"ROIC_YEARLY":9.701707981243,"TOTAL_ASSETS":428217066.84,"TOTAL_LIABILITIES":153182289.48,"TAX_EBT":8.681813730291,"OCF_SALES":-4.866260792962,"TOTAL_PARENT_EQUITY":275086330.44,"DEBT_ASSET_RATIO":35.7721121697,"OPERATE_PROFIT":19160561.4,"PRETAX_PROFIT":18470473.68,"NETCASH_OPERATE":-14588617.2,"NETCASH_INVEST":-1013877.24,"NETCASH_FINANCE":-3170062.2,"END_CASH":42289805.52,"DIVI_RATIO":null,"DIVIDEND_RATE":null,"CURRENT_RATIO":2.350700230456,"COMMON_ACS":2000000000,"CURRENTDEBT_DEBT":99.919110570536,"ISSUED_COMMON_SHARES":1200000000,"HK_COMMON_SHARES":1200000000,"PER_SHARES":4000,"TOTAL_MARKET_CAP":73200000,"HKSK_MARKET_CAP":73200000,"PE_TTM":-102.664796633941,"PB_TTM":0.233338752403,"REPORT_DATE_SQ":"2021-06-30 00:00:00","REPORT_TYPE_SQ":"2021年中报","OPERATE_INCOME_SQ":228475035.6,"DPS_HKD":null,"OPERATE_INCOME_QOQ_SQ":0,"NET_PROFIT_RATIO_SQ":3.7209217531,"HOLDER_PROFIT_SQ":8508874.84,"HOLDER_PROFIT_QOQ_SQ":0,"ROE_AVG_SQ":3.59864566341,"PE_TTM_SQ":4.429285614166,"PB_TTM_SQ":0.301507537688,"ROA_SQ":2.422123994536,"START_DATE":"2022-04-01 00:00:00","FISCAL_YEAR":"3-31","CURRENCY":"HKD","IS_CNY_CODE":0,"DPS_HKD_LY":null,"ORG_TYPE":"一般企业","PREMIUM_INCOME":null,"PREMIUM_INCOME_YOY":null,"NET_INTEREST_INCOME":null,"NET_INTEREST_INCOME_YOY":null,"FEE_COMMISSION_INCOME":null,"FEE_COMMISSION_INCOME_YOY":null,"ACCOUNTS_RECE_TDAYS":3.530290120564,"INVENTORY_TDAYS":66.191900447549,"CURRENT_ASSETS_TDAYS":0.903899985411,"TOTAL_ASSETS_TDAYS":0.745559361835,"PREMIUM_EXPENSE":null,"LOAN_DEPOSIT":null,"LOAN_EQUITY":null,"LOAN_ASSETS":null,"DEPOSIT_EQUITY":null,"DEPOSIT_ASSETS":null,"EQUITY_MULTIPLIER":1.556956072792,"EQUITY_RATIO":0.556851695375},{"SECUCODE":"03789.HK","SECURITY_CODE":"03789","SECURITY_NAME_ABBR":"御佳控股","ORG_CODE":"10553455","STD_REPORT_DATE":"2021-12-31 00:00:00","REPORT_DATE":"2022-03-31 00:00:00","DATE_TYPE_CODE":"001","REPORT_TYPE":"2021年年报","PER_NETCASH_OPERATE":0.0003892848,"PER_OI":0.317929436833,"BPS":0.192952795833,"BASIC_EPS":0.004541656,"DILUTED_EPS":0.004541656,"OPERATE_INCOME":381515324.2,"OPERATE_INCOME_YOY":-45.9414114392,"GROSS_PROFIT":56566325.48,"GROSS_PROFIT_YOY":1.177856257584,"HOLDER_PROFIT":5497025.78,"HOLDER_PROFIT_YOY":-81.7368577048,"GROSS_PROFIT_RATIO":14.826750563326,"EPS_TTM":0.01311027455,"OPERATE_INCOME_QOQ":0,"NET_PROFIT_RATIO":1.4382891884,"ROE_AVG":2.40260039488,"GROSS_PROFIT_QOQ":0,"ROA":1.574534266098,"HOLDER_PROFIT_QOQ":0,"ROE_YEARLY":2.40260039488,"ROIC_YEARLY":1.923802874067,"TOTAL_ASSETS":337147400.13,"TOTAL_LIABILITIES":105648650.68,"TAX_EBT":34.015993758533,"OCF_SALES":0.122443773649,"TOTAL_PARENT_EQUITY":231543355,"DEBT_ASSET_RATIO":31.3360419328,"OPERATE_PROFIT":9306339.75,"PRETAX_PROFIT":8316096.54,"NETCASH_OPERATE":467141.76,"NETCASH_INVEST":-6000662.99,"NETCASH_FINANCE":-6910616.21,"END_CASH":54754529.14,"DIVI_RATIO":null,"DIVIDEND_RATE":null,"CURRENT_RATIO":2.578871334604,"COMMON_ACS":2000000000,"CURRENTDEBT_DEBT":99.898670433261,"ISSUED_COMMON_SHARES":1200000000,"HK_COMMON_SHARES":1200000000,"PER_SHARES":4000,"TOTAL_MARKET_CAP":73200000,"HKSK_MARKET_CAP":73200000,"PE_TTM":-102.664796633941,"PB_TTM":0.233338752403,"REPORT_DATE_SQ":"2020-12-31 00:00:00","REPORT_TYPE_SQ":"2020年年报","OPERATE_INCOME_SQ":735479016.72,"DPS_HKD":null,"OPERATE_INCOME_QOQ_SQ":0,"NET_PROFIT_RATIO_SQ":4.2641725389,"HOLDER_PROFIT_SQ":31367165.34,"HOLDER_PROFIT_QOQ_SQ":0,"ROE_AVG_SQ":14.118949476812,"PE_TTM_SQ":4.429285614166,"PB_TTM_SQ":0.301507537688,"ROA_SQ":8.432817846772,"START_DATE":"2021-04-01 00:00:00","FISCAL_YEAR":"3-31","CURRENCY":"HKD","IS_CNY_CODE":0,"DPS_HKD_LY":null,"ORG_TYPE":"一般企业","PREMIUM_INCOME":null,"PREMIUM_INCOME_YOY":null,"NET_INTEREST_INCOME":null,"NET_INTEREST_INCOME_YOY":null,"FEE_COMMISSION_INCOME":null,"FEE_COMMISSION_INCOME_YOY":null,"ACCOUNTS_RECE_TDAYS":7.102340925047,"INVENTORY_TDAYS":196.987217305801,"CURRENT_ASSETS_TDAYS":1.349507224175,"TOTAL_ASSETS_TDAYS":1.092789037265,"PREMIUM_EXPENSE":null,"LOAN_DEPOSIT":null,"LOAN_EQUITY":null,"LOAN_ASSETS":null,"DEPOSIT_EQUITY":null,"DEPOSIT_ASSETS":null,"EQUITY_MULTIPLIER":1.45636812696,"EQUITY_RATIO":0.456280210158},{"SECUCODE":"03789.HK","SECURITY_CODE":"03789","SECURITY_NAME_ABBR":"御佳控股","ORG_CODE":"10553455","STD_REPORT_DATE":"2021-06-30 00:00:00","REPORT_DATE":"2021-09-30 00:00:00","DATE_TYPE_CODE":"002","REPORT_TYPE":"2021年中报","PER_NETCASH_OPERATE":-0.026723176367,"PER_OI":0.190395863,"BPS":0.2005841868,"BASIC_EPS":0.00708101,"DILUTED_EPS":0.00708101,"OPERATE_INCOME":228475035.6,"OPERATE_INCOME_YOY":-40.384740789,"GROSS_PROFIT":36958706.9,"GROSS_PROFIT_YOY":-10.452195435827,"HOLDER_PROFIT":8508874.84,"HOLDER_PROFIT_YOY":-62.8257388266,"GROSS_PROFIT_RATIO":16.176256107343,"EPS_TTM":0.02613930445,"OPERATE_INCOME_QOQ":0,"NET_PROFIT_RATIO":3.7209217531,"ROE_AVG":3.59864566341,"GROSS_PROFIT_QOQ":0,"ROA":2.422123994536,"HOLDER_PROFIT_QOQ":0,"ROE_YEARLY":7.19729132682,"ROIC_YEARLY":5.632404800834,"TOTAL_ASSETS":331684505.12,"TOTAL_LIABILITIES":91026800.08,"TAX_EBT":27.51101008666,"OCF_SALES":-14.035586669584,"TOTAL_PARENT_EQUITY":240701024.16,"DEBT_ASSET_RATIO":27.4437903112,"OPERATE_PROFIT":12164342.12,"PRETAX_PROFIT":11727818.68,"NETCASH_OPERATE":-32067811.64,"NETCASH_INVEST":-394870.44,"NETCASH_FINANCE":-12217657.96,"END_CASH":24345345.44,"DIVI_RATIO":null,"DIVIDEND_RATE":null,"CURRENT_RATIO":2.928234927502,"COMMON_ACS":2000000000,"CURRENTDEBT_DEBT":99.851740674305,"ISSUED_COMMON_SHARES":1200000000,"HK_COMMON_SHARES":1200000000,"PER_SHARES":4000,"TOTAL_MARKET_CAP":73200000,"HKSK_MARKET_CAP":73200000,"PE_TTM":-102.664796633941,"PB_TTM":0.233338752403,"REPORT_DATE_SQ":"2020-06-30 00:00:00","REPORT_TYPE_SQ":"2020年中报","OPERATE_INCOME_SQ":404255136,"DPS_HKD":null,"OPERATE_INCOME_QOQ_SQ":0,"NET_PROFIT_RATIO_SQ":5.9717422019,"HOLDER_PROFIT_SQ":24143710.72,"HOLDER_PROFIT_QOQ_SQ":0,"ROE_AVG_SQ":10.647920291737,"PE_TTM_SQ":4.429285614166,"PB_TTM_SQ":0.301507537688,"ROA_SQ":6.046521863515,"START_DATE":"2021-04-01 00:00:00","FISCAL_YEAR":"3-31","CURRENCY":"HKD","IS_CNY_CODE":0,"DPS_HKD_LY":null,"ORG_TYPE":"一般企业","PREMIUM_INCOME":null,"PREMIUM_INCOME_YOY":null,"NET_INTEREST_INCOME":null,"NET_INTEREST_INCOME_YOY":null,"FEE_COMMISSION_INCOME":null,"FEE_COMMISSION_INCOME_YOY":null,"ACCOUNTS_RECE_TDAYS":4.451875238412,"INVENTORY_TDAYS":null,"CURRENT_ASSETS_TDAYS":0.805395143138,"TOTAL_ASSETS_TDAYS":0.650373728942,"PREMIUM_EXPENSE":null,"LOAN_DEPOSIT":null,"LOAN_EQUITY":null,"LOAN_ASSETS":null,"DEPOSIT_EQUITY":null,"DEPOSIT_ASSETS":null,"EQUITY_MULTIPLIER":1.378241785629,"EQUITY_RATIO":0.37817371321},{"SECUCODE":"03789.HK","SECURITY_CODE":"03789","SECURITY_NAME_ABBR":"御佳控股","ORG_CODE":"10553455","STD_REPORT_DATE":"2020-12-31 00:00:00","REPORT_DATE":"2021-03-31 00:00:00","DATE_TYPE_CODE":"001","REPORT_TYPE":"2020年年报","PER_NETCASH_OPERATE":0.029677087067,"PER_OI":0.6128991806,"BPS":0.196308549967,"BASIC_EPS":0.026116062,"DILUTED_EPS":0.026116062,"OPERATE_INCOME":735479016.72,"OPERATE_INCOME_YOY":23.1397520801,"GROSS_PROFIT":55907811.82,"GROSS_PROFIT_YOY":-33.43664076545,"HOLDER_PROFIT":31367165.34,"HOLDER_PROFIT_YOY":37.6237623762,"GROSS_PROFIT_RATIO":7.601550900708,"EPS_TTM":0.027748877458,"OPERATE_INCOME_QOQ":0,"NET_PROFIT_RATIO":4.2641725389,"ROE_AVG":14.118949476812,"GROSS_PROFIT_QOQ":0,"ROA":8.432817846772,"HOLDER_PROFIT_QOQ":0,"ROE_YEARLY":14.118949476812,"ROIC_YEARLY":10.185413887928,"TOTAL_ASSETS":376307943.2,"TOTAL_LIABILITIES":140774025.98,"TAX_EBT":3.972361679002,"OCF_SALES":4.842083005824,"TOTAL_PARENT_EQUITY":235570259.96,"DEBT_ASSET_RATIO":37.4092624203,"OPERATE_PROFIT":34383612.76,"PRETAX_PROFIT":32659445.56,"NETCASH_OPERATE":35612504.48,"NETCASH_INVEST":-11942393.4,"NETCASH_FINANCE":-6594094.36,"END_CASH":70029924.44,"DIVI_RATIO":null,"DIVIDEND_RATE":null,"CURRENT_RATIO":2.174694157414,"COMMON_ACS":2000000000,"CURRENTDEBT_DEBT":99.820486188243,"ISSUED_COMMON_SHARES":1200000000,"HK_COMMON_SHARES":1200000000,"PER_SHARES":4000,"TOTAL_MARKET_CAP":73200000,"HKSK_MARKET_CAP":73200000,"PE_TTM":-102.664796633941,"PB_TTM":0.233338752403,"REPORT_DATE_SQ":"2019-12-31 00:00:00","REPORT_TYPE_SQ":"2019年年报","OPERATE_INCOME_SQ":645693516,"DPS_HKD":null,"OPERATE_INCOME_QOQ_SQ":0,"NET_PROFIT_RATIO_SQ":3.8107771551,"HOLDER_PROFIT_SQ":24639747.9,"HOLDER_PROFIT_QOQ_SQ":0,"ROE_AVG_SQ":11.548368723864,"PE_TTM_SQ":4.429285614166,"PB_TTM_SQ":0.301507537688,"ROA_SQ":6.725247922909,"START_DATE":"2020-04-01 00:00:00","FISCAL_YEAR":"3-31","CURRENCY":"HKD","IS_CNY_CODE":0,"DPS_HKD_LY":0.00449,"ORG_TYPE":"一般企业","PREMIUM_INCOME":null,"PREMIUM_INCOME_YOY":null,"NET_INTEREST_INCOME":null,"NET_INTEREST_INCOME_YOY":null,"FEE_COMMISSION_INCOME":null,"FEE_COMMISSION_INCOME_YOY":null,"ACCOUNTS_RECE_TDAYS":8.040210105191,"INVENTORY_TDAYS":null,"CURRENT_ASSETS_TDAYS":2.441177213166,"TOTAL_ASSETS_TDAYS":1.977277994647,"PREMIUM_EXPENSE":null,"LOAN_DEPOSIT":null,"LOAN_EQUITY":null,"LOAN_ASSETS":null,"DEPOSIT_EQUITY":null,"DEPOSIT_ASSETS":null,"EQUITY_MULTIPLIER":1.597680485434,"EQUITY_RATIO":0.597588277926},{"SECUCODE":"03789.HK","SECURITY_CODE":"03789","SECURITY_NAME_ABBR":"御佳控股","ORG_CODE":"10553455","STD_REPORT_DATE":"2020-06-30 00:00:00","REPORT_DATE":"2020-09-30 00:00:00","DATE_TYPE_CODE":"002","REPORT_TYPE":"2020年中报","PER_NETCASH_OPERATE":0.012608167467,"PER_OI":0.33687928,"BPS":0.197041976,"BASIC_EPS":0.020122688,"DILUTED_EPS":0.020122688,"OPERATE_INCOME":404255136,"OPERATE_INCOME_YOY":39.9280969414,"GROSS_PROFIT":41272599.68,"GROSS_PROFIT_YOY":-0.434643748101,"HOLDER_PROFIT":24143710.72,"HOLDER_PROFIT_YOY":60.0512611406,"GROSS_PROFIT_RATIO":10.209542441039,"EPS_TTM":0.02053312325,"OPERATE_INCOME_QOQ":0,"NET_PROFIT_RATIO":5.9717422019,"ROE_AVG":10.647920291737,"GROSS_PROFIT_QOQ":0,"ROA":6.046521863515,"HOLDER_PROFIT_QOQ":0,"ROE_YEARLY":21.295840583473,"ROIC_YEARLY":14.214248392387,"TOTAL_ASSETS":416386744.32,"TOTAL_LIABILITIES":179971521.92,"TAX_EBT":9.491335573565,"OCF_SALES":3.742636669927,"TOTAL_PARENT_EQUITY":236450371.2,"DEBT_ASSET_RATIO":43.2222025257,"OPERATE_PROFIT":27793034.88,"PRETAX_PROFIT":26672666.88,"NETCASH_OPERATE":15129800.96,"NETCASH_INVEST":-8047317.76,"NETCASH_FINANCE":-3238083.2,"END_CASH":58899722.88,"DIVI_RATIO":null,"DIVIDEND_RATE":null,"CURRENT_RATIO":1.895602731562,"COMMON_ACS":2000000000,"CURRENTDEBT_DEBT":99.954592282641,"ISSUED_COMMON_SHARES":1200000000,"HK_COMMON_SHARES":1200000000,"PER_SHARES":4000,"TOTAL_MARKET_CAP":73200000,"HKSK_MARKET_CAP":73200000,"PE_TTM":-102.664796633941,"PB_TTM":0.233338752403,"REPORT_DATE_SQ":"2019-06-30 00:00:00","REPORT_TYPE_SQ":"2019年中报","OPERATE_INCOME_SQ":296559239.76,"DPS_HKD":null,"OPERATE_INCOME_QOQ_SQ":0,"NET_PROFIT_RATIO_SQ":5.2202715527,"HOLDER_PROFIT_SQ":15484805.67,"HOLDER_PROFIT_QOQ_SQ":0,"ROE_AVG_SQ":7.509180341493,"PE_TTM_SQ":4.429285614166,"PB_TTM_SQ":0.301507537688,"ROA_SQ":4.595082910639,"START_DATE":"2020-04-01 00:00:00","FISCAL_YEAR":"3-31","CURRENCY":"HKD","IS_CNY_CODE":0,"DPS_HKD_LY":0.00449,"ORG_TYPE":"一般企业","PREMIUM_INCOME":null,"PREMIUM_INCOME_YOY":null,"NET_INTEREST_INCOME":null,"NET_INTEREST_INCOME_YOY":null,"FEE_COMMISSION_INCOME":null,"FEE_COMMISSION_INCOME_YOY":null,"ACCOUNTS_RECE_TDAYS":3.489986345016,"INVENTORY_TDAYS":222.505251817937,"CURRENT_ASSETS_TDAYS":1.244331805586,"TOTAL_ASSETS_TDAYS":1.012411698686,"PREMIUM_EXPENSE":null,"LOAN_DEPOSIT":null,"LOAN_EQUITY":null,"LOAN_ASSETS":null,"DEPOSIT_EQUITY":null,"DEPOSIT_ASSETS":null,"EQUITY_MULTIPLIER":1.761251835196,"EQUITY_RATIO":0.761138673653}],"count":20},"success":true,"message":"ok","code":0}