{"version":"dbfe311fc72fac8870a38a192b21a0e3","result":{"pages":4,"data":[{"SECUCODE":"03788.HK","SECURITY_CODE":"03788","SECURITY_NAME_ABBR":"中国罕王","ORG_CODE":"10191100","STD_REPORT_DATE":"2024-06-30 00:00:00","REPORT_DATE":"2024-06-30 00:00:00","DATE_TYPE_CODE":"002","REPORT_TYPE":"2024年中报","PER_NETCASH_OPERATE":0.050310204082,"PER_OI":0.647226530612,"BPS":0.749465816327,"BASIC_EPS":0.056,"DILUTED_EPS":0.056,"OPERATE_INCOME":1268564000,"OPERATE_INCOME_YOY":-15.0586658221,"GROSS_PROFIT":346974000,"GROSS_PROFIT_YOY":56.657305653631,"HOLDER_PROFIT":107467000,"HOLDER_PROFIT_YOY":219.3290544958,"GROSS_PROFIT_RATIO":27.35171422175,"EPS_TTM":0.115106632653,"OPERATE_INCOME_QOQ":-7.426799486816,"NET_PROFIT_RATIO":8.4077744599,"ROE_AVG":7.481505434807,"GROSS_PROFIT_QOQ":20.17654152263,"ROA":3.000682131859,"HOLDER_PROFIT_QOQ":48.626446019658,"ROE_YEARLY":14.963010869614,"ROIC_YEARLY":6.658546940829,"TOTAL_ASSETS":3548279000,"TOTAL_LIABILITIES":2033708000,"TAX_EBT":38.720612230828,"OCF_SALES":7.773198671884,"TOTAL_PARENT_EQUITY":1468953000,"DEBT_ASSET_RATIO":57.3153351244,"OPERATE_PROFIT":212548000,"PRETAX_PROFIT":174052000,"NETCASH_OPERATE":98608000,"NETCASH_INVEST":10146000,"NETCASH_FINANCE":-35239000,"END_CASH":344440000,"DIVI_RATIO":0.316037392125,"DIVIDEND_RATE":4.597701149425,"CURRENT_RATIO":0.981548148532,"COMMON_ACS":10000000000,"CURRENTDEBT_DEBT":98.615140423306,"ISSUED_COMMON_SHARES":1960000000,"HK_COMMON_SHARES":1960000000,"PER_SHARES":1000,"TOTAL_MARKET_CAP":1705200000,"HKSK_MARKET_CAP":1705200000,"PE_TTM":6.855033194138,"PB_TTM":1.059463397399,"REPORT_DATE_SQ":"2023-06-30 00:00:00","REPORT_TYPE_SQ":"2023年中报","OPERATE_INCOME_SQ":1493459000,"DPS_HKD":0.04,"OPERATE_INCOME_QOQ_SQ":5.243149733284,"NET_PROFIT_RATIO_SQ":2.2321072996,"HOLDER_PROFIT_SQ":33654000,"HOLDER_PROFIT_QOQ_SQ":-27.63514435542,"ROE_AVG_SQ":2.60188875445,"PE_TTM_SQ":-18.617287363307,"PB_TTM_SQ":1.005058157909,"ROA_SQ":0.949334952136,"START_DATE":"2024-01-01 00:00:00","FISCAL_YEAR":"12-31","CURRENCY":"HKD","IS_CNY_CODE":0,"DPS_HKD_LY":0.04,"ORG_TYPE":"一般企业","PREMIUM_INCOME":null,"PREMIUM_INCOME_YOY":null,"NET_INTEREST_INCOME":null,"NET_INTEREST_INCOME_YOY":null,"FEE_COMMISSION_INCOME":null,"FEE_COMMISSION_INCOME_YOY":null,"ACCOUNTS_RECE_TDAYS":6.767732057212,"INVENTORY_TDAYS":4.36451895527,"CURRENT_ASSETS_TDAYS":0.698330229953,"TOTAL_ASSETS_TDAYS":0.354207089425,"PREMIUM_EXPENSE":null,"LOAN_DEPOSIT":null,"LOAN_EQUITY":null,"LOAN_ASSETS":null,"DEPOSIT_EQUITY":null,"DEPOSIT_ASSETS":null,"EQUITY_MULTIPLIER":2.342761745733,"EQUITY_RATIO":1.384460905148},{"SECUCODE":"03788.HK","SECURITY_CODE":"03788","SECURITY_NAME_ABBR":"中国罕王","ORG_CODE":"10191100","STD_REPORT_DATE":"2023-12-31 00:00:00","REPORT_DATE":"2023-12-31 00:00:00","DATE_TYPE_CODE":"001","REPORT_TYPE":"2023年年报","PER_NETCASH_OPERATE":0.162737244898,"PER_OI":1.544977040816,"BPS":0.716284693878,"BASIC_EPS":0.079,"DILUTED_EPS":0.079,"OPERATE_INCOME":3028155000,"OPERATE_INCOME_YOY":16.385448259,"GROSS_PROFIT":621950000,"GROSS_PROFIT_YOY":73.727594461499,"HOLDER_PROFIT":151796000,"HOLDER_PROFIT_YOY":395.9159405033,"GROSS_PROFIT_RATIO":20.538909005649,"EPS_TTM":0.077446938776,"OPERATE_INCOME_QOQ":10.587195987512,"NET_PROFIT_RATIO":4.983133294,"ROE_AVG":11.335343082384,"GROSS_PROFIT_QOQ":100.271773256095,"ROA":4.35109940532,"HOLDER_PROFIT_QOQ":331.845188092802,"ROE_YEARLY":11.335343082384,"ROIC_YEARLY":4.656976852098,"TOTAL_ASSETS":3614559000,"TOTAL_LIABILITIES":2164002000,"TAX_EBT":25.887379975934,"OCF_SALES":10.533311537884,"TOTAL_PARENT_EQUITY":1403918000,"DEBT_ASSET_RATIO":59.8690462654,"OPERATE_PROFIT":278083000,"PRETAX_PROFIT":203605000,"NETCASH_OPERATE":318965000,"NETCASH_INVEST":-114973000,"NETCASH_FINANCE":-67160000,"END_CASH":270258000,"DIVI_RATIO":0.469715144009,"DIVIDEND_RATE":4.545454545455,"CURRENT_RATIO":0.810208174132,"COMMON_ACS":10000000000,"CURRENTDEBT_DEBT":94.941224638425,"ISSUED_COMMON_SHARES":1960000000,"HK_COMMON_SHARES":1960000000,"PER_SHARES":1000,"TOTAL_MARKET_CAP":1724800000,"HKSK_MARKET_CAP":1724800000,"PE_TTM":6.933826679128,"PB_TTM":1.071641137599,"REPORT_DATE_SQ":"2022-12-31 00:00:00","REPORT_TYPE_SQ":"2022年年报","OPERATE_INCOME_SQ":2601833000,"DPS_HKD":0.04,"OPERATE_INCOME_QOQ_SQ":-10.305374300875,"NET_PROFIT_RATIO_SQ":-2.03740978,"HOLDER_PROFIT_SQ":-51297000,"HOLDER_PROFIT_QOQ_SQ":-113.282289762458,"ROE_AVG_SQ":-3.619914930552,"PE_TTM_SQ":-17.852193362075,"PB_TTM_SQ":0.963754397995,"ROA_SQ":-1.430138061001,"START_DATE":"2023-01-01 00:00:00","FISCAL_YEAR":"12-31","CURRENCY":"HKD","IS_CNY_CODE":0,"DPS_HKD_LY":0.02,"ORG_TYPE":"一般企业","PREMIUM_INCOME":null,"PREMIUM_INCOME_YOY":null,"NET_INTEREST_INCOME":null,"NET_INTEREST_INCOME_YOY":null,"FEE_COMMISSION_INCOME":null,"FEE_COMMISSION_INCOME_YOY":null,"ACCOUNTS_RECE_TDAYS":15.189076262515,"INVENTORY_TDAYS":7.670585047459,"CURRENT_ASSETS_TDAYS":1.867344541349,"TOTAL_ASSETS_TDAYS":0.867994111816,"PREMIUM_EXPENSE":null,"LOAN_DEPOSIT":null,"LOAN_EQUITY":null,"LOAN_ASSETS":null,"DEPOSIT_EQUITY":null,"DEPOSIT_ASSETS":null,"EQUITY_MULTIPLIER":2.491842099277,"EQUITY_RATIO":1.541401990715},{"SECUCODE":"03788.HK","SECURITY_CODE":"03788","SECURITY_NAME_ABBR":"中国罕王","ORG_CODE":"10191100","STD_REPORT_DATE":"2023-06-30 00:00:00","REPORT_DATE":"2023-06-30 00:00:00","DATE_TYPE_CODE":"002","REPORT_TYPE":"2023年中报","PER_NETCASH_OPERATE":0.074485714286,"PER_OI":0.761968877551,"BPS":0.669658163265,"BASIC_EPS":0.017,"DILUTED_EPS":0.017,"OPERATE_INCOME":1493459000,"OPERATE_INCOME_YOY":10.0481644264,"GROSS_PROFIT":221486000,"GROSS_PROFIT_YOY":-17.826932209427,"HOLDER_PROFIT":33654000,"HOLDER_PROFIT_YOY":-29.6383023207,"GROSS_PROFIT_RATIO":14.864607087137,"EPS_TTM":-0.033404591837,"OPERATE_INCOME_QOQ":5.243149733284,"NET_PROFIT_RATIO":2.2321072996,"ROE_AVG":2.60188875445,"GROSS_PROFIT_QOQ":-13.254078876434,"ROA":0.949334952136,"HOLDER_PROFIT_QOQ":-27.63514435542,"ROE_YEARLY":5.203777508901,"ROIC_YEARLY":1.992007759916,"TOTAL_ASSETS":3727212000,"TOTAL_LIABILITIES":2407948000,"TAX_EBT":19.345554803134,"OCF_SALES":9.771501660912,"TOTAL_PARENT_EQUITY":1312530000,"DEBT_ASSET_RATIO":64.604535508,"OPERATE_PROFIT":78894000,"PRETAX_PROFIT":41348000,"NETCASH_OPERATE":145992000,"NETCASH_INVEST":-444758000,"NETCASH_FINANCE":346751000,"END_CASH":184090000,"DIVI_RATIO":-1.089011959128,"DIVIDEND_RATE":4.545454545455,"CURRENT_RATIO":0.845932105409,"COMMON_ACS":10000000000,"CURRENTDEBT_DEBT":90.373130981234,"ISSUED_COMMON_SHARES":1960000000,"HK_COMMON_SHARES":1960000000,"PER_SHARES":1000,"TOTAL_MARKET_CAP":1724800000,"HKSK_MARKET_CAP":1724800000,"PE_TTM":6.933826679128,"PB_TTM":1.071641137599,"REPORT_DATE_SQ":"2022-06-30 00:00:00","REPORT_TYPE_SQ":"2022年中报","OPERATE_INCOME_SQ":1357641000,"DPS_HKD":0.04,"OPERATE_INCOME_QOQ_SQ":-7.224350166696,"NET_PROFIT_RATIO_SQ":3.2225013829,"HOLDER_PROFIT_SQ":47830000,"HOLDER_PROFIT_QOQ_SQ":-41.391319919206,"ROE_AVG_SQ":3.224250570715,"PE_TTM_SQ":-17.852193362075,"PB_TTM_SQ":0.963754397995,"ROA_SQ":1.283093889986,"START_DATE":"2023-01-01 00:00:00","FISCAL_YEAR":"12-31","CURRENCY":"HKD","IS_CNY_CODE":0,"DPS_HKD_LY":0.02,"ORG_TYPE":"一般企业","PREMIUM_INCOME":null,"PREMIUM_INCOME_YOY":null,"NET_INTEREST_INCOME":null,"NET_INTEREST_INCOME_YOY":null,"FEE_COMMISSION_INCOME":null,"FEE_COMMISSION_INCOME_YOY":null,"ACCOUNTS_RECE_TDAYS":7.296359536948,"INVENTORY_TDAYS":4.09133981357,"CURRENT_ASSETS_TDAYS":0.873835735897,"TOTAL_ASSETS_TDAYS":0.421454338044,"PREMIUM_EXPENSE":null,"LOAN_DEPOSIT":null,"LOAN_EQUITY":null,"LOAN_ASSETS":null,"DEPOSIT_EQUITY":null,"DEPOSIT_ASSETS":null,"EQUITY_MULTIPLIER":2.82522072913,"EQUITY_RATIO":1.834585114245},{"SECUCODE":"03788.HK","SECURITY_CODE":"03788","SECURITY_NAME_ABBR":"中国罕王","ORG_CODE":"10191100","STD_REPORT_DATE":"2022-12-31 00:00:00","REPORT_DATE":"2022-12-31 00:00:00","DATE_TYPE_CODE":"001","REPORT_TYPE":"2022年年报","PER_NETCASH_OPERATE":0.099009693878,"PER_OI":1.327465816327,"BPS":0.650183673469,"BASIC_EPS":-0.027,"DILUTED_EPS":-0.027,"OPERATE_INCOME":2601833000,"OPERATE_INCOME_YOY":-16.7852281421,"GROSS_PROFIT":358003000,"GROSS_PROFIT_YOY":-70.54309681613,"HOLDER_PROFIT":-51297000,"HOLDER_PROFIT_YOY":-107.7845747143,"GROSS_PROFIT_RATIO":13.759645603696,"EPS_TTM":-0.026171938776,"OPERATE_INCOME_QOQ":-10.305374300875,"NET_PROFIT_RATIO":-2.03740978,"ROE_AVG":-3.619914930552,"GROSS_PROFIT_QOQ":-58.129822193581,"ROA":-1.430138061001,"HOLDER_PROFIT_QOQ":-113.282289762458,"ROE_YEARLY":-3.619914930552,"ROIC_YEARLY":-1.5211825944,"TOTAL_ASSETS":3362804000,"TOTAL_LIABILITIES":2081468000,"TAX_EBT":-597.224779692227,"OCF_SALES":7.45854941497,"TOTAL_PARENT_EQUITY":1274360000,"DEBT_ASSET_RATIO":61.8967980293,"OPERATE_PROFIT":61669000,"PRETAX_PROFIT":-7603000,"NETCASH_OPERATE":361059000,"NETCASH_INVEST":-43677000,"NETCASH_FINANCE":-465889000,"END_CASH":134411000,"DIVI_RATIO":-1.389961986081,"DIVIDEND_RATE":4.545454545455,"CURRENT_RATIO":0.806915128793,"COMMON_ACS":10000000000,"CURRENTDEBT_DEBT":93.993037606151,"ISSUED_COMMON_SHARES":1960000000,"HK_COMMON_SHARES":1960000000,"PER_SHARES":1000,"TOTAL_MARKET_CAP":1724800000,"HKSK_MARKET_CAP":1724800000,"PE_TTM":6.933826679128,"PB_TTM":1.071641137599,"REPORT_DATE_SQ":"2021-12-31 00:00:00","REPORT_TYPE_SQ":"2021年年报","OPERATE_INCOME_SQ":3126648000,"DPS_HKD":0.04,"OPERATE_INCOME_QOQ_SQ":0.909481718062,"NET_PROFIT_RATIO_SQ":21.0897740967,"HOLDER_PROFIT_SQ":658957000,"HOLDER_PROFIT_QOQ_SQ":24.448444009654,"ROE_AVG_SQ":48.54354341634,"PE_TTM_SQ":-17.852193362075,"PB_TTM_SQ":0.963754397995,"ROA_SQ":18.640058203773,"START_DATE":"2022-01-01 00:00:00","FISCAL_YEAR":"12-31","CURRENCY":"HKD","IS_CNY_CODE":0,"DPS_HKD_LY":0.14,"ORG_TYPE":"一般企业","PREMIUM_INCOME":null,"PREMIUM_INCOME_YOY":null,"NET_INTEREST_INCOME":null,"NET_INTEREST_INCOME_YOY":null,"FEE_COMMISSION_INCOME":null,"FEE_COMMISSION_INCOME_YOY":null,"ACCOUNTS_RECE_TDAYS":11.607371734102,"INVENTORY_TDAYS":7.222004966309,"CURRENT_ASSETS_TDAYS":1.453840533854,"TOTAL_ASSETS_TDAYS":0.725379730134,"PREMIUM_EXPENSE":null,"LOAN_DEPOSIT":null,"LOAN_EQUITY":null,"LOAN_ASSETS":null,"DEPOSIT_EQUITY":null,"DEPOSIT_ASSETS":null,"EQUITY_MULTIPLIER":2.624451353902,"EQUITY_RATIO":1.633343796102},{"SECUCODE":"03788.HK","SECURITY_CODE":"03788","SECURITY_NAME_ABBR":"中国罕王","ORG_CODE":"10191100","STD_REPORT_DATE":"2022-06-30 00:00:00","REPORT_DATE":"2022-06-30 00:00:00","DATE_TYPE_CODE":"002","REPORT_TYPE":"2022年中报","PER_NETCASH_OPERATE":0.049387755102,"PER_OI":0.692673979592,"BPS":0.717906122449,"BASIC_EPS":0.025,"DILUTED_EPS":0.025,"OPERATE_INCOME":1357641000,"OPERATE_INCOME_YOY":-14.2644145547,"GROSS_PROFIT":269536000,"GROSS_PROFIT_YOY":-57.206318964833,"HOLDER_PROFIT":47830000,"HOLDER_PROFIT_YOY":-85.0802137369,"GROSS_PROFIT_RATIO":19.853260177028,"EPS_TTM":0.197043877551,"OPERATE_INCOME_QOQ":-7.224350166696,"NET_PROFIT_RATIO":3.2225013829,"ROE_AVG":3.224250570715,"GROSS_PROFIT_QOQ":-29.647054951475,"ROA":1.283093889986,"HOLDER_PROFIT_QOQ":-41.391319919206,"ROE_YEARLY":6.448501141431,"ROIC_YEARLY":2.746740793638,"TOTAL_ASSETS":3644508000,"TOTAL_LIABILITIES":2233033000,"TAX_EBT":58.908226807803,"OCF_SALES":7.130014488366,"TOTAL_PARENT_EQUITY":1407096000,"DEBT_ASSET_RATIO":61.2711784416,"OPERATE_PROFIT":149882000,"PRETAX_PROFIT":106469000,"NETCASH_OPERATE":96800000,"NETCASH_INVEST":61430000,"NETCASH_FINANCE":-241888000,"END_CASH":197724000,"DIVI_RATIO":0.184618778579,"DIVIDEND_RATE":4.545454545455,"CURRENT_RATIO":0.880597878349,"COMMON_ACS":10000000000,"CURRENTDEBT_DEBT":94.442133188359,"ISSUED_COMMON_SHARES":1960000000,"HK_COMMON_SHARES":1960000000,"PER_SHARES":1000,"TOTAL_MARKET_CAP":1724800000,"HKSK_MARKET_CAP":1724800000,"PE_TTM":6.933826679128,"PB_TTM":1.071641137599,"REPORT_DATE_SQ":"2021-06-30 00:00:00","REPORT_TYPE_SQ":"2021年中报","OPERATE_INCOME_SQ":1583521000,"DPS_HKD":0.04,"OPERATE_INCOME_QOQ_SQ":15.791102248504,"NET_PROFIT_RATIO_SQ":20.1673359558,"HOLDER_PROFIT_SQ":320581000,"HOLDER_PROFIT_QOQ_SQ":39.548281678263,"ROE_AVG_SQ":25.716212080678,"PE_TTM_SQ":-17.852193362075,"PB_TTM_SQ":0.963754397995,"ROA_SQ":9.496635174736,"START_DATE":"2022-01-01 00:00:00","FISCAL_YEAR":"12-31","CURRENCY":"HKD","IS_CNY_CODE":0,"DPS_HKD_LY":0.14,"ORG_TYPE":"一般企业","PREMIUM_INCOME":null,"PREMIUM_INCOME_YOY":null,"NET_INTEREST_INCOME":null,"NET_INTEREST_INCOME_YOY":null,"FEE_COMMISSION_INCOME":null,"FEE_COMMISSION_INCOME_YOY":null,"ACCOUNTS_RECE_TDAYS":5.177300799491,"INVENTORY_TDAYS":3.686841819931,"CURRENT_ASSETS_TDAYS":0.703861790936,"TOTAL_ASSETS_TDAYS":0.364202565732,"PREMIUM_EXPENSE":null,"LOAN_DEPOSIT":null,"LOAN_EQUITY":null,"LOAN_ASSETS":null,"DEPOSIT_EQUITY":null,"DEPOSIT_ASSETS":null,"EQUITY_MULTIPLIER":2.582056359479,"EQUITY_RATIO":1.5869798507},{"SECUCODE":"03788.HK","SECURITY_CODE":"03788","SECURITY_NAME_ABBR":"中国罕王","ORG_CODE":"10191100","STD_REPORT_DATE":"2021-12-31 00:00:00","REPORT_DATE":"2021-12-31 00:00:00","DATE_TYPE_CODE":"001","REPORT_TYPE":"2021年年报","PER_NETCASH_OPERATE":0.512027040816,"PER_OI":1.595228571429,"BPS":0.79581377551,"BASIC_EPS":0.339,"DILUTED_EPS":null,"OPERATE_INCOME":3126648000,"OPERATE_INCOME_YOY":16.8442011546,"GROSS_PROFIT":1215345000,"GROSS_PROFIT_YOY":32.392974597569,"HOLDER_PROFIT":658957000,"HOLDER_PROFIT_YOY":73.6656651908,"GROSS_PROFIT_RATIO":38.870541231376,"EPS_TTM":0.33620255102,"OPERATE_INCOME_QOQ":0.909481718062,"NET_PROFIT_RATIO":21.0897740967,"ROE_AVG":48.54354341634,"GROSS_PROFIT_QOQ":10.410829726695,"ROA":18.640058203773,"HOLDER_PROFIT_QOQ":24.448444009654,"ROE_YEARLY":48.54354341634,"ROIC_YEARLY":19.991775229242,"TOTAL_ASSETS":3810909000,"TOTAL_LIABILITIES":2242637000,"TAX_EBT":18.876954098147,"OCF_SALES":32.097409110332,"TOTAL_PARENT_EQUITY":1559795000,"DEBT_ASSET_RATIO":58.8478234458,"OPERATE_PROFIT":894919000,"PRETAX_PROFIT":812843000,"NETCASH_OPERATE":1003573000,"NETCASH_INVEST":-489958000,"NETCASH_FINANCE":-421437000,"END_CASH":279491000,"DIVI_RATIO":0.108202629307,"DIVIDEND_RATE":4.545454545455,"CURRENT_RATIO":0.982751794232,"COMMON_ACS":10000000000,"CURRENTDEBT_DEBT":90.772157955122,"ISSUED_COMMON_SHARES":1960000000,"HK_COMMON_SHARES":1960000000,"PER_SHARES":1000,"TOTAL_MARKET_CAP":1724800000,"HKSK_MARKET_CAP":1724800000,"PE_TTM":6.933826679128,"PB_TTM":1.071641137599,"REPORT_DATE_SQ":"2020-12-31 00:00:00","REPORT_TYPE_SQ":"2020年年报","OPERATE_INCOME_SQ":2675912000,"DPS_HKD":0.04,"OPERATE_INCOME_QOQ_SQ":20.051934487892,"NET_PROFIT_RATIO_SQ":14.1175046115,"HOLDER_PROFIT_SQ":379440000,"HOLDER_PROFIT_QOQ_SQ":6.175969376191,"ROE_AVG_SQ":38.722456912541,"PE_TTM_SQ":-17.852193362075,"PB_TTM_SQ":0.963754397995,"ROA_SQ":13.562831037236,"START_DATE":"2021-01-01 00:00:00","FISCAL_YEAR":"12-31","CURRENCY":"HKD","IS_CNY_CODE":0,"DPS_HKD_LY":0.14,"ORG_TYPE":"一般企业","PREMIUM_INCOME":null,"PREMIUM_INCOME_YOY":null,"NET_INTEREST_INCOME":null,"NET_INTEREST_INCOME_YOY":null,"FEE_COMMISSION_INCOME":null,"FEE_COMMISSION_INCOME_YOY":null,"ACCOUNTS_RECE_TDAYS":13.725498631466,"INVENTORY_TDAYS":6.958656984587,"CURRENT_ASSETS_TDAYS":1.850600595491,"TOTAL_ASSETS_TDAYS":0.884441635838,"PREMIUM_EXPENSE":null,"LOAN_DEPOSIT":null,"LOAN_EQUITY":null,"LOAN_ASSETS":null,"DEPOSIT_EQUITY":null,"DEPOSIT_ASSETS":null,"EQUITY_MULTIPLIER":2.430005126662,"EQUITY_RATIO":1.437776759125},{"SECUCODE":"03788.HK","SECURITY_CODE":"03788","SECURITY_NAME_ABBR":"中国罕王","ORG_CODE":"10191100","STD_REPORT_DATE":"2021-06-30 00:00:00","REPORT_DATE":"2021-06-30 00:00:00","DATE_TYPE_CODE":"002","REPORT_TYPE":"2021年中报","PER_NETCASH_OPERATE":0.336689795918,"PER_OI":0.807918877551,"BPS":0.682706632653,"BASIC_EPS":0.165,"DILUTED_EPS":null,"OPERATE_INCOME":1583521000,"OPERATE_INCOME_YOY":36.3969628714,"GROSS_PROFIT":629850000,"GROSS_PROFIT_YOY":40.87925114911,"HOLDER_PROFIT":320581000,"HOLDER_PROFIT_YOY":88.0030964291,"GROSS_PROFIT_RATIO":39.775285581941,"EPS_TTM":0.270154081633,"OPERATE_INCOME_QOQ":15.791102248504,"NET_PROFIT_RATIO":20.1673359558,"ROE_AVG":25.716212080678,"GROSS_PROFIT_QOQ":19.909410087115,"ROA":9.496635174736,"HOLDER_PROFIT_QOQ":39.548281678263,"ROE_YEARLY":51.432424161356,"ROIC_YEARLY":20.196158785488,"TOTAL_ASSETS":3492042000,"TOTAL_LIABILITIES":2146663000,"TAX_EBT":22.588167421747,"OCF_SALES":41.673713199888,"TOTAL_PARENT_EQUITY":1338105000,"DEBT_ASSET_RATIO":61.4730006111,"OPERATE_PROFIT":458046000,"PRETAX_PROFIT":412539000,"NETCASH_OPERATE":659912000,"NETCASH_INVEST":-284150000,"NETCASH_FINANCE":-354973000,"END_CASH":204762000,"DIVI_RATIO":0.13465648855,"DIVIDEND_RATE":4.545454545455,"CURRENT_RATIO":0.897172705342,"COMMON_ACS":10000000000,"CURRENTDEBT_DEBT":85.312040129261,"ISSUED_COMMON_SHARES":1960000000,"HK_COMMON_SHARES":1960000000,"PER_SHARES":1000,"TOTAL_MARKET_CAP":1724800000,"HKSK_MARKET_CAP":1724800000,"PE_TTM":6.933826679128,"PB_TTM":1.071641137599,"REPORT_DATE_SQ":"2020-06-30 00:00:00","REPORT_TYPE_SQ":"2020年中报","OPERATE_INCOME_SQ":1160965000,"DPS_HKD":0.04,"OPERATE_INCOME_QOQ_SQ":-1.017815320696,"NET_PROFIT_RATIO_SQ":14.6690899381,"HOLDER_PROFIT_SQ":170519000,"HOLDER_PROFIT_QOQ_SQ":20.499099718789,"ROE_AVG_SQ":20.976601086725,"PE_TTM_SQ":-17.852193362075,"PB_TTM_SQ":0.963754397995,"ROA_SQ":6.672780417787,"START_DATE":"2021-01-01 00:00:00","FISCAL_YEAR":"12-31","CURRENCY":"HKD","IS_CNY_CODE":0,"DPS_HKD_LY":0.14,"ORG_TYPE":"一般企业","PREMIUM_INCOME":null,"PREMIUM_INCOME_YOY":null,"NET_INTEREST_INCOME":null,"NET_INTEREST_INCOME_YOY":null,"FEE_COMMISSION_INCOME":null,"FEE_COMMISSION_INCOME_YOY":null,"ACCOUNTS_RECE_TDAYS":7.216256983749,"INVENTORY_TDAYS":2.962230950462,"CURRENT_ASSETS_TDAYS":1.048157342647,"TOTAL_ASSETS_TDAYS":0.469089597591,"PREMIUM_EXPENSE":null,"LOAN_DEPOSIT":null,"LOAN_EQUITY":null,"LOAN_ASSETS":null,"DEPOSIT_EQUITY":null,"DEPOSIT_ASSETS":null,"EQUITY_MULTIPLIER":2.595582360063,"EQUITY_RATIO":1.604256018773},{"SECUCODE":"03788.HK","SECURITY_CODE":"03788","SECURITY_NAME_ABBR":"中国罕王","ORG_CODE":"10191100","STD_REPORT_DATE":"2020-12-31 00:00:00","REPORT_DATE":"2020-12-31 00:00:00","DATE_TYPE_CODE":"001","REPORT_TYPE":"2020年年报","PER_NETCASH_OPERATE":0.479372959184,"PER_OI":1.36526122449,"BPS":0.589344897959,"BASIC_EPS":0.208,"DILUTED_EPS":null,"OPERATE_INCOME":2675912000,"OPERATE_INCOME_YOY":18.8300275059,"GROSS_PROFIT":917983000,"GROSS_PROFIT_YOY":3.065757844875,"HOLDER_PROFIT":379440000,"HOLDER_PROFIT_YOY":27.941087216,"GROSS_PROFIT_RATIO":34.305425589481,"EPS_TTM":0.193591836735,"OPERATE_INCOME_QOQ":20.051934487892,"NET_PROFIT_RATIO":14.1175046115,"ROE_AVG":38.722456912541,"GROSS_PROFIT_QOQ":6.229712700009,"ROA":13.562831037236,"HOLDER_PROFIT_QOQ":6.175969376191,"ROE_YEARLY":38.722456912541,"ROIC_YEARLY":14.168573689821,"TOTAL_ASSETS":3259423000,"TOTAL_LIABILITIES":2095468000,"TAX_EBT":20.483114565003,"OCF_SALES":35.112178576874,"TOTAL_PARENT_EQUITY":1155116000,"DEBT_ASSET_RATIO":64.2895383631,"OPERATE_PROFIT":566268000,"PRETAX_PROFIT":475084000,"NETCASH_OPERATE":939571000,"NETCASH_INVEST":-497179000,"NETCASH_FINANCE":-301262000,"END_CASH":181244000,"DIVI_RATIO":0.187910815939,"DIVIDEND_RATE":4.545454545455,"CURRENT_RATIO":0.790989904369,"COMMON_ACS":10000000000,"CURRENTDEBT_DEBT":83.166815241273,"ISSUED_COMMON_SHARES":1960000000,"HK_COMMON_SHARES":1960000000,"PER_SHARES":1000,"TOTAL_MARKET_CAP":1724800000,"HKSK_MARKET_CAP":1724800000,"PE_TTM":6.933826679128,"PB_TTM":1.071641137599,"REPORT_DATE_SQ":"2019-12-31 00:00:00","REPORT_TYPE_SQ":"2019年年报","OPERATE_INCOME_SQ":2251882000,"DPS_HKD":0.04,"OPERATE_INCOME_QOQ_SQ":125.390600759482,"NET_PROFIT_RATIO_SQ":13.1864369447,"HOLDER_PROFIT_SQ":296574000,"HOLDER_PROFIT_QOQ_SQ":494.122360671501,"ROE_AVG_SQ":27.457758931961,"PE_TTM_SQ":-17.852193362075,"PB_TTM_SQ":0.963754397995,"ROA_SQ":9.853824340017,"START_DATE":"2020-01-01 00:00:00","FISCAL_YEAR":"12-31","CURRENCY":"HKD","IS_CNY_CODE":0,"DPS_HKD_LY":0.12,"ORG_TYPE":"一般企业","PREMIUM_INCOME":null,"PREMIUM_INCOME_YOY":null,"NET_INTEREST_INCOME":null,"NET_INTEREST_INCOME_YOY":null,"FEE_COMMISSION_INCOME":null,"FEE_COMMISSION_INCOME_YOY":null,"ACCOUNTS_RECE_TDAYS":9.682388401015,"INVENTORY_TDAYS":6.287828197291,"CURRENT_ASSETS_TDAYS":2.44750809689,"TOTAL_ASSETS_TDAYS":0.956486989419,"PREMIUM_EXPENSE":null,"LOAN_DEPOSIT":null,"LOAN_EQUITY":null,"LOAN_ASSETS":null,"DEPOSIT_EQUITY":null,"DEPOSIT_ASSETS":null,"EQUITY_MULTIPLIER":2.800299839772,"EQUITY_RATIO":1.814075815762},{"SECUCODE":"03788.HK","SECURITY_CODE":"03788","SECURITY_NAME_ABBR":"中国罕王","ORG_CODE":"10191100","STD_REPORT_DATE":"2020-06-30 00:00:00","REPORT_DATE":"2020-06-30 00:00:00","DATE_TYPE_CODE":"002","REPORT_TYPE":"2020年中报","PER_NETCASH_OPERATE":0.248264835165,"PER_OI":0.637892857143,"BPS":0.418941326531,"BASIC_EPS":0.094,"DILUTED_EPS":null,"OPERATE_INCOME":1160965000,"OPERATE_INCOME_YOY":-1.9359988512,"GROSS_PROFIT":447085000,"GROSS_PROFIT_YOY":-5.601197602262,"HOLDER_PROFIT":170519000,"HOLDER_PROFIT_YOY":55.4072035289,"GROSS_PROFIT_RATIO":38.509774196466,"EPS_TTM":0.196356593407,"OPERATE_INCOME_QOQ":-1.017815320696,"NET_PROFIT_RATIO":14.6690899381,"ROE_AVG":20.976601086725,"GROSS_PROFIT_QOQ":-2.978408558883,"ROA":6.672780417787,"HOLDER_PROFIT_QOQ":20.499099718789,"ROE_YEARLY":41.95320217345,"ROIC_YEARLY":13.981339246658,"TOTAL_ASSETS":2775014000,"TOTAL_LIABILITIES":1943632000,"TAX_EBT":25.17673006542,"OCF_SALES":38.919519537626,"TOTAL_PARENT_EQUITY":821125000,"DEBT_ASSET_RATIO":70.0404394356,"OPERATE_PROFIT":274880000,"PRETAX_PROFIT":227607000,"NETCASH_OPERATE":451842000,"NETCASH_INVEST":-285121000,"NETCASH_FINANCE":-32458000,"END_CASH":173022000,"DIVI_RATIO":0.185264978216,"DIVIDEND_RATE":4.545454545455,"CURRENT_RATIO":0.751696589564,"COMMON_ACS":10000000000,"CURRENTDEBT_DEBT":87.057169258378,"ISSUED_COMMON_SHARES":1960000000,"HK_COMMON_SHARES":1960000000,"PER_SHARES":1000,"TOTAL_MARKET_CAP":1724800000,"HKSK_MARKET_CAP":1724800000,"PE_TTM":6.933826679128,"PB_TTM":1.071641137599,"REPORT_DATE_SQ":"2019-06-30 00:00:00","REPORT_TYPE_SQ":"2019年中报","OPERATE_INCOME_SQ":1183885000,"DPS_HKD":0.04,"OPERATE_INCOME_QOQ_SQ":-14.276300717895,"NET_PROFIT_RATIO_SQ":9.4669668084,"HOLDER_PROFIT_SQ":109724000,"HOLDER_PROFIT_QOQ_SQ":-72.215295558277,"ROE_AVG_SQ":11.085673410913,"PE_TTM_SQ":-17.852193362075,"PB_TTM_SQ":0.963754397995,"ROA_SQ":3.16490920904,"START_DATE":"2020-01-01 00:00:00","FISCAL_YEAR":"12-31","CURRENCY":"HKD","IS_CNY_CODE":0,"DPS_HKD_LY":0.12,"ORG_TYPE":"一般企业","PREMIUM_INCOME":null,"PREMIUM_INCOME_YOY":null,"NET_INTEREST_INCOME":null,"NET_INTEREST_INCOME_YOY":null,"FEE_COMMISSION_INCOME":null,"FEE_COMMISSION_INCOME_YOY":null,"ACCOUNTS_RECE_TDAYS":4.115488848674,"INVENTORY_TDAYS":2.700439178838,"CURRENT_ASSETS_TDAYS":1.116269029908,"TOTAL_ASSETS_TDAYS":0.454310928268,"PREMIUM_EXPENSE":null,"LOAN_DEPOSIT":null,"LOAN_EQUITY":null,"LOAN_ASSETS":null,"DEPOSIT_EQUITY":null,"DEPOSIT_ASSETS":null,"EQUITY_MULTIPLIER":3.337832668975,"EQUITY_RATIO":2.36703546963}],"count":31},"success":true,"message":"ok","code":0}