{"version":"947130c3d58bedf8afeaec5feda95e71","result":{"pages":2,"data":[{"SECUCODE":"03798.HK","SECURITY_CODE":"03798","SECURITY_NAME_ABBR":"家乡互动","ORG_CODE":"10981423","STD_REPORT_DATE":"2024-06-30 00:00:00","REPORT_DATE":"2024-06-30 00:00:00","DATE_TYPE_CODE":"002","REPORT_TYPE":"2024年中报","PER_NETCASH_OPERATE":0.009476364994,"PER_OI":0.651127256549,"BPS":1.556162968233,"BASIC_EPS":0.0223,"DILUTED_EPS":0.0223,"OPERATE_INCOME":835659000,"OPERATE_INCOME_YOY":-12.3566693271,"GROSS_PROFIT":412968000,"GROSS_PROFIT_YOY":-35.558329692279,"HOLDER_PROFIT":28009000,"HOLDER_PROFIT_YOY":-92.9143698472,"GROSS_PROFIT_RATIO":49.418243565856,"EPS_TTM":0.054271318412,"OPERATE_INCOME_QOQ":-6.620227267236,"NET_PROFIT_RATIO":4.029155433,"ROE_AVG":1.372825995322,"GROSS_PROFIT_QOQ":-19.687331256939,"ROA":1.215558664843,"HOLDER_PROFIT_QOQ":-84.058992621345,"ROE_YEARLY":2.745651990644,"ROIC_YEARLY":5.346626885273,"TOTAL_ASSETS":2321500000,"TOTAL_LIABILITIES":317807000,"TAX_EBT":16.522040958001,"OCF_SALES":1.455378330156,"TOTAL_PARENT_EQUITY":1997185000,"DEBT_ASSET_RATIO":13.68972647,"OPERATE_PROFIT":57534000,"PRETAX_PROFIT":40334000,"NETCASH_OPERATE":12162000,"NETCASH_INVEST":-309147000,"NETCASH_FINANCE":-16926000,"END_CASH":1028691000,"DIVI_RATIO":1.669795439858,"DIVIDEND_RATE":8.474576271186,"CURRENT_RATIO":6.591649614355,"COMMON_ACS":10000000000,"CURRENTDEBT_DEBT":95.952574990482,"ISSUED_COMMON_SHARES":1283403500,"HK_COMMON_SHARES":1283403500,"PER_SHARES":2000,"TOTAL_MARKET_CAP":1514416130,"HKSK_MARKET_CAP":1514416130,"PE_TTM":18.00788202657,"PB_TTM":0.692062735064,"REPORT_DATE_SQ":"2023-06-30 00:00:00","REPORT_TYPE_SQ":"2023年中报","OPERATE_INCOME_SQ":953477000,"DPS_HKD":0.1,"OPERATE_INCOME_QOQ_SQ":10.986602172828,"NET_PROFIT_RATIO_SQ":42.2198962324,"HOLDER_PROFIT_SQ":395293000,"HOLDER_PROFIT_QOQ_SQ":3.222617210504,"ROE_AVG_SQ":20.59817578116,"PE_TTM_SQ":6.278306648007,"PB_TTM_SQ":1.430081917681,"ROA_SQ":18.205935203132,"START_DATE":"2024-01-01 00:00:00","FISCAL_YEAR":"12-31","CURRENCY":"HKD","IS_CNY_CODE":0,"DPS_HKD_LY":0.1,"ORG_TYPE":"一般企业","PREMIUM_INCOME":null,"PREMIUM_INCOME_YOY":null,"NET_INTEREST_INCOME":null,"NET_INTEREST_INCOME_YOY":null,"FEE_COMMISSION_INCOME":null,"FEE_COMMISSION_INCOME_YOY":null,"ACCOUNTS_RECE_TDAYS":6.397267037951,"INVENTORY_TDAYS":null,"CURRENT_ASSETS_TDAYS":0.42881763016,"TOTAL_ASSETS_TDAYS":0.362666478026,"PREMIUM_EXPENSE":null,"LOAN_DEPOSIT":null,"LOAN_EQUITY":null,"LOAN_ASSETS":null,"DEPOSIT_EQUITY":null,"DEPOSIT_ASSETS":null,"EQUITY_MULTIPLIER":1.158610625481,"EQUITY_RATIO":0.159127471917},{"SECUCODE":"03798.HK","SECURITY_CODE":"03798","SECURITY_NAME_ABBR":"家乡互动","ORG_CODE":"10981423","STD_REPORT_DATE":"2023-12-31 00:00:00","REPORT_DATE":"2023-12-31 00:00:00","DATE_TYPE_CODE":"001","REPORT_TYPE":"2023年年报","PER_NETCASH_OPERATE":0.313315336915,"PER_OI":1.386677689441,"BPS":1.623264234514,"BASIC_EPS":0.347,"DILUTED_EPS":0.3455,"OPERATE_INCOME":1779667000,"OPERATE_INCOME_YOY":13.8666231589,"GROSS_PROFIT":1157455000,"GROSS_PROFIT_YOY":13.407157813053,"HOLDER_PROFIT":436936000,"HOLDER_PROFIT_YOY":-6.090604676,"GROSS_PROFIT_RATIO":65.037728968397,"EPS_TTM":0.340450996121,"OPERATE_INCOME_QOQ":2.594926711609,"NET_PROFIT_RATIO":24.75013584,"ROE_AVG":22.535705241376,"GROSS_PROFIT_QOQ":4.334536119181,"ROA":19.895902323676,"HOLDER_PROFIT_QOQ":-9.022462458461,"ROE_YEARLY":22.535705241376,"ROIC_YEARLY":46.296726013565,"TOTAL_ASSETS":2286916000,"TOTAL_LIABILITIES":202766000,"TAX_EBT":12.098855111885,"OCF_SALES":22.594676419802,"TOTAL_PARENT_EQUITY":2083303000,"DEBT_ASSET_RATIO":8.866351016,"OPERATE_PROFIT":483114000,"PRETAX_PROFIT":501097000,"NETCASH_OPERATE":402110000,"NETCASH_INVEST":-11648000,"NETCASH_FINANCE":-215762000,"END_CASH":1340918000,"DIVI_RATIO":0.266182214276,"DIVIDEND_RATE":8.333333333333,"CURRENT_RATIO":9.92521718096,"COMMON_ACS":10000000000,"CURRENTDEBT_DEBT":93.784954085004,"ISSUED_COMMON_SHARES":1283403500,"HK_COMMON_SHARES":1283403500,"PER_SHARES":2000,"TOTAL_MARKET_CAP":1540084200,"HKSK_MARKET_CAP":1540084200,"PE_TTM":18.313100366004,"PB_TTM":0.703792611929,"REPORT_DATE_SQ":"2022-12-31 00:00:00","REPORT_TYPE_SQ":"2022年年报","OPERATE_INCOME_SQ":1562940000,"DPS_HKD":0.1,"OPERATE_INCOME_QOQ_SQ":-1.830988304061,"NET_PROFIT_RATIO_SQ":29.7952576554,"HOLDER_PROFIT_SQ":465274000,"HOLDER_PROFIT_QOQ_SQ":-18.417781113178,"ROE_AVG_SQ":28.760233618098,"PE_TTM_SQ":6.329143139084,"PB_TTM_SQ":1.44166152835,"ROA_SQ":24.269412311482,"START_DATE":"2023-01-01 00:00:00","FISCAL_YEAR":"12-31","CURRENCY":"HKD","IS_CNY_CODE":0,"DPS_HKD_LY":0.14,"ORG_TYPE":"一般企业","PREMIUM_INCOME":null,"PREMIUM_INCOME_YOY":null,"NET_INTEREST_INCOME":null,"NET_INTEREST_INCOME_YOY":null,"FEE_COMMISSION_INCOME":null,"FEE_COMMISSION_INCOME_YOY":null,"ACCOUNTS_RECE_TDAYS":10.36268618477,"INVENTORY_TDAYS":null,"CURRENT_ASSETS_TDAYS":1.017762419525,"TOTAL_ASSETS_TDAYS":0.810372246752,"PREMIUM_EXPENSE":null,"LOAN_DEPOSIT":null,"LOAN_EQUITY":null,"LOAN_ASSETS":null,"DEPOSIT_EQUITY":null,"DEPOSIT_ASSETS":null,"EQUITY_MULTIPLIER":1.0972895425,"EQUITY_RATIO":0.097329097112},{"SECUCODE":"03798.HK","SECURITY_CODE":"03798","SECURITY_NAME_ABBR":"家乡互动","ORG_CODE":"10981423","STD_REPORT_DATE":"2023-06-30 00:00:00","REPORT_DATE":"2023-06-30 00:00:00","DATE_TYPE_CODE":"002","REPORT_TYPE":"2023年中报","PER_NETCASH_OPERATE":0.142551426734,"PER_OI":0.742928471054,"BPS":1.592419687183,"BASIC_EPS":0.3098,"DILUTED_EPS":0.3073,"OPERATE_INCOME":953477000,"OPERATE_INCOME_YOY":21.9649689228,"GROSS_PROFIT":640840000,"GROSS_PROFIT_YOY":16.075277581554,"HOLDER_PROFIT":395293000,"HOLDER_PROFIT_YOY":3.9426872014,"GROSS_PROFIT_RATIO":67.210850392825,"EPS_TTM":0.374214344904,"OPERATE_INCOME_QOQ":10.986602172828,"NET_PROFIT_RATIO":42.2198962324,"ROE_AVG":20.59817578116,"GROSS_PROFIT_QOQ":8.695703293785,"ROA":18.205935203132,"HOLDER_PROFIT_QOQ":3.222617210504,"ROE_YEARLY":41.196351562321,"ROIC_YEARLY":78.402255517932,"TOTAL_ASSETS":2237158000,"TOTAL_LIABILITIES":186583000,"TAX_EBT":10.440193644268,"OCF_SALES":19.187772751729,"TOTAL_PARENT_EQUITY":2043717000,"DEBT_ASSET_RATIO":8.3401798174,"OPERATE_PROFIT":422161000,"PRETAX_PROFIT":449484000,"NETCASH_OPERATE":182951000,"NETCASH_INVEST":-21580000,"NETCASH_FINANCE":-176128000,"END_CASH":1155952000,"DIVI_RATIO":0.242166023922,"DIVIDEND_RATE":8.333333333333,"CURRENT_RATIO":10.932454817876,"COMMON_ACS":10000000000,"CURRENTDEBT_DEBT":86.385683583178,"ISSUED_COMMON_SHARES":1283403500,"HK_COMMON_SHARES":1283403500,"PER_SHARES":2000,"TOTAL_MARKET_CAP":1540084200,"HKSK_MARKET_CAP":1540084200,"PE_TTM":18.313100366004,"PB_TTM":0.703792611929,"REPORT_DATE_SQ":"2022-06-30 00:00:00","REPORT_TYPE_SQ":"2022年中报","OPERATE_INCOME_SQ":781763000,"DPS_HKD":0.1,"OPERATE_INCOME_QOQ_SQ":23.636235150133,"NET_PROFIT_RATIO_SQ":48.6023257688,"HOLDER_PROFIT_SQ":380299000,"HOLDER_PROFIT_QOQ_SQ":13.900178345679,"ROE_AVG_SQ":23.358942450736,"PE_TTM_SQ":6.329143139084,"PB_TTM_SQ":1.44166152835,"ROA_SQ":20.148947899495,"START_DATE":"2023-01-01 00:00:00","FISCAL_YEAR":"12-31","CURRENCY":"HKD","IS_CNY_CODE":0,"DPS_HKD_LY":0.14,"ORG_TYPE":"一般企业","PREMIUM_INCOME":null,"PREMIUM_INCOME_YOY":null,"NET_INTEREST_INCOME":null,"NET_INTEREST_INCOME_YOY":null,"FEE_COMMISSION_INCOME":null,"FEE_COMMISSION_INCOME_YOY":null,"ACCOUNTS_RECE_TDAYS":4.901691342793,"INVENTORY_TDAYS":null,"CURRENT_ASSETS_TDAYS":0.565542869006,"TOTAL_ASSETS_TDAYS":0.439141104944,"PREMIUM_EXPENSE":null,"LOAN_DEPOSIT":null,"LOAN_EQUITY":null,"LOAN_ASSETS":null,"DEPOSIT_EQUITY":null,"DEPOSIT_ASSETS":null,"EQUITY_MULTIPLIER":1.090990575814,"EQUITY_RATIO":0.091295908387},{"SECUCODE":"03798.HK","SECURITY_CODE":"03798","SECURITY_NAME_ABBR":"家乡互动","ORG_CODE":"10981423","STD_REPORT_DATE":"2022-12-31 00:00:00","REPORT_DATE":"2022-12-31 00:00:00","DATE_TYPE_CODE":"001","REPORT_TYPE":"2022年年报","PER_NETCASH_OPERATE":0.187199894655,"PER_OI":1.217808740587,"BPS":1.398172125914,"BASIC_EPS":0.3723,"DILUTED_EPS":0.3673,"OPERATE_INCOME":1562940000,"OPERATE_INCOME_YOY":37.0323252639,"GROSS_PROFIT":1020619000,"GROSS_PROFIT_YOY":21.930907105575,"HOLDER_PROFIT":465274000,"HOLDER_PROFIT_YOY":-7.0777071895,"GROSS_PROFIT_RATIO":65.301227174428,"EPS_TTM":0.362531347312,"OPERATE_INCOME_QOQ":-1.830988304061,"NET_PROFIT_RATIO":29.7952576554,"ROE_AVG":28.760233618098,"GROSS_PROFIT_QOQ":-11.977586871571,"ROA":24.269412311482,"HOLDER_PROFIT_QOQ":-18.417781113178,"ROE_YEARLY":28.760233618098,"ROIC_YEARLY":60.152399766255,"TOTAL_ASSETS":2105305000,"TOTAL_LIABILITIES":311292000,"TAX_EBT":7.002042683576,"OCF_SALES":15.371863283299,"TOTAL_PARENT_EQUITY":1794419000,"DEBT_ASSET_RATIO":14.7860761267,"OPERATE_PROFIT":325387000,"PRETAX_PROFIT":375976000,"NETCASH_OPERATE":240253000,"NETCASH_INVEST":-58972000,"NETCASH_FINANCE":-149208000,"END_CASH":1163316000,"DIVI_RATIO":0.249970107887,"DIVIDEND_RATE":8.333333333333,"CURRENT_RATIO":5.860665943396,"COMMON_ACS":10000000000,"CURRENTDEBT_DEBT":88.238053017745,"ISSUED_COMMON_SHARES":1283403500,"HK_COMMON_SHARES":1283403500,"PER_SHARES":2000,"TOTAL_MARKET_CAP":1540084200,"HKSK_MARKET_CAP":1540084200,"PE_TTM":18.313100366004,"PB_TTM":0.703792611929,"REPORT_DATE_SQ":"2021-12-31 00:00:00","REPORT_TYPE_SQ":"2021年年报","OPERATE_INCOME_SQ":1140563000,"DPS_HKD":0.1,"OPERATE_INCOME_QOQ_SQ":36.659213169661,"NET_PROFIT_RATIO_SQ":38.8496896069,"HOLDER_PROFIT_SQ":500713000,"HOLDER_PROFIT_QOQ_SQ":0.18588030029,"ROE_AVG_SQ":41.878818875675,"PE_TTM_SQ":6.329143139084,"PB_TTM_SQ":1.44166152835,"ROA_SQ":35.341008586576,"START_DATE":"2022-01-01 00:00:00","FISCAL_YEAR":"12-31","CURRENCY":"HKD","IS_CNY_CODE":0,"DPS_HKD_LY":0.08,"ORG_TYPE":"一般企业","PREMIUM_INCOME":null,"PREMIUM_INCOME_YOY":null,"NET_INTEREST_INCOME":null,"NET_INTEREST_INCOME_YOY":null,"FEE_COMMISSION_INCOME":null,"FEE_COMMISSION_INCOME_YOY":null,"ACCOUNTS_RECE_TDAYS":8.062937694262,"INVENTORY_TDAYS":null,"CURRENT_ASSETS_TDAYS":1.020540554659,"TOTAL_ASSETS_TDAYS":0.815253705948,"PREMIUM_EXPENSE":null,"LOAN_DEPOSIT":null,"LOAN_EQUITY":null,"LOAN_ASSETS":null,"DEPOSIT_EQUITY":null,"DEPOSIT_ASSETS":null,"EQUITY_MULTIPLIER":1.173517137278,"EQUITY_RATIO":0.173477877798},{"SECUCODE":"03798.HK","SECURITY_CODE":"03798","SECURITY_NAME_ABBR":"家乡互动","ORG_CODE":"10981423","STD_REPORT_DATE":"2022-06-30 00:00:00","REPORT_DATE":"2022-06-30 00:00:00","DATE_TYPE_CODE":"002","REPORT_TYPE":"2022年中报","PER_NETCASH_OPERATE":0.062063100186,"PER_OI":0.609132669499,"BPS":1.414219300477,"BASIC_EPS":0.3056,"DILUTED_EPS":0.3018,"OPERATE_INCOME":781763000,"OPERATE_INCOME_YOY":63.7563521955,"GROSS_PROFIT":552090000,"GROSS_PROFIT_YOY":57.103059310965,"HOLDER_PROFIT":380299000,"HOLDER_PROFIT_YOY":22.4011020312,"GROSS_PROFIT_RATIO":70.621147329817,"EPS_TTM":0.444375443888,"OPERATE_INCOME_QOQ":23.636235150133,"NET_PROFIT_RATIO":48.6023257688,"ROE_AVG":23.358942450736,"GROSS_PROFIT_QOQ":20.928779718573,"ROA":20.148947899495,"HOLDER_PROFIT_QOQ":13.900178345679,"ROE_YEARLY":46.717884901472,"ROIC_YEARLY":104.341873494406,"TOTAL_ASSETS":2045940000,"TOTAL_LIABILITIES":232084000,"TAX_EBT":9.485528892486,"OCF_SALES":10.188765648924,"TOTAL_PARENT_EQUITY":1815014000,"DEBT_ASSET_RATIO":11.3436366658,"OPERATE_PROFIT":264873000,"PRETAX_PROFIT":291581000,"NETCASH_OPERATE":79652000,"NETCASH_INVEST":6858000,"NETCASH_FINANCE":-20068000,"END_CASH":1193791000,"DIVI_RATIO":0.203931160568,"DIVIDEND_RATE":8.333333333333,"CURRENT_RATIO":7.610340301653,"COMMON_ACS":10000000000,"CURRENTDEBT_DEBT":94.87383878251,"ISSUED_COMMON_SHARES":1283403500,"HK_COMMON_SHARES":1283403500,"PER_SHARES":2000,"TOTAL_MARKET_CAP":1540084200,"HKSK_MARKET_CAP":1540084200,"PE_TTM":18.313100366004,"PB_TTM":0.703792611929,"REPORT_DATE_SQ":"2021-06-30 00:00:00","REPORT_TYPE_SQ":"2021年中报","OPERATE_INCOME_SQ":477394000,"DPS_HKD":0.1,"OPERATE_INCOME_QOQ_SQ":22.05252618408,"NET_PROFIT_RATIO_SQ":55.628629399,"HOLDER_PROFIT_SQ":310699000,"HOLDER_PROFIT_QOQ_SQ":27.886101472861,"ROE_AVG_SQ":28.090152774036,"PE_TTM_SQ":6.329143139084,"PB_TTM_SQ":1.44166152835,"ROA_SQ":24.76061145439,"START_DATE":"2022-01-01 00:00:00","FISCAL_YEAR":"12-31","CURRENCY":"HKD","IS_CNY_CODE":0,"DPS_HKD_LY":0.08,"ORG_TYPE":"一般企业","PREMIUM_INCOME":null,"PREMIUM_INCOME_YOY":null,"NET_INTEREST_INCOME":null,"NET_INTEREST_INCOME_YOY":null,"FEE_COMMISSION_INCOME":null,"FEE_COMMISSION_INCOME_YOY":null,"ACCOUNTS_RECE_TDAYS":4.30473196021,"INVENTORY_TDAYS":null,"CURRENT_ASSETS_TDAYS":0.499709958908,"TOTAL_ASSETS_TDAYS":0.414192568394,"PREMIUM_EXPENSE":null,"LOAN_DEPOSIT":null,"LOAN_EQUITY":null,"LOAN_ASSETS":null,"DEPOSIT_EQUITY":null,"DEPOSIT_ASSETS":null,"EQUITY_MULTIPLIER":1.127950620116,"EQUITY_RATIO":0.127868986135},{"SECUCODE":"03798.HK","SECURITY_CODE":"03798","SECURITY_NAME_ABBR":"家乡互动","ORG_CODE":"10981423","STD_REPORT_DATE":"2021-12-31 00:00:00","REPORT_DATE":"2021-12-31 00:00:00","DATE_TYPE_CODE":"001","REPORT_TYPE":"2021年年报","PER_NETCASH_OPERATE":0.312592259566,"PER_OI":0.888701799551,"BPS":1.12288769666,"BASIC_EPS":0.3977,"DILUTED_EPS":0.3893,"OPERATE_INCOME":1140563000,"OPERATE_INCOME_YOY":66.7960219369,"GROSS_PROFIT":837047000,"GROSS_PROFIT_YOY":41.372059558714,"HOLDER_PROFIT":500713000,"HOLDER_PROFIT_YOY":28.1238165423,"GROSS_PROFIT_RATIO":74.459238872987,"EPS_TTM":0.390144642741,"OPERATE_INCOME_QOQ":36.659213169661,"NET_PROFIT_RATIO":38.8496896069,"ROE_AVG":41.878818875675,"GROSS_PROFIT_QOQ":32.658897557615,"ROA":35.341008586576,"HOLDER_PROFIT_QOQ":0.18588030029,"ROE_YEARLY":41.878818875675,"ROIC_YEARLY":102.467170223695,"TOTAL_ASSETS":1728937000,"TOTAL_LIABILITIES":288633000,"TAX_EBT":13.755343726502,"OCF_SALES":31.154395125656,"TOTAL_PARENT_EQUITY":1441118000,"DEBT_ASSET_RATIO":16.6942462334,"OPERATE_PROFIT":450958000,"PRETAX_PROFIT":477429000,"NETCASH_OPERATE":401182000,"NETCASH_INVEST":15618000,"NETCASH_FINANCE":-23259000,"END_CASH":1125162000,"DIVI_RATIO":0.232277955589,"DIVIDEND_RATE":8.333333333333,"CURRENT_RATIO":6.008231932954,"COMMON_ACS":10000000000,"CURRENTDEBT_DEBT":83.796031638794,"ISSUED_COMMON_SHARES":1283403500,"HK_COMMON_SHARES":1283403500,"PER_SHARES":2000,"TOTAL_MARKET_CAP":1540084200,"HKSK_MARKET_CAP":1540084200,"PE_TTM":18.313100366004,"PB_TTM":0.703792611929,"REPORT_DATE_SQ":"2020-12-31 00:00:00","REPORT_TYPE_SQ":"2020年年报","OPERATE_INCOME_SQ":772034000,"DPS_HKD":0.1,"OPERATE_INCOME_QOQ_SQ":12.595235039494,"NET_PROFIT_RATIO_SQ":50.5194071764,"HOLDER_PROFIT_SQ":390804000,"HOLDER_PROFIT_QOQ_SQ":28.396408354223,"ROE_AVG_SQ":49.88861981763,"PE_TTM_SQ":6.329143139084,"PB_TTM_SQ":1.44166152835,"ROA_SQ":42.631427374594,"START_DATE":"2021-01-01 00:00:00","FISCAL_YEAR":"12-31","CURRENCY":"HKD","IS_CNY_CODE":0,"DPS_HKD_LY":0.1892,"ORG_TYPE":"一般企业","PREMIUM_INCOME":null,"PREMIUM_INCOME_YOY":null,"NET_INTEREST_INCOME":null,"NET_INTEREST_INCOME_YOY":null,"FEE_COMMISSION_INCOME":null,"FEE_COMMISSION_INCOME_YOY":null,"ACCOUNTS_RECE_TDAYS":8.054567474904,"INVENTORY_TDAYS":null,"CURRENT_ASSETS_TDAYS":1.105227878011,"TOTAL_ASSETS_TDAYS":0.908891805468,"PREMIUM_EXPENSE":null,"LOAN_DEPOSIT":null,"LOAN_EQUITY":null,"LOAN_ASSETS":null,"DEPOSIT_EQUITY":null,"DEPOSIT_ASSETS":null,"EQUITY_MULTIPLIER":1.200397277242,"EQUITY_RATIO":0.200284084995},{"SECUCODE":"03798.HK","SECURITY_CODE":"03798","SECURITY_NAME_ABBR":"家乡互动","ORG_CODE":"10981423","STD_REPORT_DATE":"2021-06-30 00:00:00","REPORT_DATE":"2021-06-30 00:00:00","DATE_TYPE_CODE":"002","REPORT_TYPE":"2021年中报","PER_NETCASH_OPERATE":0.179621815287,"PER_OI":0.380090764331,"BPS":0.983343897691,"BASIC_EPS":0.2492,"DILUTED_EPS":0.2422,"OPERATE_INCOME":477394000,"OPERATE_INCOME_YOY":43.9732523362,"GROSS_PROFIT":351419000,"GROSS_PROFIT_YOY":20.359689561399,"HOLDER_PROFIT":310699000,"HOLDER_PROFIT_YOY":54.0256495422,"GROSS_PROFIT_RATIO":75.823919544622,"EPS_TTM":0.397917197452,"OPERATE_INCOME_QOQ":22.05252618408,"NET_PROFIT_RATIO":55.628629399,"ROE_AVG":28.090152774036,"GROSS_PROFIT_QOQ":22.072563537852,"ROA":24.76061145439,"HOLDER_PROFIT_QOQ":27.886101472861,"ROE_YEARLY":56.180305548072,"ROIC_YEARLY":150.983069626404,"TOTAL_ASSETS":1404951000,"TOTAL_LIABILITIES":143911000,"TAX_EBT":13.393767976008,"OCF_SALES":40.472564120504,"TOTAL_PARENT_EQUITY":1262027000,"DEBT_ASSET_RATIO":10.2431330345,"OPERATE_PROFIT":275798000,"PRETAX_PROFIT":293099000,"NETCASH_OPERATE":225605000,"NETCASH_INVEST":-829000,"NETCASH_FINANCE":-1380000,"END_CASH":955527000,"DIVI_RATIO":0.227740848046,"DIVIDEND_RATE":8.333333333333,"CURRENT_RATIO":8.349844686845,"COMMON_ACS":10000000000,"CURRENTDEBT_DEBT":96.191396071183,"ISSUED_COMMON_SHARES":1283403500,"HK_COMMON_SHARES":1283403500,"PER_SHARES":2000,"TOTAL_MARKET_CAP":1540084200,"HKSK_MARKET_CAP":1540084200,"PE_TTM":18.313100366004,"PB_TTM":0.703792611929,"REPORT_DATE_SQ":"2020-06-30 00:00:00","REPORT_TYPE_SQ":"2020年中报","OPERATE_INCOME_SQ":387174000,"DPS_HKD":0.1,"OPERATE_INCOME_QOQ_SQ":21.359809271298,"NET_PROFIT_RATIO_SQ":52.1003476473,"HOLDER_PROFIT_SQ":201719000,"HOLDER_PROFIT_QOQ_SQ":47.19084279552,"ROE_AVG_SQ":29.496644835064,"PE_TTM_SQ":6.329143139084,"PB_TTM_SQ":1.44166152835,"ROA_SQ":24.969070110432,"START_DATE":"2021-01-01 00:00:00","FISCAL_YEAR":"12-31","CURRENCY":"HKD","IS_CNY_CODE":0,"DPS_HKD_LY":0.1892,"ORG_TYPE":"一般企业","PREMIUM_INCOME":null,"PREMIUM_INCOME_YOY":null,"NET_INTEREST_INCOME":null,"NET_INTEREST_INCOME_YOY":null,"FEE_COMMISSION_INCOME":null,"FEE_COMMISSION_INCOME_YOY":null,"ACCOUNTS_RECE_TDAYS":4.762486220639,"INVENTORY_TDAYS":null,"CURRENT_ASSETS_TDAYS":0.548395474923,"TOTAL_ASSETS_TDAYS":0.444231663481,"PREMIUM_EXPENSE":null,"LOAN_DEPOSIT":null,"LOAN_EQUITY":null,"LOAN_ASSETS":null,"DEPOSIT_EQUITY":null,"DEPOSIT_ASSETS":null,"EQUITY_MULTIPLIER":1.114120884349,"EQUITY_RATIO":0.114031633238},{"SECUCODE":"03798.HK","SECURITY_CODE":"03798","SECURITY_NAME_ABBR":"家乡互动","ORG_CODE":"10981423","STD_REPORT_DATE":"2020-12-31 00:00:00","REPORT_DATE":"2020-12-31 00:00:00","DATE_TYPE_CODE":"001","REPORT_TYPE":"2020年年报","PER_NETCASH_OPERATE":0.31688933121,"PER_OI":0.614676751592,"BPS":0.740319782516,"BASIC_EPS":0.314,"DILUTED_EPS":0.3077,"OPERATE_INCOME":772034000,"OPERATE_INCOME_YOY":36.6453624925,"GROSS_PROFIT":592088000,"GROSS_PROFIT_YOY":33.870847398611,"HOLDER_PROFIT":390804000,"HOLDER_PROFIT_YOY":88.9877555758,"GROSS_PROFIT_RATIO":76.69195916242,"EPS_TTM":0.311149681529,"OPERATE_INCOME_QOQ":12.595235039494,"NET_PROFIT_RATIO":50.5194071764,"ROE_AVG":49.88861981763,"GROSS_PROFIT_QOQ":10.269972287613,"ROA":42.631427374594,"HOLDER_PROFIT_QOQ":28.396408354223,"ROE_YEARLY":49.88861981763,"ROIC_YEARLY":130.465002153251,"TOTAL_ASSETS":1104672000,"TOTAL_LIABILITIES":155320000,"TAX_EBT":15.316823428259,"OCF_SALES":51.553817577982,"TOTAL_PARENT_EQUITY":950129000,"DEBT_ASSET_RATIO":14.0602821471,"OPERATE_PROFIT":471079000,"PRETAX_PROFIT":460572000,"NETCASH_OPERATE":398013000,"NETCASH_INVEST":-78146000,"NETCASH_FINANCE":-88135000,"END_CASH":732724000,"DIVI_RATIO":0.291248892028,"DIVIDEND_RATE":8.333333333333,"CURRENT_RATIO":5.91738576026,"COMMON_ACS":10000000000,"CURRENTDEBT_DEBT":95.428148338913,"ISSUED_COMMON_SHARES":1283403500,"HK_COMMON_SHARES":1283403500,"PER_SHARES":2000,"TOTAL_MARKET_CAP":1540084200,"HKSK_MARKET_CAP":1540084200,"PE_TTM":18.313100366004,"PB_TTM":0.703792611929,"REPORT_DATE_SQ":"2019-12-31 00:00:00","REPORT_TYPE_SQ":"2019年年报","OPERATE_INCOME_SQ":564991000,"DPS_HKD":0.1,"OPERATE_INCOME_QOQ_SQ":14.376436054456,"NET_PROFIT_RATIO_SQ":36.6002290302,"HOLDER_PROFIT_SQ":206788000,"HOLDER_PROFIT_QOQ_SQ":-2.106165113119,"ROE_AVG_SQ":49.869771569687,"PE_TTM_SQ":6.329143139084,"PB_TTM_SQ":1.44166152835,"ROA_SQ":40.331053690418,"START_DATE":"2020-01-01 00:00:00","FISCAL_YEAR":"12-31","CURRENCY":"HKD","IS_CNY_CODE":0,"DPS_HKD_LY":0.0728,"ORG_TYPE":"一般企业","PREMIUM_INCOME":null,"PREMIUM_INCOME_YOY":null,"NET_INTEREST_INCOME":null,"NET_INTEREST_INCOME_YOY":null,"FEE_COMMISSION_INCOME":null,"FEE_COMMISSION_INCOME_YOY":null,"ACCOUNTS_RECE_TDAYS":11.205219196075,"INVENTORY_TDAYS":null,"CURRENT_ASSETS_TDAYS":1.011329800821,"TOTAL_ASSETS_TDAYS":0.842184609209,"PREMIUM_EXPENSE":null,"LOAN_DEPOSIT":null,"LOAN_EQUITY":null,"LOAN_ASSETS":null,"DEPOSIT_EQUITY":null,"DEPOSIT_ASSETS":null,"EQUITY_MULTIPLIER":1.163606333583,"EQUITY_RATIO":0.163472538992},{"SECUCODE":"03798.HK","SECURITY_CODE":"03798","SECURITY_NAME_ABBR":"家乡互动","ORG_CODE":"10981423","STD_REPORT_DATE":"2020-06-30 00:00:00","REPORT_DATE":"2020-06-30 00:00:00","DATE_TYPE_CODE":"002","REPORT_TYPE":"2020年中报","PER_NETCASH_OPERATE":0.151530254777,"PER_OI":0.30825955414,"BPS":0.585291375627,"BASIC_EPS":0.1623,"DILUTED_EPS":0.1607,"OPERATE_INCOME":387174000,"OPERATE_INCOME_YOY":45.2848667695,"GROSS_PROFIT":291974000,"GROSS_PROFIT_YOY":42.336773445003,"HOLDER_PROFIT":201719000,"HOLDER_PROFIT_YOY":93.7109877658,"GROSS_PROFIT_RATIO":77.43030265462,"EPS_TTM":0.242335191083,"OPERATE_INCOME_QOQ":21.359809271298,"NET_PROFIT_RATIO":52.1003476473,"ROE_AVG":29.496644835064,"GROSS_PROFIT_QOQ":21.402812226561,"ROA":24.969070110432,"HOLDER_PROFIT_QOQ":47.19084279552,"ROE_YEARLY":58.993289670128,"ROIC_YEARLY":158.142761945827,"TOTAL_ASSETS":887015000,"TOTAL_LIABILITIES":135850000,"TAX_EBT":18.470032374493,"OCF_SALES":49.156709903041,"TOTAL_PARENT_EQUITY":751165000,"DEBT_ASSET_RATIO":15.3154118025,"OPERATE_PROFIT":250315000,"PRETAX_PROFIT":247417000,"NETCASH_OPERATE":190322000,"NETCASH_INVEST":-3301000,"NETCASH_FINANCE":-86224000,"END_CASH":603164000,"DIVI_RATIO":0.373953116735,"DIVIDEND_RATE":8.333333333333,"CURRENT_RATIO":6.251441109163,"COMMON_ACS":10000000000,"CURRENTDEBT_DEBT":93.602502760398,"ISSUED_COMMON_SHARES":1283403500,"HK_COMMON_SHARES":1283403500,"PER_SHARES":2000,"TOTAL_MARKET_CAP":1540084200,"HKSK_MARKET_CAP":1540084200,"PE_TTM":18.313100366004,"PB_TTM":0.703792611929,"REPORT_DATE_SQ":"2019-06-30 00:00:00","REPORT_TYPE_SQ":"2019年中报","OPERATE_INCOME_SQ":266493000,"DPS_HKD":0.1,"OPERATE_INCOME_QOQ_SQ":12.38709530635,"NET_PROFIT_RATIO_SQ":39.0756980484,"HOLDER_PROFIT_SQ":104134000,"HOLDER_PROFIT_QOQ_SQ":3.501379286691,"ROE_AVG_SQ":54.942700968702,"PE_TTM_SQ":6.329143139084,"PB_TTM_SQ":1.44166152835,"ROA_SQ":28.390283932829,"START_DATE":"2020-01-01 00:00:00","FISCAL_YEAR":"12-31","CURRENCY":"HKD","IS_CNY_CODE":0,"DPS_HKD_LY":0.0728,"ORG_TYPE":"一般企业","PREMIUM_INCOME":null,"PREMIUM_INCOME_YOY":null,"NET_INTEREST_INCOME":null,"NET_INTEREST_INCOME_YOY":null,"FEE_COMMISSION_INCOME":null,"FEE_COMMISSION_INCOME_YOY":null,"ACCOUNTS_RECE_TDAYS":7.744176975928,"INVENTORY_TDAYS":null,"CURRENT_ASSETS_TDAYS":0.536018961283,"TOTAL_ASSETS_TDAYS":0.479249587344,"PREMIUM_EXPENSE":null,"LOAN_DEPOSIT":null,"LOAN_EQUITY":null,"LOAN_ASSETS":null,"DEPOSIT_EQUITY":null,"DEPOSIT_ASSETS":null,"EQUITY_MULTIPLIER":1.180852409258,"EQUITY_RATIO":0.180852409258}],"count":17},"success":true,"message":"ok","code":0}