{"version":"088ce21c7c983583283eda59261a77e5","result":{"pages":5,"data":[{"SECUCODE":"03800.HK","SECURITY_CODE":"03800","SECURITY_NAME_ABBR":"协鑫科技","ORG_CODE":"10128330","STD_REPORT_DATE":"2024-06-30 00:00:00","REPORT_DATE":"2024-06-30 00:00:00","DATE_TYPE_CODE":"002","REPORT_TYPE":"2024年中报","PER_NETCASH_OPERATE":-0.141130067544,"PER_OI":0.329220147756,"BPS":1.444494768181,"BASIC_EPS":-0.056,"DILUTED_EPS":-0.056,"OPERATE_INCOME":8862876000,"OPERATE_INCOME_YOY":-57.686827825,"GROSS_PROFIT":-552647000,"GROSS_PROFIT_YOY":-106.295866430529,"HOLDER_PROFIT":-1479603000,"HOLDER_PROFIT_YOY":-126.8127665913,"GROSS_PROFIT_RATIO":-6.235526707132,"EPS_TTM":-0.166703880907,"OPERATE_INCOME_QOQ":-35.854169906606,"NET_PROFIT_RATIO":-22.807664239,"ROE_AVG":-3.534333619062,"GROSS_PROFIT_QOQ":-79.801941007886,"ROA":-1.829262243009,"HOLDER_PROFIT_QOQ":-278.791598342042,"ROE_YEARLY":-7.068667238124,"ROIC_YEARLY":-4.227644327627,"TOTAL_ASSETS":79002291000,"TOTAL_LIABILITIES":32621874000,"TAX_EBT":8.669633578819,"OCF_SALES":-42.867992286025,"TOTAL_PARENT_EQUITY":41140394000,"DEBT_ASSET_RATIO":41.2923139153,"OPERATE_PROFIT":-1817969000,"PRETAX_PROFIT":-2213300000,"NETCASH_OPERATE":-3799337000,"NETCASH_INVEST":-3539676000,"NETCASH_FINANCE":4499884000,"END_CASH":3985280000,"DIVI_RATIO":null,"DIVIDEND_RATE":null,"CURRENT_RATIO":1.357099032416,"COMMON_ACS":50000000000,"CURRENTDEBT_DEBT":66.115328015797,"ISSUED_COMMON_SHARES":28480818973,"HK_COMMON_SHARES":28480818973,"PER_SHARES":1000,"TOTAL_MARKET_CAP":36170640095.71,"HKSK_MARKET_CAP":36170640095.71,"PE_TTM":-7.47855843187,"PB_TTM":0.80242838225,"REPORT_DATE_SQ":"2023-06-30 00:00:00","REPORT_TYPE_SQ":"2023年中报","OPERATE_INCOME_SQ":20945903000,"DPS_HKD":null,"OPERATE_INCOME_QOQ_SQ":17.174354868853,"NET_PROFIT_RATIO_SQ":29.8155443573,"HOLDER_PROFIT_SQ":5518278000,"HOLDER_PROFIT_QOQ_SQ":-8.673009194397,"ROE_AVG_SQ":12.370560504209,"PE_TTM_SQ":1.750333057894,"PB_TTM_SQ":0.549754106707,"ROA_SQ":6.030687615551,"START_DATE":"2024-01-01 00:00:00","FISCAL_YEAR":"12-31","CURRENCY":"HKD","IS_CNY_CODE":0,"DPS_HKD_LY":null,"ORG_TYPE":"一般企业","PREMIUM_INCOME":null,"PREMIUM_INCOME_YOY":null,"NET_INTEREST_INCOME":null,"NET_INTEREST_INCOME_YOY":null,"FEE_COMMISSION_INCOME":null,"FEE_COMMISSION_INCOME_YOY":null,"ACCOUNTS_RECE_TDAYS":0.537496418485,"INVENTORY_TDAYS":3.372126934635,"CURRENT_ASSETS_TDAYS":0.277132574849,"TOTAL_ASSETS_TDAYS":0.10957347634,"PREMIUM_EXPENSE":null,"LOAN_DEPOSIT":null,"LOAN_EQUITY":null,"LOAN_ASSETS":null,"DEPOSIT_EQUITY":null,"DEPOSIT_ASSETS":null,"EQUITY_MULTIPLIER":1.703354478249,"EQUITY_RATIO":0.792940242624},{"SECUCODE":"03800.HK","SECURITY_CODE":"03800","SECURITY_NAME_ABBR":"协鑫科技","ORG_CODE":"10128330","STD_REPORT_DATE":"2023-12-31 00:00:00","REPORT_DATE":"2023-12-31 00:00:00","DATE_TYPE_CODE":"001","REPORT_TYPE":"2023年年报","PER_NETCASH_OPERATE":-0.142831131787,"PER_OI":1.250995410092,"BPS":1.495287619375,"BASIC_EPS":0.0947,"DILUTED_EPS":0.0946,"OPERATE_INCOME":33700479000,"OPERATE_INCOME_YOY":-6.2064455851,"GROSS_PROFIT":11692173000,"GROSS_PROFIT_YOY":-33.170470678806,"HOLDER_PROFIT":2510076000,"HOLDER_PROFIT_YOY":-84.341684785,"GROSS_PROFIT_RATIO":34.694382237119,"EPS_TTM":0.093176525918,"OPERATE_INCOME_QOQ":-19.953854646912,"NET_PROFIT_RATIO":9.8725718409,"ROE_AVG":5.887409171579,"GROSS_PROFIT_QOQ":-39.07196067146,"ROA":2.982280798305,"HOLDER_PROFIT_QOQ":-82.85466861776,"ROE_YEARLY":5.887409171579,"ROIC_YEARLY":3.432058403716,"TOTAL_ASSETS":82768172000,"TOTAL_LIABILITIES":34450463000,"TAX_EBT":22.659841791204,"OCF_SALES":-11.417398547955,"TOTAL_PARENT_EQUITY":42587016000,"DEBT_ASSET_RATIO":41.6228390304,"OPERATE_PROFIT":4528876000,"PRETAX_PROFIT":4301910000,"NETCASH_OPERATE":-3847718000,"NETCASH_INVEST":-10913886000,"NETCASH_FINANCE":14964965000,"END_CASH":6821328000,"DIVI_RATIO":null,"DIVIDEND_RATE":null,"CURRENT_RATIO":1.566981162501,"COMMON_ACS":50000000000,"CURRENTDEBT_DEBT":64.263072458562,"ISSUED_COMMON_SHARES":28480818973,"HK_COMMON_SHARES":28480818973,"PER_SHARES":1000,"TOTAL_MARKET_CAP":33322558198.41,"HKSK_MARKET_CAP":33322558198.41,"PE_TTM":-6.889695563219,"PB_TTM":0.739245045065,"REPORT_DATE_SQ":"2022-12-31 00:00:00","REPORT_TYPE_SQ":"2022年年报","OPERATE_INCOME_SQ":35930485000,"DPS_HKD":null,"OPERATE_INCOME_QOQ_SQ":37.031539520747,"NET_PROFIT_RATIO_SQ":43.0830560734,"HOLDER_PROFIT_SQ":16030307000,"HOLDER_PROFIT_QOQ_SQ":67.229358862428,"ROE_AVG_SQ":44.70977531509,"PE_TTM_SQ":1.750333057894,"PB_TTM_SQ":0.549754106707,"ROA_SQ":21.421958926192,"START_DATE":"2023-01-01 00:00:00","FISCAL_YEAR":"12-31","CURRENCY":"HKD","IS_CNY_CODE":0,"DPS_HKD_LY":0.06,"ORG_TYPE":"一般企业","PREMIUM_INCOME":null,"PREMIUM_INCOME_YOY":null,"NET_INTEREST_INCOME":null,"NET_INTEREST_INCOME_YOY":null,"FEE_COMMISSION_INCOME":null,"FEE_COMMISSION_INCOME_YOY":null,"ACCOUNTS_RECE_TDAYS":1.62323302819,"INVENTORY_TDAYS":8.04456836527,"CURRENT_ASSETS_TDAYS":0.932728042953,"TOTAL_ASSETS_TDAYS":0.400403379879,"PREMIUM_EXPENSE":null,"LOAN_DEPOSIT":null,"LOAN_EQUITY":null,"LOAN_ASSETS":null,"DEPOSIT_EQUITY":null,"DEPOSIT_ASSETS":null,"EQUITY_MULTIPLIER":1.712998685429,"EQUITY_RATIO":0.808942871226},{"SECUCODE":"03800.HK","SECURITY_CODE":"03800","SECURITY_NAME_ABBR":"协鑫科技","ORG_CODE":"10128330","STD_REPORT_DATE":"2023-06-30 00:00:00","REPORT_DATE":"2023-06-30 00:00:00","DATE_TYPE_CODE":"002","REPORT_TYPE":"2023年中报","PER_NETCASH_OPERATE":0.111637822643,"PER_OI":0.773567398725,"BPS":1.633872363155,"BASIC_EPS":0.2079,"DILUTED_EPS":0.2075,"OPERATE_INCOME":20945903000,"OPERATE_INCOME_YOY":41.7651309225,"GROSS_PROFIT":8777934000,"GROSS_PROFIT_YOY":23.924042376751,"HOLDER_PROFIT":5518278000,"HOLDER_PROFIT_YOY":-20.1243727372,"GROSS_PROFIT_RATIO":41.907641795152,"EPS_TTM":0.540679692665,"OPERATE_INCOME_QOQ":17.174354868853,"NET_PROFIT_RATIO":29.8155443573,"ROE_AVG":12.370560504209,"GROSS_PROFIT_QOQ":9.686000169529,"ROA":6.030687615551,"HOLDER_PROFIT_QOQ":-8.673009194397,"ROE_YEARLY":24.741121008418,"ROIC_YEARLY":13.798997272535,"TOTAL_ASSETS":97442126000,"TOTAL_LIABILITIES":45278232000,"TAX_EBT":15.836822649311,"OCF_SALES":14.431557331283,"TOTAL_PARENT_EQUITY":46534023000,"DEBT_ASSET_RATIO":46.4667940435,"OPERATE_PROFIT":6596325000,"PRETAX_PROFIT":7420270000,"NETCASH_OPERATE":-4466664000,"NETCASH_INVEST":-5936290000,"NETCASH_FINANCE":11657904000,"END_CASH":7906730000,"DIVI_RATIO":null,"DIVIDEND_RATE":null,"CURRENT_RATIO":1.252935769526,"COMMON_ACS":50000000000,"CURRENTDEBT_DEBT":78.269785357344,"ISSUED_COMMON_SHARES":28480818973,"HK_COMMON_SHARES":28480818973,"PER_SHARES":1000,"TOTAL_MARKET_CAP":33322558198.41,"HKSK_MARKET_CAP":33322558198.41,"PE_TTM":-6.889695563219,"PB_TTM":0.739245045065,"REPORT_DATE_SQ":"2022-06-30 00:00:00","REPORT_TYPE_SQ":"2022年中报","OPERATE_INCOME_SQ":14775074000,"DPS_HKD":null,"OPERATE_INCOME_QOQ_SQ":33.113129682651,"NET_PROFIT_RATIO_SQ":43.6412973832,"HOLDER_PROFIT_SQ":6908588000,"HOLDER_PROFIT_QOQ_SQ":88.550580335928,"ROE_AVG_SQ":21.238657399473,"PE_TTM_SQ":1.750333057894,"PB_TTM_SQ":0.549754106707,"ROA_SQ":9.99189998942,"START_DATE":"2023-01-01 00:00:00","FISCAL_YEAR":"12-31","CURRENCY":"HKD","IS_CNY_CODE":0,"DPS_HKD_LY":0.06,"ORG_TYPE":"一般企业","PREMIUM_INCOME":null,"PREMIUM_INCOME_YOY":null,"NET_INTEREST_INCOME":null,"NET_INTEREST_INCOME_YOY":null,"FEE_COMMISSION_INCOME":null,"FEE_COMMISSION_INCOME_YOY":null,"ACCOUNTS_RECE_TDAYS":0.827024690864,"INVENTORY_TDAYS":4.523736479038,"CURRENT_ASSETS_TDAYS":0.511038305287,"TOTAL_ASSETS_TDAYS":0.228908724458,"PREMIUM_EXPENSE":null,"LOAN_DEPOSIT":null,"LOAN_EQUITY":null,"LOAN_ASSETS":null,"DEPOSIT_EQUITY":null,"DEPOSIT_ASSETS":null,"EQUITY_MULTIPLIER":1.867999463385,"EQUITY_RATIO":0.973013487357},{"SECUCODE":"03800.HK","SECURITY_CODE":"03800","SECURITY_NAME_ABBR":"协鑫科技","ORG_CODE":"10128330","STD_REPORT_DATE":"2022-12-31 00:00:00","REPORT_DATE":"2022-12-31 00:00:00","DATE_TYPE_CODE":"001","REPORT_TYPE":"2022年年报","PER_NETCASH_OPERATE":0.290280597908,"PER_OI":1.32543252805,"BPS":1.498632256343,"BASIC_EPS":0.5998,"DILUTED_EPS":0.5986,"OPERATE_INCOME":35930485000,"OPERATE_INCOME_YOY":113.0049789019,"GROSS_PROFIT":17495519000,"GROSS_PROFIT_YOY":213.878733557064,"HOLDER_PROFIT":16030307000,"HOLDER_PROFIT_YOY":215.3119266272,"GROSS_PROFIT_RATIO":48.692688117068,"EPS_TTM":0.5913388125,"OPERATE_INCOME_QOQ":37.031539520747,"NET_PROFIT_RATIO":43.0830560734,"ROE_AVG":44.70977531509,"GROSS_PROFIT_QOQ":58.200334909985,"ROA":21.421958926192,"HOLDER_PROFIT_QOQ":67.229358862428,"ROE_YEARLY":44.70977531509,"ROIC_YEARLY":24.628631206455,"TOTAL_ASSETS":85564468000,"TOTAL_LIABILITIES":40009557000,"TAX_EBT":10.271872818958,"OCF_SALES":21.900820431453,"TOTAL_PARENT_EQUITY":42682274000,"DEBT_ASSET_RATIO":46.759546264,"OPERATE_PROFIT":14513444000,"PRETAX_PROFIT":18302602000,"NETCASH_OPERATE":7869071000,"NETCASH_INVEST":-16546557000,"NETCASH_FINANCE":8396812000,"END_CASH":6635646000,"DIVI_RATIO":null,"DIVIDEND_RATE":null,"CURRENT_RATIO":1.094771882313,"COMMON_ACS":50000000000,"CURRENTDEBT_DEBT":85.775681045406,"ISSUED_COMMON_SHARES":28480818973,"HK_COMMON_SHARES":28480818973,"PER_SHARES":1000,"TOTAL_MARKET_CAP":33322558198.41,"HKSK_MARKET_CAP":33322558198.41,"PE_TTM":-6.889695563219,"PB_TTM":0.739245045065,"REPORT_DATE_SQ":"2021-12-31 00:00:00","REPORT_TYPE_SQ":"2021年年报","OPERATE_INCOME_SQ":16868378000,"DPS_HKD":null,"OPERATE_INCOME_QOQ_SQ":21.426971316498,"NET_PROFIT_RATIO_SQ":23.8654292334,"HOLDER_PROFIT_SQ":5083952000,"HOLDER_PROFIT_QOQ_SQ":501.84356566023,"ROE_AVG_SQ":22.290638115439,"PE_TTM_SQ":1.750333057894,"PB_TTM_SQ":0.549754106707,"ROA_SQ":7.031706066987,"START_DATE":"2022-01-01 00:00:00","FISCAL_YEAR":"12-31","CURRENCY":"HKD","IS_CNY_CODE":0,"DPS_HKD_LY":null,"ORG_TYPE":"一般企业","PREMIUM_INCOME":null,"PREMIUM_INCOME_YOY":null,"NET_INTEREST_INCOME":null,"NET_INTEREST_INCOME_YOY":null,"FEE_COMMISSION_INCOME":null,"FEE_COMMISSION_INCOME_YOY":null,"ACCOUNTS_RECE_TDAYS":1.746370200551,"INVENTORY_TDAYS":10.421349475384,"CURRENT_ASSETS_TDAYS":1.066404320301,"TOTAL_ASSETS_TDAYS":0.480153857233,"PREMIUM_EXPENSE":null,"LOAN_DEPOSIT":null,"LOAN_EQUITY":null,"LOAN_ASSETS":null,"DEPOSIT_EQUITY":null,"DEPOSIT_ASSETS":null,"EQUITY_MULTIPLIER":1.878270994756,"EQUITY_RATIO":0.93738110111},{"SECUCODE":"03800.HK","SECURITY_CODE":"03800","SECURITY_NAME_ABBR":"协鑫科技","ORG_CODE":"10128330","STD_REPORT_DATE":"2022-06-30 00:00:00","REPORT_DATE":"2022-06-30 00:00:00","DATE_TYPE_CODE":"002","REPORT_TYPE":"2022年中报","PER_NETCASH_OPERATE":0.101354589548,"PER_OI":0.545123791667,"BPS":1.265087111229,"BASIC_EPS":0.258,"DILUTED_EPS":0.2574,"OPERATE_INCOME":14775074000,"OPERATE_INCOME_YOY":74.0922653379,"GROSS_PROFIT":7083318000,"GROSS_PROFIT_YOY":95.458653230856,"HOLDER_PROFIT":6908588000,"HOLDER_PROFIT_YOY":187.054201176,"GROSS_PROFIT_RATIO":47.862839250559,"EPS_TTM":0.353667202598,"OPERATE_INCOME_QOQ":33.113129682651,"NET_PROFIT_RATIO":43.6412973832,"ROE_AVG":21.238657399473,"GROSS_PROFIT_QOQ":50.513277491856,"ROA":9.99189998942,"HOLDER_PROFIT_QOQ":88.550580335928,"ROE_YEARLY":42.477314798946,"ROIC_YEARLY":23.456042676315,"TOTAL_ASSETS":74185856000,"TOTAL_LIABILITIES":33293580000,"TAX_EBT":11.918517760262,"OCF_SALES":17.924599706068,"TOTAL_PARENT_EQUITY":36030717000,"DEBT_ASSET_RATIO":44.8786086663,"OPERATE_PROFIT":6043383000,"PRETAX_PROFIT":8059425000,"NETCASH_OPERATE":2747122000,"NETCASH_INVEST":-3975026000,"NETCASH_FINANCE":64213000,"END_CASH":5649419000,"DIVI_RATIO":null,"DIVIDEND_RATE":null,"CURRENT_RATIO":1.246321657899,"COMMON_ACS":50000000000,"CURRENTDEBT_DEBT":80.468997326211,"ISSUED_COMMON_SHARES":28480818973,"HK_COMMON_SHARES":28480818973,"PER_SHARES":1000,"TOTAL_MARKET_CAP":33322558198.41,"HKSK_MARKET_CAP":33322558198.41,"PE_TTM":-6.889695563219,"PB_TTM":0.739245045065,"REPORT_DATE_SQ":"2021-06-30 00:00:00","REPORT_TYPE_SQ":"2021年中报","OPERATE_INCOME_SQ":8803371000,"DPS_HKD":null,"OPERATE_INCOME_QOQ_SQ":10.952540282514,"NET_PROFIT_RATIO_SQ":28.7747443407,"HOLDER_PROFIT_SQ":2406719000,"HOLDER_PROFIT_QOQ_SQ":77.678416419307,"ROE_AVG_SQ":12.278676148047,"PE_TTM_SQ":1.750333057894,"PB_TTM_SQ":0.549754106707,"ROA_SQ":3.178361009014,"START_DATE":"2022-01-01 00:00:00","FISCAL_YEAR":"12-31","CURRENCY":"HKD","IS_CNY_CODE":0,"DPS_HKD_LY":null,"ORG_TYPE":"一般企业","PREMIUM_INCOME":null,"PREMIUM_INCOME_YOY":null,"NET_INTEREST_INCOME":null,"NET_INTEREST_INCOME_YOY":null,"FEE_COMMISSION_INCOME":null,"FEE_COMMISSION_INCOME_YOY":null,"ACCOUNTS_RECE_TDAYS":0.727736192494,"INVENTORY_TDAYS":7.778084402627,"CURRENT_ASSETS_TDAYS":0.484957010027,"TOTAL_ASSETS_TDAYS":0.22165996776,"PREMIUM_EXPENSE":null,"LOAN_DEPOSIT":null,"LOAN_EQUITY":null,"LOAN_ASSETS":null,"DEPOSIT_EQUITY":null,"DEPOSIT_ASSETS":null,"EQUITY_MULTIPLIER":1.814177719038,"EQUITY_RATIO":0.924033235309},{"SECUCODE":"03800.HK","SECURITY_CODE":"03800","SECURITY_NAME_ABBR":"协鑫科技","ORG_CODE":"10128330","STD_REPORT_DATE":"2021-12-31 00:00:00","REPORT_DATE":"2021-12-31 00:00:00","DATE_TYPE_CODE":"001","REPORT_TYPE":"2021年年报","PER_NETCASH_OPERATE":0.06946032231,"PER_OI":0.622472102159,"BPS":1.019142498238,"BASIC_EPS":0.2068,"DILUTED_EPS":0.2065,"OPERATE_INCOME":16868378000,"OPERATE_INCOME_YOY":34.262282869,"GROSS_PROFIT":5573974000,"GROSS_PROFIT_YOY":48.528722082119,"HOLDER_PROFIT":5083952000,"HOLDER_PROFIT_YOY":189.6978473725,"GROSS_PROFIT_RATIO":37.301214368297,"EPS_TTM":0.187606555219,"OPERATE_INCOME_QOQ":21.426971316498,"NET_PROFIT_RATIO":23.8654292334,"ROE_AVG":22.290638115439,"GROSS_PROFIT_QOQ":34.095238547149,"ROA":7.031706066987,"HOLDER_PROFIT_QOQ":501.84356566023,"ROE_YEARLY":22.290638115439,"ROIC_YEARLY":7.875305534998,"TOTAL_ASSETS":64097914000,"TOTAL_LIABILITIES":31796309000,"TAX_EBT":9.407373448647,"OCF_SALES":9.555833598758,"TOTAL_PARENT_EQUITY":29026013000,"DEBT_ASSET_RATIO":49.605840527,"OPERATE_PROFIT":3633203000,"PRETAX_PROFIT":5782613000,"NETCASH_OPERATE":1882306000,"NETCASH_INVEST":2203201000,"NETCASH_FINANCE":959195000,"END_CASH":6725667000,"DIVI_RATIO":null,"DIVIDEND_RATE":null,"CURRENT_RATIO":1.231179284642,"COMMON_ACS":50000000000,"CURRENTDEBT_DEBT":76.162591702075,"ISSUED_COMMON_SHARES":28480818973,"HK_COMMON_SHARES":28480818973,"PER_SHARES":1000,"TOTAL_MARKET_CAP":33322558198.41,"HKSK_MARKET_CAP":33322558198.41,"PE_TTM":-6.889695563219,"PB_TTM":0.739245045065,"REPORT_DATE_SQ":"2020-12-31 00:00:00","REPORT_TYPE_SQ":"2020年年报","OPERATE_INCOME_SQ":14671267000,"DPS_HKD":null,"OPERATE_INCOME_QOQ_SQ":-10.887347895956,"NET_PROFIT_RATIO_SQ":-42.8928543679,"HOLDER_PROFIT_SQ":-5667864000,"HOLDER_PROFIT_QOQ_SQ":-374.034449448633,"ROE_AVG_SQ":-29.186248003889,"PE_TTM_SQ":1.750333057894,"PB_TTM_SQ":0.549754106707,"ROA_SQ":-6.264914900783,"START_DATE":"2021-01-01 00:00:00","FISCAL_YEAR":"12-31","CURRENCY":"HKD","IS_CNY_CODE":0,"DPS_HKD_LY":null,"ORG_TYPE":"一般企业","PREMIUM_INCOME":null,"PREMIUM_INCOME_YOY":null,"NET_INTEREST_INCOME":null,"NET_INTEREST_INCOME_YOY":null,"FEE_COMMISSION_INCOME":null,"FEE_COMMISSION_INCOME_YOY":null,"ACCOUNTS_RECE_TDAYS":0.991815150684,"INVENTORY_TDAYS":17.162810831543,"CURRENT_ASSETS_TDAYS":0.6875867982,"TOTAL_ASSETS_TDAYS":0.272446300457,"PREMIUM_EXPENSE":null,"LOAN_DEPOSIT":null,"LOAN_EQUITY":null,"LOAN_ASSETS":null,"DEPOSIT_EQUITY":null,"DEPOSIT_ASSETS":null,"EQUITY_MULTIPLIER":1.984356938299,"EQUITY_RATIO":1.095441836948},{"SECUCODE":"03800.HK","SECURITY_CODE":"03800","SECURITY_NAME_ABBR":"协鑫科技","ORG_CODE":"10128330","STD_REPORT_DATE":"2021-06-30 00:00:00","REPORT_DATE":"2021-06-30 00:00:00","DATE_TYPE_CODE":"002","REPORT_TYPE":"2021年中报","PER_NETCASH_OPERATE":0.050755229373,"PER_OI":0.351257785167,"BPS":0.793954872626,"BASIC_EPS":0.099,"DILUTED_EPS":0.0989,"OPERATE_INCOME":8803371000,"OPERATE_INCOME_YOY":22.3111039032,"GROSS_PROFIT":3623947000,"GROSS_PROFIT_YOY":98.884878326664,"HOLDER_PROFIT":2406719000,"HOLDER_PROFIT_YOY":220.5778291252,"GROSS_PROFIT_RATIO":40.999927779526,"EPS_TTM":-0.050480236004,"OPERATE_INCOME_QOQ":10.952540282514,"NET_PROFIT_RATIO":28.7747443407,"ROE_AVG":12.278676148047,"GROSS_PROFIT_QOQ":48.000856773739,"ROA":3.178361009014,"HOLDER_PROFIT_QOQ":77.678416419307,"ROE_YEARLY":24.557352296095,"ROIC_YEARLY":6.944317427273,"TOTAL_ASSETS":70941133000,"TOTAL_LIABILITIES":43130849000,"TAX_EBT":2.822338188932,"OCF_SALES":14.490217998755,"TOTAL_PARENT_EQUITY":22612485000,"DEBT_ASSET_RATIO":60.7980831093,"OPERATE_PROFIT":2847043000,"PRETAX_PROFIT":2599405000,"NETCASH_OPERATE":1272049000,"NETCASH_INVEST":5332990000,"NETCASH_FINANCE":-5994069000,"END_CASH":2295804000,"DIVI_RATIO":null,"DIVIDEND_RATE":null,"CURRENT_RATIO":1.025798229448,"COMMON_ACS":50000000000,"CURRENTDEBT_DEBT":75.813907581555,"ISSUED_COMMON_SHARES":28480818973,"HK_COMMON_SHARES":28480818973,"PER_SHARES":1000,"TOTAL_MARKET_CAP":33322558198.41,"HKSK_MARKET_CAP":33322558198.41,"PE_TTM":-6.889695563219,"PB_TTM":0.739245045065,"REPORT_DATE_SQ":"2020-06-30 00:00:00","REPORT_TYPE_SQ":"2020年中报","OPERATE_INCOME_SQ":7177332000,"DPS_HKD":null,"OPERATE_INCOME_QOQ_SQ":-14.767018010381,"NET_PROFIT_RATIO_SQ":-26.8857169197,"HOLDER_PROFIT_SQ":-1995988000,"HOLDER_PROFIT_QOQ_SQ":-506.299472128271,"ROE_AVG_SQ":-9.33405446664,"PE_TTM_SQ":1.750333057894,"PB_TTM_SQ":0.549754106707,"ROA_SQ":-2.039855312888,"START_DATE":"2021-01-01 00:00:00","FISCAL_YEAR":"12-31","CURRENCY":"HKD","IS_CNY_CODE":0,"DPS_HKD_LY":null,"ORG_TYPE":"一般企业","PREMIUM_INCOME":null,"PREMIUM_INCOME_YOY":null,"NET_INTEREST_INCOME":null,"NET_INTEREST_INCOME_YOY":null,"FEE_COMMISSION_INCOME":null,"FEE_COMMISSION_INCOME_YOY":null,"ACCOUNTS_RECE_TDAYS":0.530349065285,"INVENTORY_TDAYS":6.911990434236,"CURRENT_ASSETS_TDAYS":0.287715002971,"TOTAL_ASSETS_TDAYS":0.115932915943,"PREMIUM_EXPENSE":null,"LOAN_DEPOSIT":null,"LOAN_EQUITY":null,"LOAN_ASSETS":null,"DEPOSIT_EQUITY":null,"DEPOSIT_ASSETS":null,"EQUITY_MULTIPLIER":2.550895668669,"EQUITY_RATIO":1.907390939121},{"SECUCODE":"03800.HK","SECURITY_CODE":"03800","SECURITY_NAME_ABBR":"协鑫科技","ORG_CODE":"10128330","STD_REPORT_DATE":"2020-12-31 00:00:00","REPORT_DATE":"2020-12-31 00:00:00","DATE_TYPE_CODE":"001","REPORT_TYPE":"2020年年报","PER_NETCASH_OPERATE":0.075165203466,"PER_OI":0.69385939018,"BPS":0.582466361509,"BASIC_EPS":-0.2806,"DILUTED_EPS":-0.2806,"OPERATE_INCOME":14671267000,"OPERATE_INCOME_YOY":-24.0466292817,"GROSS_PROFIT":3752792000,"GROSS_PROFIT_YOY":-19.78514136702,"HOLDER_PROFIT":-5667864000,"HOLDER_PROFIT_YOY":-2774.0683647132,"GROSS_PROFIT_RATIO":25.321987894454,"EPS_TTM":-0.268054603509,"OPERATE_INCOME_QOQ":-10.887347895956,"NET_PROFIT_RATIO":-42.8928543679,"ROE_AVG":-29.186248003889,"GROSS_PROFIT_QOQ":-10.319810149134,"ROA":-6.264914900783,"HOLDER_PROFIT_QOQ":-374.034449448633,"ROE_YEARLY":-29.186248003889,"ROIC_YEARLY":-6.69134081059,"TOTAL_ASSETS":80502897000,"TOTAL_LIABILITIES":60111692000,"TAX_EBT":-1.793546407867,"OCF_SALES":10.870355637363,"TOTAL_PARENT_EQUITY":16589119000,"DEBT_ASSET_RATIO":74.6702221164,"OPERATE_PROFIT":-3173473000,"PRETAX_PROFIT":-6160755000,"NETCASH_OPERATE":1589326000,"NETCASH_INVEST":2736637000,"NETCASH_FINANCE":-4158330000,"END_CASH":1757603000,"DIVI_RATIO":null,"DIVIDEND_RATE":null,"CURRENT_RATIO":0.615486025914,"COMMON_ACS":50000000000,"CURRENTDEBT_DEBT":74.276197382699,"ISSUED_COMMON_SHARES":28480818973,"HK_COMMON_SHARES":28480818973,"PER_SHARES":1000,"TOTAL_MARKET_CAP":33322558198.41,"HKSK_MARKET_CAP":33322558198.41,"PE_TTM":-6.889695563219,"PB_TTM":0.739245045065,"REPORT_DATE_SQ":"2019-12-31 00:00:00","REPORT_TYPE_SQ":"2019年年报","OPERATE_INCOME_SQ":19249621000,"DPS_HKD":null,"OPERATE_INCOME_QOQ_SQ":-1.464340394427,"NET_PROFIT_RATIO_SQ":0.5757775699,"HOLDER_PROFIT_SQ":-197207000,"HOLDER_PROFIT_QOQ_SQ":90.486612746522,"ROE_AVG_SQ":-0.894044219843,"PE_TTM_SQ":1.750333057894,"PB_TTM_SQ":0.549754106707,"ROA_SQ":-0.185231137359,"START_DATE":"2020-01-01 00:00:00","FISCAL_YEAR":"12-31","CURRENCY":"HKD","IS_CNY_CODE":0,"DPS_HKD_LY":null,"ORG_TYPE":"一般企业","PREMIUM_INCOME":null,"PREMIUM_INCOME_YOY":null,"NET_INTEREST_INCOME":null,"NET_INTEREST_INCOME_YOY":null,"FEE_COMMISSION_INCOME":null,"FEE_COMMISSION_INCOME_YOY":null,"ACCOUNTS_RECE_TDAYS":0.966966192687,"INVENTORY_TDAYS":17.61304289262,"CURRENT_ASSETS_TDAYS":0.566380885336,"TOTAL_ASSETS_TDAYS":0.161608794471,"PREMIUM_EXPENSE":null,"LOAN_DEPOSIT":null,"LOAN_EQUITY":null,"LOAN_ASSETS":null,"DEPOSIT_EQUITY":null,"DEPOSIT_ASSETS":null,"EQUITY_MULTIPLIER":3.947922498947,"EQUITY_RATIO":3.623561444101},{"SECUCODE":"03800.HK","SECURITY_CODE":"03800","SECURITY_NAME_ABBR":"协鑫科技","ORG_CODE":"10128330","STD_REPORT_DATE":"2020-06-30 00:00:00","REPORT_DATE":"2020-06-30 00:00:00","DATE_TYPE_CODE":"002","REPORT_TYPE":"2020年中报","PER_NETCASH_OPERATE":0.070599286979,"PER_OI":0.339497435994,"BPS":0.720404424446,"BASIC_EPS":-0.102,"DILUTED_EPS":-0.102,"OPERATE_INCOME":7177332000,"OPERATE_INCOME_YOY":-28.4207347952,"GROSS_PROFIT":1822133000,"GROSS_PROFIT_YOY":-22.599868403894,"HOLDER_PROFIT":-1995988000,"HOLDER_PROFIT_YOY":-100.0930297836,"GROSS_PROFIT_RATIO":25.19877808259,"EPS_TTM":-0.056556559151,"OPERATE_INCOME_QOQ":-14.767018010381,"NET_PROFIT_RATIO":-26.8857169197,"ROE_AVG":-9.33405446664,"GROSS_PROFIT_QOQ":-11.758914591983,"ROA":-2.039855312888,"HOLDER_PROFIT_QOQ":-506.299472128271,"ROE_YEARLY":-18.668108933279,"ROIC_YEARLY":-4.337202790835,"TOTAL_ASSETS":95262019000,"TOTAL_LIABILITIES":70201937000,"TAX_EBT":-3.148892341214,"OCF_SALES":20.847785519133,"TOTAL_PARENT_EQUITY":20517708000,"DEBT_ASSET_RATIO":73.6935220741,"OPERATE_PROFIT":-231064000,"PRETAX_PROFIT":-1866053000,"NETCASH_OPERATE":1492543000,"NETCASH_INVEST":-539743000,"NETCASH_FINANCE":-1382767000,"END_CASH":1126174000,"DIVI_RATIO":null,"DIVIDEND_RATE":null,"CURRENT_RATIO":0.644475307893,"COMMON_ACS":50000000000,"CURRENTDEBT_DEBT":67.079777300162,"ISSUED_COMMON_SHARES":28480818973,"HK_COMMON_SHARES":28480818973,"PER_SHARES":1000,"TOTAL_MARKET_CAP":33322558198.41,"HKSK_MARKET_CAP":33322558198.41,"PE_TTM":-6.889695563219,"PB_TTM":0.739245045065,"REPORT_DATE_SQ":"2019-06-30 00:00:00","REPORT_TYPE_SQ":"2019年中报","OPERATE_INCOME_SQ":10001835000,"DPS_HKD":null,"OPERATE_INCOME_QOQ_SQ":-5.007163719124,"NET_PROFIT_RATIO_SQ":-7.5122415037,"HOLDER_PROFIT_SQ":-997530000,"HOLDER_PROFIT_QOQ_SQ":-198.953704865453,"ROE_AVG_SQ":-4.606620523648,"PE_TTM_SQ":1.750333057894,"PB_TTM_SQ":0.549754106707,"ROA_SQ":-0.884027777418,"START_DATE":"2020-01-01 00:00:00","FISCAL_YEAR":"12-31","CURRENCY":"HKD","IS_CNY_CODE":0,"DPS_HKD_LY":null,"ORG_TYPE":"一般企业","PREMIUM_INCOME":null,"PREMIUM_INCOME_YOY":null,"NET_INTEREST_INCOME":null,"NET_INTEREST_INCOME_YOY":null,"FEE_COMMISSION_INCOME":null,"FEE_COMMISSION_INCOME_YOY":null,"ACCOUNTS_RECE_TDAYS":0.518177163486,"INVENTORY_TDAYS":7.627011006415,"CURRENT_ASSETS_TDAYS":0.262738003374,"TOTAL_ASSETS_TDAYS":0.073165839425,"PREMIUM_EXPENSE":null,"LOAN_DEPOSIT":null,"LOAN_EQUITY":null,"LOAN_ASSETS":null,"DEPOSIT_EQUITY":null,"DEPOSIT_ASSETS":null,"EQUITY_MULTIPLIER":3.801345063436,"EQUITY_RATIO":3.421529198096}],"count":38},"success":true,"message":"ok","code":0}