{"version":"c5123aad4d78f109ceaf6f53593dfd1b","result":{"pages":5,"data":[{"SECUCODE":"03808.HK","SECURITY_CODE":"03808","SECURITY_NAME_ABBR":"中国重汽","ORG_CODE":"10076680","STD_REPORT_DATE":"2024-06-30 00:00:00","REPORT_DATE":"2024-06-30 00:00:00","DATE_TYPE_CODE":"002","REPORT_TYPE":"2024年中报","PER_NETCASH_OPERATE":1.932809443841,"PER_OI":17.683215062621,"BPS":14.629366333288,"BASIC_EPS":1.2,"DILUTED_EPS":1.2,"OPERATE_INCOME":48823239000,"OPERATE_INCOME_YOY":18.0133007781,"GROSS_PROFIT":7158732000,"GROSS_PROFIT_YOY":9.876939053697,"HOLDER_PROFIT":3294302000,"HOLDER_PROFIT_YOY":39.7334195241,"GROSS_PROFIT_RATIO":14.662550348206,"EPS_TTM":2.265433571189,"OPERATE_INCOME_QOQ":8.716312602974,"NET_PROFIT_RATIO":7.3705474559,"ROE_AVG":8.16798684673,"GROSS_PROFIT_QOQ":4.520413812395,"ROA":2.588585489797,"HOLDER_PROFIT_QOQ":17.614162332574,"ROE_YEARLY":16.33597369346,"ROIC_YEARLY":6.657066604373,"TOTAL_ASSETS":132739774000,"TOTAL_LIABILITIES":84643970000,"TAX_EBT":13.502934762204,"OCF_SALES":10.930192484771,"TOTAL_PARENT_EQUITY":40391583000,"DEBT_ASSET_RATIO":63.7668480587,"OPERATE_PROFIT":4026163000,"PRETAX_PROFIT":4160303000,"NETCASH_OPERATE":5336474000,"NETCASH_INVEST":-4531584000,"NETCASH_FINANCE":-429355000,"END_CASH":15723705000,"DIVI_RATIO":0.715289770845,"DIVIDEND_RATE":8.273781902552,"CURRENT_RATIO":1.134059970668,"COMMON_ACS":null,"CURRENTDEBT_DEBT":98.400138840369,"ISSUED_COMMON_SHARES":2760993339,"HK_COMMON_SHARES":2760993339,"PER_SHARES":500,"TOTAL_MARKET_CAP":59499406455.45,"HKSK_MARKET_CAP":59499406455.45,"PE_TTM":8.59710165128,"PB_TTM":1.344436495192,"REPORT_DATE_SQ":"2023-06-30 00:00:00","REPORT_TYPE_SQ":"2023年中报","OPERATE_INCOME_SQ":41370963000,"DPS_HKD":1.783,"OPERATE_INCOME_QOQ_SQ":20.848061012874,"NET_PROFIT_RATIO_SQ":6.3370721624,"HOLDER_PROFIT_SQ":2357562000,"HOLDER_PROFIT_QOQ_SQ":60.702425839403,"ROE_AVG_SQ":6.466756645097,"PE_TTM_SQ":17.288417864761,"PB_TTM_SQ":1.312906931352,"ROA_SQ":2.17933346275,"START_DATE":"2024-01-01 00:00:00","FISCAL_YEAR":"12-31","CURRENCY":"HKD","IS_CNY_CODE":0,"DPS_HKD_LY":1.783,"ORG_TYPE":"一般企业","PREMIUM_INCOME":null,"PREMIUM_INCOME_YOY":null,"NET_INTEREST_INCOME":null,"NET_INTEREST_INCOME_YOY":null,"FEE_COMMISSION_INCOME":null,"FEE_COMMISSION_INCOME_YOY":null,"ACCOUNTS_RECE_TDAYS":2.338154159334,"INVENTORY_TDAYS":3.140605868597,"CURRENT_ASSETS_TDAYS":0.537930802878,"TOTAL_ASSETS_TDAYS":0.383641597037,"PREMIUM_EXPENSE":null,"LOAN_DEPOSIT":null,"LOAN_EQUITY":null,"LOAN_ASSETS":null,"DEPOSIT_EQUITY":null,"DEPOSIT_ASSETS":null,"EQUITY_MULTIPLIER":2.759903421099,"EQUITY_RATIO":2.095584369645},{"SECUCODE":"03808.HK","SECURITY_CODE":"03808","SECURITY_NAME_ABBR":"中国重汽","ORG_CODE":"10076680","STD_REPORT_DATE":"2023-12-31 00:00:00","REPORT_DATE":"2023-12-31 00:00:00","DATE_TYPE_CODE":"001","REPORT_TYPE":"2023年年报","PER_NETCASH_OPERATE":4.117487296843,"PER_OI":30.966403935971,"BPS":14.586113059797,"BASIC_EPS":1.93,"DILUTED_EPS":1.93,"OPERATE_INCOME":85498035000,"OPERATE_INCOME_YOY":43.9232466451,"GROSS_PROFIT":14235533000,"GROSS_PROFIT_YOY":42.261792871187,"HOLDER_PROFIT":5318107000,"HOLDER_PROFIT_YOY":217.9427164603,"GROSS_PROFIT_RATIO":16.650128859687,"EPS_TTM":1.9261571279,"OPERATE_INCOME_QOQ":19.324831190212,"NET_PROFIT_RATIO":6.8151870391,"ROE_AVG":13.957056329709,"GROSS_PROFIT_QOQ":17.430863981628,"ROA":4.680113773406,"HOLDER_PROFIT_QOQ":84.199958574893,"ROE_YEARLY":13.957056329709,"ROIC_YEARLY":6.1649780786,"TOTAL_ASSETS":121785488000,"TOTAL_LIABILITIES":73824957000,"TAX_EBT":15.340388432938,"OCF_SALES":13.296627226579,"TOTAL_PARENT_EQUITY":40272161000,"DEBT_ASSET_RATIO":60.6188456543,"OPERATE_PROFIT":6487101000,"PRETAX_PROFIT":6882681000,"NETCASH_OPERATE":11368355000,"NETCASH_INVEST":-11059192000,"NETCASH_FINANCE":-470962000,"END_CASH":15251508000,"DIVI_RATIO":0.84128207223,"DIVIDEND_RATE":8.031531531532,"CURRENT_RATIO":1.200423187291,"COMMON_ACS":null,"CURRENTDEBT_DEBT":98.245991528312,"ISSUED_COMMON_SHARES":2760993339,"HK_COMMON_SHARES":2760993339,"PER_SHARES":500,"TOTAL_MARKET_CAP":61294052125.8,"HKSK_MARKET_CAP":61294052125.8,"PE_TTM":8.856410981829,"PB_TTM":1.384987944002,"REPORT_DATE_SQ":"2022-12-31 00:00:00","REPORT_TYPE_SQ":"2022年年报","OPERATE_INCOME_SQ":59405299000,"DPS_HKD":1.783,"OPERATE_INCOME_QOQ_SQ":3.625581175497,"NET_PROFIT_RATIO_SQ":3.4587962885,"HOLDER_PROFIT_SQ":1672662000,"HOLDER_PROFIT_QOQ_SQ":-9.334457038465,"ROE_AVG_SQ":5.019756040685,"PE_TTM_SQ":13.709035284065,"PB_TTM_SQ":1.04108355012,"ROA_SQ":1.690905502177,"START_DATE":"2023-01-01 00:00:00","FISCAL_YEAR":"12-31","CURRENCY":"HKD","IS_CNY_CODE":0,"DPS_HKD_LY":0.33,"ORG_TYPE":"一般企业","PREMIUM_INCOME":null,"PREMIUM_INCOME_YOY":null,"NET_INTEREST_INCOME":null,"NET_INTEREST_INCOME_YOY":null,"FEE_COMMISSION_INCOME":null,"FEE_COMMISSION_INCOME_YOY":null,"ACCOUNTS_RECE_TDAYS":5.133830015282,"INVENTORY_TDAYS":5.311191426252,"CURRENT_ASSETS_TDAYS":1.025006759505,"TOTAL_ASSETS_TDAYS":0.752411584052,"PREMIUM_EXPENSE":null,"LOAN_DEPOSIT":null,"LOAN_EQUITY":null,"LOAN_ASSETS":null,"DEPOSIT_EQUITY":null,"DEPOSIT_ASSETS":null,"EQUITY_MULTIPLIER":2.539285647195,"EQUITY_RATIO":1.833151118958},{"SECUCODE":"03808.HK","SECURITY_CODE":"03808","SECURITY_NAME_ABBR":"中国重汽","ORG_CODE":"10076680","STD_REPORT_DATE":"2023-06-30 00:00:00","REPORT_DATE":"2023-06-30 00:00:00","DATE_TYPE_CODE":"002","REPORT_TYPE":"2023年中报","PER_NETCASH_OPERATE":1.099297834996,"PER_OI":14.984086493662,"BPS":13.567339142356,"BASIC_EPS":0.85,"DILUTED_EPS":0.85,"OPERATE_INCOME":41370963000,"OPERATE_INCOME_YOY":42.5824629248,"GROSS_PROFIT":6515227000,"GROSS_PROFIT_YOY":32.620545636672,"HOLDER_PROFIT":2357562000,"HOLDER_PROFIT_YOY":85.0317105614,"GROSS_PROFIT_RATIO":16.965664029769,"EPS_TTM":1.045688143908,"OPERATE_INCOME_QOQ":20.848061012874,"NET_PROFIT_RATIO":6.3370721624,"ROE_AVG":6.466756645097,"GROSS_PROFIT_QOQ":21.064788668816,"ROA":2.17933346275,"HOLDER_PROFIT_QOQ":60.702425839403,"ROE_YEARLY":12.933513290194,"ROIC_YEARLY":5.655049514586,"TOTAL_ASSETS":112303850000,"TOTAL_LIABILITIES":67587756000,"TAX_EBT":17.821073918591,"OCF_SALES":7.333209774414,"TOTAL_PARENT_EQUITY":37459333000,"DEBT_ASSET_RATIO":60.1829376286,"OPERATE_PROFIT":3033379000,"PRETAX_PROFIT":3159327000,"NETCASH_OPERATE":3020194000,"NETCASH_INVEST":-7149580000,"NETCASH_FINANCE":209927000,"END_CASH":11484742000,"DIVI_RATIO":1.549641228545,"DIVIDEND_RATE":8.031531531532,"CURRENT_RATIO":1.208086309834,"COMMON_ACS":null,"CURRENTDEBT_DEBT":98.20155591495,"ISSUED_COMMON_SHARES":2760993339,"HK_COMMON_SHARES":2760993339,"PER_SHARES":500,"TOTAL_MARKET_CAP":61294052125.8,"HKSK_MARKET_CAP":61294052125.8,"PE_TTM":8.856410981829,"PB_TTM":1.384987944002,"REPORT_DATE_SQ":"2022-06-30 00:00:00","REPORT_TYPE_SQ":"2022年中报","OPERATE_INCOME_SQ":29028227000,"DPS_HKD":1.783,"OPERATE_INCOME_QOQ_SQ":-38.712542175854,"NET_PROFIT_RATIO_SQ":5.4295944427,"HOLDER_PROFIT_SQ":1282538000,"HOLDER_PROFIT_QOQ_SQ":-54.152997486622,"ROE_AVG_SQ":3.609197386405,"PE_TTM_SQ":13.709035284065,"PB_TTM_SQ":1.04108355012,"ROA_SQ":1.231082257894,"START_DATE":"2023-01-01 00:00:00","FISCAL_YEAR":"12-31","CURRENCY":"HKD","IS_CNY_CODE":0,"DPS_HKD_LY":0.33,"ORG_TYPE":"一般企业","PREMIUM_INCOME":null,"PREMIUM_INCOME_YOY":null,"NET_INTEREST_INCOME":null,"NET_INTEREST_INCOME_YOY":null,"FEE_COMMISSION_INCOME":null,"FEE_COMMISSION_INCOME_YOY":null,"ACCOUNTS_RECE_TDAYS":2.604147699514,"INVENTORY_TDAYS":2.459272819896,"CURRENT_ASSETS_TDAYS":0.517555532543,"TOTAL_ASSETS_TDAYS":0.380096530037,"PREMIUM_EXPENSE":null,"LOAN_DEPOSIT":null,"LOAN_EQUITY":null,"LOAN_ASSETS":null,"DEPOSIT_EQUITY":null,"DEPOSIT_ASSETS":null,"EQUITY_MULTIPLIER":2.511486132936,"EQUITY_RATIO":1.804296835718},{"SECUCODE":"03808.HK","SECURITY_CODE":"03808","SECURITY_NAME_ABBR":"中国重汽","ORG_CODE":"10076680","STD_REPORT_DATE":"2022-12-31 00:00:00","REPORT_DATE":"2022-12-31 00:00:00","DATE_TYPE_CODE":"001","REPORT_TYPE":"2022年年报","PER_NETCASH_OPERATE":3.946050809361,"PER_OI":21.515915363098,"BPS":13.005822032517,"BASIC_EPS":0.61,"DILUTED_EPS":0.61,"OPERATE_INCOME":59405299000,"OPERATE_INCOME_YOY":-36.490515642,"GROSS_PROFIT":10006575000,"GROSS_PROFIT_YOY":-36.117795183178,"HOLDER_PROFIT":1672662000,"HOLDER_PROFIT_YOY":-58.4325662397,"GROSS_PROFIT_RATIO":16.888380679902,"EPS_TTM":0.650698418798,"OPERATE_INCOME_QOQ":3.625581175497,"NET_PROFIT_RATIO":3.4587962885,"ROE_AVG":5.019756040685,"GROSS_PROFIT_QOQ":2.578219447479,"ROA":1.690905502177,"HOLDER_PROFIT_QOQ":-9.334457038465,"ROE_YEARLY":5.019756040685,"ROIC_YEARLY":2.391744949765,"TOTAL_ASSETS":105642274000,"TOTAL_LIABILITIES":62610288000,"TAX_EBT":33.075060265059,"OCF_SALES":18.3756374475,"TOTAL_PARENT_EQUITY":35934553000,"DEBT_ASSET_RATIO":59.2631957463,"OPERATE_PROFIT":2787343000,"PRETAX_PROFIT":2895127000,"NETCASH_OPERATE":10899810000,"NETCASH_INVEST":-18617636000,"NETCASH_FINANCE":-1835706000,"END_CASH":15316645000,"DIVI_RATIO":2.49031104608,"DIVIDEND_RATE":8.031531531532,"CURRENT_RATIO":1.300796282532,"COMMON_ACS":null,"CURRENTDEBT_DEBT":98.090534258523,"ISSUED_COMMON_SHARES":2760993339,"HK_COMMON_SHARES":2760993339,"PER_SHARES":500,"TOTAL_MARKET_CAP":61294052125.8,"HKSK_MARKET_CAP":61294052125.8,"PE_TTM":8.856410981829,"PB_TTM":1.384987944002,"REPORT_DATE_SQ":"2021-12-31 00:00:00","REPORT_TYPE_SQ":"2021年年报","OPERATE_INCOME_SQ":93357031000,"DPS_HKD":1.783,"OPERATE_INCOME_QOQ_SQ":-22.569425402741,"NET_PROFIT_RATIO_SQ":5.0445713082,"HOLDER_PROFIT_SQ":4322071000,"HOLDER_PROFIT_QOQ_SQ":-42.620564202379,"ROE_AVG_SQ":12.752076559826,"PE_TTM_SQ":13.709035284065,"PB_TTM_SQ":1.04108355012,"ROA_SQ":3.964689979661,"START_DATE":"2022-01-01 00:00:00","FISCAL_YEAR":"12-31","CURRENCY":"HKD","IS_CNY_CODE":0,"DPS_HKD_LY":0.68,"ORG_TYPE":"一般企业","PREMIUM_INCOME":null,"PREMIUM_INCOME_YOY":null,"NET_INTEREST_INCOME":null,"NET_INTEREST_INCOME_YOY":null,"FEE_COMMISSION_INCOME":null,"FEE_COMMISSION_INCOME_YOY":null,"ACCOUNTS_RECE_TDAYS":2.94866516677,"INVENTORY_TDAYS":3.267338586839,"CURRENT_ASSETS_TDAYS":0.742333374926,"TOTAL_ASSETS_TDAYS":0.558032952438,"PREMIUM_EXPENSE":null,"LOAN_DEPOSIT":null,"LOAN_EQUITY":null,"LOAN_ASSETS":null,"DEPOSIT_EQUITY":null,"DEPOSIT_ASSETS":null,"EQUITY_MULTIPLIER":2.454782642674,"EQUITY_RATIO":1.742342196381},{"SECUCODE":"03808.HK","SECURITY_CODE":"03808","SECURITY_NAME_ABBR":"中国重汽","ORG_CODE":"10076680","STD_REPORT_DATE":"2022-06-30 00:00:00","REPORT_DATE":"2022-06-30 00:00:00","DATE_TYPE_CODE":"002","REPORT_TYPE":"2022年中报","PER_NETCASH_OPERATE":0.565569274631,"PER_OI":10.513689616692,"BPS":12.821252952686,"BASIC_EPS":0.46,"DILUTED_EPS":0.46,"OPERATE_INCOME":29028227000,"OPERATE_INCOME_YOY":-55.4570741625,"GROSS_PROFIT":4912683000,"GROSS_PROFIT_YOY":-54.57630914291,"HOLDER_PROFIT":1282538000,"HOLDER_PROFIT_YOY":-64.6007845835,"GROSS_PROFIT_RATIO":16.923813500563,"EPS_TTM":0.71769097448,"OPERATE_INCOME_QOQ":-38.712542175854,"NET_PROFIT_RATIO":5.4295944427,"ROE_AVG":3.609197386405,"GROSS_PROFIT_QOQ":-37.682085103623,"ROA":1.231082257894,"HOLDER_PROFIT_QOQ":-54.152997486622,"ROE_YEARLY":7.21839477281,"ROIC_YEARLY":3.597060146042,"TOTAL_ASSETS":101339498000,"TOTAL_LIABILITIES":58796699000,"TAX_EBT":19.894172472137,"OCF_SALES":5.379360578929,"TOTAL_PARENT_EQUITY":35399394000,"DEBT_ASSET_RATIO":58.0195285751,"OPERATE_PROFIT":1936731000,"PRETAX_PROFIT":1967541000,"NETCASH_OPERATE":1561533000,"NETCASH_INVEST":-5875491000,"NETCASH_FINANCE":-246233000,"END_CASH":20289858000,"DIVI_RATIO":2.257854031359,"DIVIDEND_RATE":8.031531531532,"CURRENT_RATIO":1.258528717663,"COMMON_ACS":null,"CURRENTDEBT_DEBT":97.866791807479,"ISSUED_COMMON_SHARES":2760993339,"HK_COMMON_SHARES":2760993339,"PER_SHARES":500,"TOTAL_MARKET_CAP":61294052125.8,"HKSK_MARKET_CAP":61294052125.8,"PE_TTM":8.856410981829,"PB_TTM":1.384987944002,"REPORT_DATE_SQ":"2021-06-30 00:00:00","REPORT_TYPE_SQ":"2021年中报","OPERATE_INCOME_SQ":65169107000,"DPS_HKD":1.783,"OPERATE_INCOME_QOQ_SQ":22.781228148419,"NET_PROFIT_RATIO_SQ":6.1944718684,"HOLDER_PROFIT_SQ":3623069000,"HOLDER_PROFIT_QOQ_SQ":9.954202043523,"ROE_AVG_SQ":10.793854079257,"PE_TTM_SQ":13.709035284065,"PB_TTM_SQ":1.04108355012,"ROA_SQ":3.078422827674,"START_DATE":"2022-01-01 00:00:00","FISCAL_YEAR":"12-31","CURRENCY":"HKD","IS_CNY_CODE":0,"DPS_HKD_LY":0.68,"ORG_TYPE":"一般企业","PREMIUM_INCOME":null,"PREMIUM_INCOME_YOY":null,"NET_INTEREST_INCOME":null,"NET_INTEREST_INCOME_YOY":null,"FEE_COMMISSION_INCOME":null,"FEE_COMMISSION_INCOME_YOY":null,"ACCOUNTS_RECE_TDAYS":1.421267057409,"INVENTORY_TDAYS":1.483006050331,"CURRENT_ASSETS_TDAYS":0.38094202678,"TOTAL_ASSETS_TDAYS":0.278636073456,"PREMIUM_EXPENSE":null,"LOAN_DEPOSIT":null,"LOAN_EQUITY":null,"LOAN_ASSETS":null,"DEPOSIT_EQUITY":null,"DEPOSIT_ASSETS":null,"EQUITY_MULTIPLIER":2.382059958019,"EQUITY_RATIO":1.660952133813},{"SECUCODE":"03808.HK","SECURITY_CODE":"03808","SECURITY_NAME_ABBR":"中国重汽","ORG_CODE":"10076680","STD_REPORT_DATE":"2021-12-31 00:00:00","REPORT_DATE":"2021-12-31 00:00:00","DATE_TYPE_CODE":"001","REPORT_TYPE":"2021年年报","PER_NETCASH_OPERATE":-1.162932903403,"PER_OI":33.812841806353,"BPS":12.919677674021,"BASIC_EPS":1.57,"DILUTED_EPS":1.57,"OPERATE_INCOME":93357031000,"OPERATE_INCOME_YOY":-4.9297895471,"GROSS_PROFIT":15664104000,"GROSS_PROFIT_YOY":-20.020738100956,"HOLDER_PROFIT":4322071000,"HOLDER_PROFIT_YOY":-36.9088992317,"GROSS_PROFIT_RATIO":16.778708397443,"EPS_TTM":1.565404356088,"OPERATE_INCOME_QOQ":-22.569425402741,"NET_PROFIT_RATIO":5.0445713082,"ROE_AVG":12.752076559826,"GROSS_PROFIT_QOQ":-28.229032904552,"ROA":3.964689979661,"HOLDER_PROFIT_QOQ":-42.620564202379,"ROE_YEARLY":12.752076559826,"ROIC_YEARLY":5.822794460679,"TOTAL_ASSETS":107019934000,"TOTAL_LIABILITIES":64251847000,"TAX_EBT":19.672327998125,"OCF_SALES":-3.439323172135,"TOTAL_PARENT_EQUITY":35671144000,"DEBT_ASSET_RATIO":60.0372702528,"OPERATE_PROFIT":5759896000,"PRETAX_PROFIT":5862814000,"NETCASH_OPERATE":-3210850000,"NETCASH_INVEST":-36682000,"NETCASH_FINANCE":1958209000,"END_CASH":24692404000,"DIVI_RATIO":1.035158394506,"DIVIDEND_RATE":8.031531531532,"CURRENT_RATIO":1.271827782309,"COMMON_ACS":null,"CURRENTDEBT_DEBT":97.878334921641,"ISSUED_COMMON_SHARES":2760993339,"HK_COMMON_SHARES":2760993339,"PER_SHARES":500,"TOTAL_MARKET_CAP":61294052125.8,"HKSK_MARKET_CAP":61294052125.8,"PE_TTM":8.856410981829,"PB_TTM":1.384987944002,"REPORT_DATE_SQ":"2020-12-31 00:00:00","REPORT_TYPE_SQ":"2020年年报","OPERATE_INCOME_SQ":98197985000,"DPS_HKD":1.783,"OPERATE_INCOME_QOQ_SQ":39.482011699713,"NET_PROFIT_RATIO_SQ":7.5598801747,"HOLDER_PROFIT_SQ":6850524000,"HOLDER_PROFIT_QOQ_SQ":83.224303152314,"ROE_AVG_SQ":23.430748196013,"PE_TTM_SQ":13.709035284065,"PB_TTM_SQ":1.04108355012,"ROA_SQ":7.742508476819,"START_DATE":"2021-01-01 00:00:00","FISCAL_YEAR":"12-31","CURRENCY":"HKD","IS_CNY_CODE":0,"DPS_HKD_LY":1.04,"ORG_TYPE":"一般企业","PREMIUM_INCOME":null,"PREMIUM_INCOME_YOY":null,"NET_INTEREST_INCOME":null,"NET_INTEREST_INCOME_YOY":null,"FEE_COMMISSION_INCOME":null,"FEE_COMMISSION_INCOME_YOY":null,"ACCOUNTS_RECE_TDAYS":4.216128387179,"INVENTORY_TDAYS":4.146038310534,"CURRENT_ASSETS_TDAYS":1.138097290359,"TOTAL_ASSETS_TDAYS":0.856375763694,"PREMIUM_EXPENSE":null,"LOAN_DEPOSIT":null,"LOAN_EQUITY":null,"LOAN_ASSETS":null,"DEPOSIT_EQUITY":null,"DEPOSIT_ASSETS":null,"EQUITY_MULTIPLIER":2.502331563249,"EQUITY_RATIO":1.801227541231},{"SECUCODE":"03808.HK","SECURITY_CODE":"03808","SECURITY_NAME_ABBR":"中国重汽","ORG_CODE":"10076680","STD_REPORT_DATE":"2021-06-30 00:00:00","REPORT_DATE":"2021-06-30 00:00:00","DATE_TYPE_CODE":"002","REPORT_TYPE":"2021年中报","PER_NETCASH_OPERATE":0.090218254598,"PER_OI":23.603500261831,"BPS":12.682777790649,"BASIC_EPS":1.31,"DILUTED_EPS":1.31,"OPERATE_INCOME":65169107000,"OPERATE_INCOME_YOY":52.2699610266,"GROSS_PROFIT":10815244000,"GROSS_PROFIT_YOY":26.120514382837,"HOLDER_PROFIT":3623069000,"HOLDER_PROFIT_YOY":23.1852871356,"GROSS_PROFIT_RATIO":16.595660885763,"EPS_TTM":2.72816268464,"OPERATE_INCOME_QOQ":22.781228148419,"NET_PROFIT_RATIO":6.1944718684,"ROE_AVG":10.793854079257,"GROSS_PROFIT_QOQ":11.436790022184,"ROA":3.078422827674,"HOLDER_PROFIT_QOQ":9.954202043523,"ROE_YEARLY":21.587708158513,"ROIC_YEARLY":9.115914132366,"TOTAL_ASSETS":124376493000,"TOTAL_LIABILITIES":81849009000,"TAX_EBT":23.952484077969,"OCF_SALES":0.382224049809,"TOTAL_PARENT_EQUITY":35017065000,"DEBT_ASSET_RATIO":65.8074584882,"OPERATE_PROFIT":5238261000,"PRETAX_PROFIT":5308368000,"NETCASH_OPERATE":249092000,"NETCASH_INVEST":-2420461000,"NETCASH_FINANCE":4805105000,"END_CASH":28652228000,"DIVI_RATIO":0.593968046379,"DIVIDEND_RATE":8.031531531532,"CURRENT_RATIO":1.175961802404,"COMMON_ACS":null,"CURRENTDEBT_DEBT":98.488649996972,"ISSUED_COMMON_SHARES":2760993339,"HK_COMMON_SHARES":2760993339,"PER_SHARES":500,"TOTAL_MARKET_CAP":61294052125.8,"HKSK_MARKET_CAP":61294052125.8,"PE_TTM":8.856410981829,"PB_TTM":1.384987944002,"REPORT_DATE_SQ":"2020-06-30 00:00:00","REPORT_TYPE_SQ":"2020年中报","OPERATE_INCOME_SQ":42798400000,"DPS_HKD":1.783,"OPERATE_INCOME_QOQ_SQ":13.137752683301,"NET_PROFIT_RATIO_SQ":7.2865060376,"HOLDER_PROFIT_SQ":2941154000,"HOLDER_PROFIT_QOQ_SQ":12.150690774535,"ROE_AVG_SQ":10.770886474264,"PE_TTM_SQ":13.709035284065,"PB_TTM_SQ":1.04108355012,"ROA_SQ":3.775647520615,"START_DATE":"2021-01-01 00:00:00","FISCAL_YEAR":"12-31","CURRENCY":"HKD","IS_CNY_CODE":0,"DPS_HKD_LY":1.04,"ORG_TYPE":"一般企业","PREMIUM_INCOME":null,"PREMIUM_INCOME_YOY":null,"NET_INTEREST_INCOME":null,"NET_INTEREST_INCOME_YOY":null,"FEE_COMMISSION_INCOME":null,"FEE_COMMISSION_INCOME_YOY":null,"ACCOUNTS_RECE_TDAYS":2.724606907251,"INVENTORY_TDAYS":2.963690097366,"CURRENT_ASSETS_TDAYS":0.728670837542,"TOTAL_ASSETS_TDAYS":0.55372411248,"PREMIUM_EXPENSE":null,"LOAN_DEPOSIT":null,"LOAN_EQUITY":null,"LOAN_ASSETS":null,"DEPOSIT_EQUITY":null,"DEPOSIT_ASSETS":null,"EQUITY_MULTIPLIER":2.924614421115,"EQUITY_RATIO":2.33740346314},{"SECUCODE":"03808.HK","SECURITY_CODE":"03808","SECURITY_NAME_ABBR":"中国重汽","ORG_CODE":"10076680","STD_REPORT_DATE":"2020-12-31 00:00:00","REPORT_DATE":"2020-12-31 00:00:00","DATE_TYPE_CODE":"001","REPORT_TYPE":"2020年年报","PER_NETCASH_OPERATE":7.059667158436,"PER_OI":35.566179611127,"BPS":11.631686156705,"BASIC_EPS":2.48,"DILUTED_EPS":2.48,"OPERATE_INCOME":98197985000,"OPERATE_INCOME_YOY":56.8319716488,"GROSS_PROFIT":19585207000,"GROSS_PROFIT_YOY":60.280425993618,"HOLDER_PROFIT":6850524000,"HOLDER_PROFIT_YOY":97.1835704824,"GROSS_PROFIT_RATIO":19.944611898096,"EPS_TTM":2.481180922545,"OPERATE_INCOME_QOQ":39.482011699713,"NET_PROFIT_RATIO":7.5598801747,"ROE_AVG":23.430748196013,"GROSS_PROFIT_QOQ":44.685353498006,"ROA":7.742508476819,"HOLDER_PROFIT_QOQ":83.224303152314,"ROE_YEARLY":23.430748196013,"ROIC_YEARLY":11.283133155254,"TOTAL_ASSETS":111008261000,"TOTAL_LIABILITIES":75328854000,"TAX_EBT":22.271386585109,"OCF_SALES":19.849382856481,"TOTAL_PARENT_EQUITY":32115008000,"DEBT_ASSET_RATIO":67.8587821496,"OPERATE_PROFIT":9470648000,"PRETAX_PROFIT":9550730000,"NETCASH_OPERATE":19491694000,"NETCASH_INVEST":-5902836000,"NETCASH_FINANCE":-3308330000,"END_CASH":26049064000,"DIVI_RATIO":0.65309282579,"DIVIDEND_RATE":8.031531531532,"CURRENT_RATIO":1.138178766531,"COMMON_ACS":null,"CURRENTDEBT_DEBT":98.060206783446,"ISSUED_COMMON_SHARES":2760993339,"HK_COMMON_SHARES":2760993339,"PER_SHARES":500,"TOTAL_MARKET_CAP":61294052125.8,"HKSK_MARKET_CAP":61294052125.8,"PE_TTM":8.856410981829,"PB_TTM":1.384987944002,"REPORT_DATE_SQ":"2019-12-31 00:00:00","REPORT_TYPE_SQ":"2019年年报","OPERATE_INCOME_SQ":62613499000,"DPS_HKD":1.783,"OPERATE_INCOME_QOQ_SQ":0.349535778615,"NET_PROFIT_RATIO_SQ":6.0675988195,"HOLDER_PROFIT_SQ":3474186000,"HOLDER_PROFIT_QOQ_SQ":-24.553784096883,"ROE_AVG_SQ":12.640069505721,"PE_TTM_SQ":13.709035284065,"PB_TTM_SQ":1.04108355012,"ROA_SQ":5.224116415737,"START_DATE":"2020-01-01 00:00:00","FISCAL_YEAR":"12-31","CURRENCY":"HKD","IS_CNY_CODE":0,"DPS_HKD_LY":0.39,"ORG_TYPE":"一般企业","PREMIUM_INCOME":null,"PREMIUM_INCOME_YOY":null,"NET_INTEREST_INCOME":null,"NET_INTEREST_INCOME_YOY":null,"FEE_COMMISSION_INCOME":null,"FEE_COMMISSION_INCOME_YOY":null,"ACCOUNTS_RECE_TDAYS":5.545946056153,"INVENTORY_TDAYS":5.149564844067,"CURRENT_ASSETS_TDAYS":1.484649288253,"TOTAL_ASSETS_TDAYS":1.109840256408,"PREMIUM_EXPENSE":null,"LOAN_DEPOSIT":null,"LOAN_EQUITY":null,"LOAN_ASSETS":null,"DEPOSIT_EQUITY":null,"DEPOSIT_ASSETS":null,"EQUITY_MULTIPLIER":3.111269786523,"EQUITY_RATIO":2.345596613272},{"SECUCODE":"03808.HK","SECURITY_CODE":"03808","SECURITY_NAME_ABBR":"中国重汽","ORG_CODE":"10076680","STD_REPORT_DATE":"2020-06-30 00:00:00","REPORT_DATE":"2020-06-30 00:00:00","DATE_TYPE_CODE":"002","REPORT_TYPE":"2020年中报","PER_NETCASH_OPERATE":4.880206630589,"PER_OI":15.501087740944,"BPS":10.233053662575,"BASIC_EPS":1.07,"DILUTED_EPS":1.07,"OPERATE_INCOME":42798400000,"OPERATE_INCOME_YOY":23.6118812673,"GROSS_PROFIT":8575325000,"GROSS_PROFIT_YOY":24.541447057223,"HOLDER_PROFIT":2941154000,"HOLDER_PROFIT_YOY":15.9726743097,"GROSS_PROFIT_RATIO":20.036555104864,"EPS_TTM":1.354176754861,"OPERATE_INCOME_QOQ":13.137752683301,"NET_PROFIT_RATIO":7.2865060376,"ROE_AVG":10.770886474264,"GROSS_PROFIT_QOQ":14.264050457654,"ROA":3.775647520615,"HOLDER_PROFIT_QOQ":12.150690774535,"ROE_YEARLY":21.541772948528,"ROIC_YEARLY":11.040346110429,"TOTAL_ASSETS":89845493000,"TOTAL_LIABILITIES":58381631000,"TAX_EBT":23.540062722241,"OCF_SALES":31.48299469139,"TOTAL_PARENT_EQUITY":28253393000,"DEBT_ASSET_RATIO":64.9800329995,"OPERATE_PROFIT":4008563000,"PRETAX_PROFIT":4078617000,"NETCASH_OPERATE":13474218000,"NETCASH_INVEST":-5138732000,"NETCASH_FINANCE":-2322142000,"END_CASH":21958144000,"DIVI_RATIO":1.196624778991,"DIVIDEND_RATE":8.031531531532,"CURRENT_RATIO":1.219478469272,"COMMON_ACS":null,"CURRENTDEBT_DEBT":97.490609674814,"ISSUED_COMMON_SHARES":2760993339,"HK_COMMON_SHARES":2760993339,"PER_SHARES":500,"TOTAL_MARKET_CAP":61294052125.8,"HKSK_MARKET_CAP":61294052125.8,"PE_TTM":8.856410981829,"PB_TTM":1.384987944002,"REPORT_DATE_SQ":"2019-06-30 00:00:00","REPORT_TYPE_SQ":"2019年中报","OPERATE_INCOME_SQ":34623209000,"DPS_HKD":1.783,"OPERATE_INCOME_QOQ_SQ":0.36464386868,"NET_PROFIT_RATIO_SQ":7.8698484515,"HOLDER_PROFIT_SQ":2536075000,"HOLDER_PROFIT_QOQ_SQ":1.708441275208,"ROE_AVG_SQ":9.604953679074,"PE_TTM_SQ":13.709035284065,"PB_TTM_SQ":1.04108355012,"ROA_SQ":3.896596394268,"START_DATE":"2020-01-01 00:00:00","FISCAL_YEAR":"12-31","CURRENCY":"HKD","IS_CNY_CODE":0,"DPS_HKD_LY":0.39,"ORG_TYPE":"一般企业","PREMIUM_INCOME":null,"PREMIUM_INCOME_YOY":null,"NET_INTEREST_INCOME":null,"NET_INTEREST_INCOME_YOY":null,"FEE_COMMISSION_INCOME":null,"FEE_COMMISSION_INCOME_YOY":null,"ACCOUNTS_RECE_TDAYS":2.410353395517,"INVENTORY_TDAYS":2.797569406921,"CURRENT_ASSETS_TDAYS":0.727749894298,"TOTAL_ASSETS_TDAYS":0.549415885215,"PREMIUM_EXPENSE":null,"LOAN_DEPOSIT":null,"LOAN_EQUITY":null,"LOAN_ASSETS":null,"DEPOSIT_EQUITY":null,"DEPOSIT_ASSETS":null,"EQUITY_MULTIPLIER":2.855513827257,"EQUITY_RATIO":2.066358224656}],"count":40},"success":true,"message":"ok","code":0}