{"version":"f23823de71b4b6c241ad08ee1a7cd58a","result":{"pages":5,"data":[{"SECUCODE":"03818.HK","SECURITY_CODE":"03818","SECURITY_NAME_ABBR":"中国动向","ORG_CODE":"10096779","STD_REPORT_DATE":"2024-06-30 00:00:00","REPORT_DATE":"2024-09-30 00:00:00","DATE_TYPE_CODE":"002","REPORT_TYPE":"2024年中报","PER_NETCASH_OPERATE":-0.001038460574,"PER_OI":0.127198172014,"BPS":1.5516299468,"BASIC_EPS":0.0234,"DILUTED_EPS":0.0234,"OPERATE_INCOME":748887000,"OPERATE_INCOME_YOY":-3.4930727468,"GROSS_PROFIT":516144000,"GROSS_PROFIT_YOY":-3.783281976143,"HOLDER_PROFIT":136965000,"HOLDER_PROFIT_YOY":133.4294982097,"GROSS_PROFIT_RATIO":68.921479475542,"EPS_TTM":-0.108594882887,"OPERATE_INCOME_QOQ":0,"NET_PROFIT_RATIO":18.2891410854,"ROE_AVG":1.504277247857,"GROSS_PROFIT_QOQ":0,"ROA":1.389319358281,"HOLDER_PROFIT_QOQ":0,"ROE_YEARLY":3.008554495715,"ROIC_YEARLY":4.053593618842,"TOTAL_ASSETS":9976286000,"TOTAL_LIABILITIES":840970000,"TAX_EBT":14.996152127501,"OCF_SALES":-0.816411554747,"TOTAL_PARENT_EQUITY":9135316000,"DEBT_ASSET_RATIO":8.4296901673,"OPERATE_PROFIT":162445000,"PRETAX_PROFIT":161128000,"NETCASH_OPERATE":-6114000,"NETCASH_INVEST":-263429000,"NETCASH_FINANCE":-48078000,"END_CASH":1436779000,"DIVI_RATIO":-0.109860461956,"DIVIDEND_RATE":3.428571428571,"CURRENT_RATIO":7.172102042321,"COMMON_ACS":10000000000,"CURRENTDEBT_DEBT":80.639023984209,"ISSUED_COMMON_SHARES":5887561025,"HK_COMMON_SHARES":5887561025,"PER_SHARES":1000,"TOTAL_MARKET_CAP":2266710994.625,"HKSK_MARKET_CAP":2266710994.625,"PE_TTM":-21.205133690332,"PB_TTM":0.223757701194,"REPORT_DATE_SQ":"2023-06-30 00:00:00","REPORT_TYPE_SQ":"2023年中报","OPERATE_INCOME_SQ":775993000,"DPS_HKD":0.0132,"OPERATE_INCOME_QOQ_SQ":0,"NET_PROFIT_RATIO_SQ":-52.7985432858,"HOLDER_PROFIT_SQ":-409713000,"HOLDER_PROFIT_QOQ_SQ":0,"ROE_AVG_SQ":-4.300027665397,"PE_TTM_SQ":26.193971406809,"PB_TTM_SQ":0.172591544406,"ROA_SQ":-3.93541022012,"START_DATE":"2024-04-01 00:00:00","FISCAL_YEAR":"3-31","CURRENCY":"HKD","IS_CNY_CODE":0,"DPS_HKD_LY":0.0132,"ORG_TYPE":"一般企业","PREMIUM_INCOME":null,"PREMIUM_INCOME_YOY":null,"NET_INTEREST_INCOME":null,"NET_INTEREST_INCOME_YOY":null,"FEE_COMMISSION_INCOME":null,"FEE_COMMISSION_INCOME_YOY":null,"ACCOUNTS_RECE_TDAYS":5.687994166838,"INVENTORY_TDAYS":0.687153460523,"CURRENT_ASSETS_TDAYS":0.160163746695,"TOTAL_ASSETS_TDAYS":0.075964166485,"PREMIUM_EXPENSE":null,"LOAN_DEPOSIT":null,"LOAN_EQUITY":null,"LOAN_ASSETS":null,"DEPOSIT_EQUITY":null,"DEPOSIT_ASSETS":null,"EQUITY_MULTIPLIER":1.092057023534,"EQUITY_RATIO":0.092057023534},{"SECUCODE":"03818.HK","SECURITY_CODE":"03818","SECURITY_NAME_ABBR":"中国动向","ORG_CODE":"10096779","STD_REPORT_DATE":"2023-12-31 00:00:00","REPORT_DATE":"2024-03-31 00:00:00","DATE_TYPE_CODE":"001","REPORT_TYPE":"2023年年报","PER_NETCASH_OPERATE":0.033783768721,"PER_OI":0.296221642985,"BPS":1.541344193541,"BASIC_EPS":-0.109,"DILUTED_EPS":-0.109,"OPERATE_INCOME":1744023000,"OPERATE_INCOME_YOY":3.8779188476,"GROSS_PROFIT":1192292000,"GROSS_PROFIT_YOY":12.105564038723,"HOLDER_PROFIT":-639359000,"HOLDER_PROFIT_YOY":-655.9788516222,"GROSS_PROFIT_RATIO":68.36446537689,"EPS_TTM":0.008710567887,"OPERATE_INCOME_QOQ":0,"NET_PROFIT_RATIO":-36.6600096444,"ROE_AVG":-6.823393146084,"GROSS_PROFIT_QOQ":0,"ROA":-6.293712557933,"HOLDER_PROFIT_QOQ":0,"ROE_YEARLY":-6.823393146084,"ROIC_YEARLY":-8.683284983004,"TOTAL_ASSETS":9740563000,"TOTAL_LIABILITIES":665805000,"TAX_EBT":15.830401996819,"OCF_SALES":11.404895462961,"TOTAL_PARENT_EQUITY":9074758000,"DEBT_ASSET_RATIO":6.8353851826,"OPERATE_PROFIT":-778219000,"PRETAX_PROFIT":-759608000,"NETCASH_OPERATE":198904000,"NETCASH_INVEST":-923979000,"NETCASH_FINANCE":-109808000,"END_CASH":1764656000,"DIVI_RATIO":1.369633318298,"DIVIDEND_RATE":3.384615384615,"CURRENT_RATIO":9.011395376389,"COMMON_ACS":10000000000,"CURRENTDEBT_DEBT":74.798026449186,"ISSUED_COMMON_SHARES":5887561025,"HK_COMMON_SHARES":5887561025,"PER_SHARES":1000,"TOTAL_MARKET_CAP":2296148799.75,"HKSK_MARKET_CAP":2296148799.75,"PE_TTM":-21.480525036959,"PB_TTM":0.226663645366,"REPORT_DATE_SQ":"2022-12-31 00:00:00","REPORT_TYPE_SQ":"2022年年报","OPERATE_INCOME_SQ":1678916000,"DPS_HKD":0.0132,"OPERATE_INCOME_QOQ_SQ":0,"NET_PROFIT_RATIO_SQ":6.8494790686,"HOLDER_PROFIT_SQ":114997000,"HOLDER_PROFIT_QOQ_SQ":0,"ROE_AVG_SQ":1.209454669482,"PE_TTM_SQ":26.630537596922,"PB_TTM_SQ":0.175468070146,"ROA_SQ":1.091984166576,"START_DATE":"2023-04-01 00:00:00","FISCAL_YEAR":"3-31","CURRENCY":"HKD","IS_CNY_CODE":0,"DPS_HKD_LY":0.013,"ORG_TYPE":"一般企业","PREMIUM_INCOME":null,"PREMIUM_INCOME_YOY":null,"NET_INTEREST_INCOME":null,"NET_INTEREST_INCOME_YOY":null,"FEE_COMMISSION_INCOME":null,"FEE_COMMISSION_INCOME_YOY":null,"ACCOUNTS_RECE_TDAYS":11.959124197707,"INVENTORY_TDAYS":1.772743630113,"CURRENT_ASSETS_TDAYS":0.376795168184,"TOTAL_ASSETS_TDAYS":0.171677875128,"PREMIUM_EXPENSE":null,"LOAN_DEPOSIT":null,"LOAN_EQUITY":null,"LOAN_ASSETS":null,"DEPOSIT_EQUITY":null,"DEPOSIT_ASSETS":null,"EQUITY_MULTIPLIER":1.073368898653,"EQUITY_RATIO":0.073368898653},{"SECUCODE":"03818.HK","SECURITY_CODE":"03818","SECURITY_NAME_ABBR":"中国动向","ORG_CODE":"10096779","STD_REPORT_DATE":"2023-06-30 00:00:00","REPORT_DATE":"2023-09-30 00:00:00","DATE_TYPE_CODE":"002","REPORT_TYPE":"2023年中报","PER_NETCASH_OPERATE":0.025812726077,"PER_OI":0.131802115801,"BPS":1.595031789925,"BASIC_EPS":-0.0699,"DILUTED_EPS":-0.0699,"OPERATE_INCOME":775993000,"OPERATE_INCOME_YOY":-0.044568159,"GROSS_PROFIT":536439000,"GROSS_PROFIT_YOY":10.761044844225,"HOLDER_PROFIT":-409713000,"HOLDER_PROFIT_YOY":-18.4141618497,"GROSS_PROFIT_RATIO":69.129360702996,"EPS_TTM":0.019532196696,"OPERATE_INCOME_QOQ":0,"NET_PROFIT_RATIO":-52.7985432858,"ROE_AVG":-4.300027665397,"GROSS_PROFIT_QOQ":0,"ROA":-3.93541022012,"HOLDER_PROFIT_QOQ":0,"ROE_YEARLY":-8.600055330795,"ROIC_YEARLY":-10.569546869242,"TOTAL_ASSETS":10245045000,"TOTAL_LIABILITIES":854198000,"TAX_EBT":7.187160202972,"OCF_SALES":19.584455014414,"TOTAL_PARENT_EQUITY":9390847000,"DEBT_ASSET_RATIO":8.3376695759,"OPERATE_PROFIT":-471481000,"PRETAX_PROFIT":-441440000,"NETCASH_OPERATE":151974000,"NETCASH_INVEST":-762568000,"NETCASH_FINANCE":-52639000,"END_CASH":1960862000,"DIVI_RATIO":0.610800934769,"DIVIDEND_RATE":3.384615384615,"CURRENT_RATIO":8.556184855467,"COMMON_ACS":10000000000,"CURRENTDEBT_DEBT":65.896080299884,"ISSUED_COMMON_SHARES":5887561025,"HK_COMMON_SHARES":5887561025,"PER_SHARES":1000,"TOTAL_MARKET_CAP":2296148799.75,"HKSK_MARKET_CAP":2296148799.75,"PE_TTM":-21.480525036959,"PB_TTM":0.226663645366,"REPORT_DATE_SQ":"2022-06-30 00:00:00","REPORT_TYPE_SQ":"2022年中报","OPERATE_INCOME_SQ":776339000,"DPS_HKD":0.0132,"OPERATE_INCOME_QOQ_SQ":0,"NET_PROFIT_RATIO_SQ":-49.749787142,"HOLDER_PROFIT_SQ":-346000000,"HOLDER_PROFIT_QOQ_SQ":0,"ROE_AVG_SQ":-4.129661228394,"PE_TTM_SQ":26.630537596922,"PB_TTM_SQ":0.175468070146,"ROA_SQ":-3.706238650018,"START_DATE":"2023-04-01 00:00:00","FISCAL_YEAR":"3-31","CURRENCY":"HKD","IS_CNY_CODE":0,"DPS_HKD_LY":0.013,"ORG_TYPE":"一般企业","PREMIUM_INCOME":null,"PREMIUM_INCOME_YOY":null,"NET_INTEREST_INCOME":null,"NET_INTEREST_INCOME_YOY":null,"FEE_COMMISSION_INCOME":null,"FEE_COMMISSION_INCOME_YOY":null,"ACCOUNTS_RECE_TDAYS":5.293772938753,"INVENTORY_TDAYS":0.689905033443,"CURRENT_ASSETS_TDAYS":0.161909489275,"TOTAL_ASSETS_TDAYS":0.074536340876,"PREMIUM_EXPENSE":null,"LOAN_DEPOSIT":null,"LOAN_EQUITY":null,"LOAN_ASSETS":null,"DEPOSIT_EQUITY":null,"DEPOSIT_ASSETS":null,"EQUITY_MULTIPLIER":1.090960698221,"EQUITY_RATIO":0.09096069822},{"SECUCODE":"03818.HK","SECURITY_CODE":"03818","SECURITY_NAME_ABBR":"中国动向","ORG_CODE":"10096779","STD_REPORT_DATE":"2022-12-31 00:00:00","REPORT_DATE":"2023-03-31 00:00:00","DATE_TYPE_CODE":"001","REPORT_TYPE":"2022年年报","PER_NETCASH_OPERATE":0.017004494658,"PER_OI":0.285163243807,"BPS":1.641672835145,"BASIC_EPS":0.0196,"DILUTED_EPS":0.0196,"OPERATE_INCOME":1678916000,"OPERATE_INCOME_YOY":-12.3617828144,"GROSS_PROFIT":1063544000,"GROSS_PROFIT_YOY":-5.224764408403,"HOLDER_PROFIT":114997000,"HOLDER_PROFIT_YOY":106.4480225361,"GROSS_PROFIT_RATIO":63.347064415373,"EPS_TTM":-0.235279429651,"OPERATE_INCOME_QOQ":0,"NET_PROFIT_RATIO":6.8494790686,"ROE_AVG":1.209454669482,"GROSS_PROFIT_QOQ":0,"ROA":1.091984166576,"HOLDER_PROFIT_QOQ":0,"ROE_YEARLY":1.209454669482,"ROIC_YEARLY":1.354494226023,"TOTAL_ASSETS":10576825000,"TOTAL_LIABILITIES":911376000,"TAX_EBT":33.910529764026,"OCF_SALES":5.963073792852,"TOTAL_PARENT_EQUITY":9665449000,"DEBT_ASSET_RATIO":8.6167257187,"OPERATE_PROFIT":137848000,"PRETAX_PROFIT":174002000,"NETCASH_OPERATE":101601000,"NETCASH_INVEST":1175574000,"NETCASH_FINANCE":-307860000,"END_CASH":2558024000,"DIVI_RATIO":-0.050706872325,"DIVIDEND_RATE":3.384615384615,"CURRENT_RATIO":8.399274082345,"COMMON_ACS":10000000000,"CURRENTDEBT_DEBT":62.305020101473,"ISSUED_COMMON_SHARES":5887561025,"HK_COMMON_SHARES":5887561025,"PER_SHARES":1000,"TOTAL_MARKET_CAP":2296148799.75,"HKSK_MARKET_CAP":2296148799.75,"PE_TTM":-21.480525036959,"PB_TTM":0.226663645366,"REPORT_DATE_SQ":"2021-12-31 00:00:00","REPORT_TYPE_SQ":"2021年年报","OPERATE_INCOME_SQ":1915735000,"DPS_HKD":0.0132,"OPERATE_INCOME_QOQ_SQ":0,"NET_PROFIT_RATIO_SQ":-91.2808399909,"HOLDER_PROFIT_SQ":-1783446000,"HOLDER_PROFIT_QOQ_SQ":0,"ROE_AVG_SQ":-16.730253083596,"PE_TTM_SQ":26.630537596922,"PB_TTM_SQ":0.175468070146,"ROA_SQ":-15.110016904387,"START_DATE":"2022-04-01 00:00:00","FISCAL_YEAR":"3-31","CURRENCY":"HKD","IS_CNY_CODE":0,"DPS_HKD_LY":0.0127,"ORG_TYPE":"一般企业","PREMIUM_INCOME":null,"PREMIUM_INCOME_YOY":null,"NET_INTEREST_INCOME":null,"NET_INTEREST_INCOME_YOY":null,"FEE_COMMISSION_INCOME":null,"FEE_COMMISSION_INCOME_YOY":null,"ACCOUNTS_RECE_TDAYS":11.08056415367,"INVENTORY_TDAYS":1.675701360854,"CURRENT_ASSETS_TDAYS":0.334345680746,"TOTAL_ASSETS_TDAYS":0.159425871024,"PREMIUM_EXPENSE":null,"LOAN_DEPOSIT":null,"LOAN_EQUITY":null,"LOAN_ASSETS":null,"DEPOSIT_EQUITY":null,"DEPOSIT_ASSETS":null,"EQUITY_MULTIPLIER":1.094292153422,"EQUITY_RATIO":0.094292153422},{"SECUCODE":"03818.HK","SECURITY_CODE":"03818","SECURITY_NAME_ABBR":"中国动向","ORG_CODE":"10096779","STD_REPORT_DATE":"2022-06-30 00:00:00","REPORT_DATE":"2022-09-30 00:00:00","DATE_TYPE_CODE":"002","REPORT_TYPE":"2022年中报","PER_NETCASH_OPERATE":0.00378543847,"PER_OI":0.131860883769,"BPS":1.588795591295,"BASIC_EPS":-0.059,"DILUTED_EPS":-0.059,"OPERATE_INCOME":776339000,"OPERATE_INCOME_YOY":-8.8689541996,"GROSS_PROFIT":484321000,"GROSS_PROFIT_YOY":-12.254488994694,"HOLDER_PROFIT":-346000000,"HOLDER_PROFIT_YOY":48.3618535488,"GROSS_PROFIT_RATIO":62.38524665127,"EPS_TTM":-0.296717773724,"OPERATE_INCOME_QOQ":0,"NET_PROFIT_RATIO":-49.749787142,"ROE_AVG":-4.129661228394,"GROSS_PROFIT_QOQ":0,"ROA":-3.706238650018,"HOLDER_PROFIT_QOQ":0,"ROE_YEARLY":-8.259322456788,"ROIC_YEARLY":-9.242608389498,"TOTAL_ASSETS":10356791000,"TOTAL_LIABILITIES":1002660000,"TAX_EBT":-2.561974406934,"OCF_SALES":2.870781965095,"TOTAL_PARENT_EQUITY":9354131000,"DEBT_ASSET_RATIO":9.6811840656,"OPERATE_PROFIT":-367353000,"PRETAX_PROFIT":-337357000,"NETCASH_OPERATE":22287000,"NETCASH_INVEST":1143782000,"NETCASH_FINANCE":-166597000,"END_CASH":2602990000,"DIVI_RATIO":-0.040207513862,"DIVIDEND_RATE":3.384615384615,"CURRENT_RATIO":7.22946444405,"COMMON_ACS":10000000000,"CURRENTDEBT_DEBT":67.488480641494,"ISSUED_COMMON_SHARES":5887561025,"HK_COMMON_SHARES":5887561025,"PER_SHARES":1000,"TOTAL_MARKET_CAP":2296148799.75,"HKSK_MARKET_CAP":2296148799.75,"PE_TTM":-21.480525036959,"PB_TTM":0.226663645366,"REPORT_DATE_SQ":"2021-06-30 00:00:00","REPORT_TYPE_SQ":"2021年中报","OPERATE_INCOME_SQ":851893000,"DPS_HKD":0.0132,"OPERATE_INCOME_QOQ_SQ":0,"NET_PROFIT_RATIO_SQ":-87.7984676479,"HOLDER_PROFIT_SQ":-747949000,"HOLDER_PROFIT_QOQ_SQ":0,"ROE_AVG_SQ":-6.811383526848,"PE_TTM_SQ":26.630537596922,"PB_TTM_SQ":0.175468070146,"ROA_SQ":-6.1530486836,"START_DATE":"2022-04-01 00:00:00","FISCAL_YEAR":"3-31","CURRENCY":"HKD","IS_CNY_CODE":0,"DPS_HKD_LY":0.0127,"ORG_TYPE":"一般企业","PREMIUM_INCOME":null,"PREMIUM_INCOME_YOY":null,"NET_INTEREST_INCOME":null,"NET_INTEREST_INCOME_YOY":null,"FEE_COMMISSION_INCOME":null,"FEE_COMMISSION_INCOME_YOY":null,"ACCOUNTS_RECE_TDAYS":5.13063189582,"INVENTORY_TDAYS":0.690893776898,"CURRENT_ASSETS_TDAYS":0.152737790149,"TOTAL_ASSETS_TDAYS":0.074497578039,"PREMIUM_EXPENSE":null,"LOAN_DEPOSIT":null,"LOAN_EQUITY":null,"LOAN_ASSETS":null,"DEPOSIT_EQUITY":null,"DEPOSIT_ASSETS":null,"EQUITY_MULTIPLIER":1.107189005585,"EQUITY_RATIO":0.107189005585},{"SECUCODE":"03818.HK","SECURITY_CODE":"03818","SECURITY_NAME_ABBR":"中国动向","ORG_CODE":"10096779","STD_REPORT_DATE":"2021-12-31 00:00:00","REPORT_DATE":"2022-03-31 00:00:00","DATE_TYPE_CODE":"001","REPORT_TYPE":"2021年年报","PER_NETCASH_OPERATE":-0.035869861748,"PER_OI":0.325386860852,"BPS":1.588245108678,"BASIC_EPS":-0.3041,"DILUTED_EPS":-0.3041,"OPERATE_INCOME":1915735000,"OPERATE_INCOME_YOY":-2.7351649339,"GROSS_PROFIT":1122175000,"GROSS_PROFIT_YOY":-14.92364412697,"HOLDER_PROFIT":-1783446000,"HOLDER_PROFIT_YOY":-196.4871903211,"GROSS_PROFIT_RATIO":58.576734256043,"EPS_TTM":-0.009101731561,"OPERATE_INCOME_QOQ":0,"NET_PROFIT_RATIO":-91.2808399909,"ROE_AVG":-16.730253083596,"GROSS_PROFIT_QOQ":0,"ROA":-15.110016904387,"HOLDER_PROFIT_QOQ":0,"ROE_YEARLY":-16.730253083596,"ROIC_YEARLY":-17.670767471495,"TOTAL_ASSETS":10485202000,"TOTAL_LIABILITIES":1134312000,"TAX_EBT":1.894487223865,"OCF_SALES":-11.023758505221,"TOTAL_PARENT_EQUITY":9350890000,"DEBT_ASSET_RATIO":10.8182179037,"OPERATE_PROFIT":-1786216000,"PRETAX_PROFIT":-1799801000,"NETCASH_OPERATE":-185307000,"NETCASH_INVEST":276788000,"NETCASH_FINANCE":-334571000,"END_CASH":1523938000,"DIVI_RATIO":-1.310770804404,"DIVIDEND_RATE":3.384615384615,"CURRENT_RATIO":6.676824867884,"COMMON_ACS":10000000000,"CURRENTDEBT_DEBT":69.631459422099,"ISSUED_COMMON_SHARES":5887561025,"HK_COMMON_SHARES":5887561025,"PER_SHARES":1000,"TOTAL_MARKET_CAP":2296148799.75,"HKSK_MARKET_CAP":2296148799.75,"PE_TTM":-21.480525036959,"PB_TTM":0.226663645366,"REPORT_DATE_SQ":"2020-12-31 00:00:00","REPORT_TYPE_SQ":"2020年年报","OPERATE_INCOME_SQ":1969607000,"DPS_HKD":0.0132,"OPERATE_INCOME_QOQ_SQ":0,"NET_PROFIT_RATIO_SQ":91.8658899973,"HOLDER_PROFIT_SQ":1810545000,"HOLDER_PROFIT_QOQ_SQ":0,"ROE_AVG_SQ":16.35216070076,"PE_TTM_SQ":26.630537596922,"PB_TTM_SQ":0.175468070146,"ROA_SQ":14.884890982085,"START_DATE":"2021-04-01 00:00:00","FISCAL_YEAR":"3-31","CURRENCY":"HKD","IS_CNY_CODE":0,"DPS_HKD_LY":0.0185,"ORG_TYPE":"一般企业","PREMIUM_INCOME":null,"PREMIUM_INCOME_YOY":null,"NET_INTEREST_INCOME":null,"NET_INTEREST_INCOME_YOY":null,"FEE_COMMISSION_INCOME":null,"FEE_COMMISSION_INCOME_YOY":null,"ACCOUNTS_RECE_TDAYS":11.442039783909,"INVENTORY_TDAYS":2.066304211974,"CURRENT_ASSETS_TDAYS":0.325834974072,"TOTAL_ASSETS_TDAYS":0.165699577287,"PREMIUM_EXPENSE":null,"LOAN_DEPOSIT":null,"LOAN_EQUITY":null,"LOAN_ASSETS":null,"DEPOSIT_EQUITY":null,"DEPOSIT_ASSETS":null,"EQUITY_MULTIPLIER":1.121305244742,"EQUITY_RATIO":0.121305244741},{"SECUCODE":"03818.HK","SECURITY_CODE":"03818","SECURITY_NAME_ABBR":"中国动向","ORG_CODE":"10096779","STD_REPORT_DATE":"2021-06-30 00:00:00","REPORT_DATE":"2021-09-30 00:00:00","DATE_TYPE_CODE":"002","REPORT_TYPE":"2021年中报","PER_NETCASH_OPERATE":-0.029279696511,"PER_OI":0.144693701922,"BPS":1.77135692619,"BASIC_EPS":-0.1276,"DILUTED_EPS":-0.1276,"OPERATE_INCOME":851893000,"OPERATE_INCOME_YOY":4.5539453207,"GROSS_PROFIT":551961000,"GROSS_PROFIT_YOY":-2.73506472452,"HOLDER_PROFIT":-747949000,"HOLDER_PROFIT_YOY":-167.0095315911,"GROSS_PROFIT_RATIO":64.792291989722,"EPS_TTM":0.307530826174,"OPERATE_INCOME_QOQ":0,"NET_PROFIT_RATIO":-87.7984676479,"ROE_AVG":-6.811383526848,"GROSS_PROFIT_QOQ":0,"ROA":-6.1530486836,"HOLDER_PROFIT_QOQ":0,"ROE_YEARLY":-13.622767053696,"ROIC_YEARLY":-14.176595659287,"TOTAL_ASSETS":11673703000,"TOTAL_LIABILITIES":1241569000,"TAX_EBT":3.642385812306,"OCF_SALES":-20.235639921915,"TOTAL_PARENT_EQUITY":10428972000,"DEBT_ASSET_RATIO":10.6356055144,"OPERATE_PROFIT":-769769000,"PRETAX_PROFIT":-776222000,"NETCASH_OPERATE":-172386000,"NETCASH_INVEST":124482000,"NETCASH_FINANCE":-383733000,"END_CASH":1377643000,"DIVI_RATIO":0.038793782557,"DIVIDEND_RATE":3.384615384615,"CURRENT_RATIO":7.263140985758,"COMMON_ACS":10000000000,"CURRENTDEBT_DEBT":71.199425887728,"ISSUED_COMMON_SHARES":5887561025,"HK_COMMON_SHARES":5887561025,"PER_SHARES":1000,"TOTAL_MARKET_CAP":2296148799.75,"HKSK_MARKET_CAP":2296148799.75,"PE_TTM":-21.480525036959,"PB_TTM":0.226663645366,"REPORT_DATE_SQ":"2020-06-30 00:00:00","REPORT_TYPE_SQ":"2020年中报","OPERATE_INCOME_SQ":814788000,"DPS_HKD":0.0132,"OPERATE_INCOME_QOQ_SQ":0,"NET_PROFIT_RATIO_SQ":123.8761142079,"HOLDER_PROFIT_SQ":1116183000,"HOLDER_PROFIT_QOQ_SQ":0,"ROE_AVG_SQ":10.155267784215,"PE_TTM_SQ":26.630537596922,"PB_TTM_SQ":0.175468070146,"ROA_SQ":9.210361608331,"START_DATE":"2021-04-01 00:00:00","FISCAL_YEAR":"3-31","CURRENCY":"HKD","IS_CNY_CODE":0,"DPS_HKD_LY":0.0185,"ORG_TYPE":"一般企业","PREMIUM_INCOME":null,"PREMIUM_INCOME_YOY":null,"NET_INTEREST_INCOME":null,"NET_INTEREST_INCOME_YOY":null,"FEE_COMMISSION_INCOME":null,"FEE_COMMISSION_INCOME_YOY":null,"ACCOUNTS_RECE_TDAYS":5.083955479963,"INVENTORY_TDAYS":0.672338002659,"CURRENT_ASSETS_TDAYS":0.132016443381,"TOTAL_ASSETS_TDAYS":0.07008150425,"PREMIUM_EXPENSE":null,"LOAN_DEPOSIT":null,"LOAN_EQUITY":null,"LOAN_ASSETS":null,"DEPOSIT_EQUITY":null,"DEPOSIT_ASSETS":null,"EQUITY_MULTIPLIER":1.119013904538,"EQUITY_RATIO":0.11904998882},{"SECUCODE":"03818.HK","SECURITY_CODE":"03818","SECURITY_NAME_ABBR":"中国动向","ORG_CODE":"10096779","STD_REPORT_DATE":"2020-12-31 00:00:00","REPORT_DATE":"2021-03-31 00:00:00","DATE_TYPE_CODE":"001","REPORT_TYPE":"2020年年报","PER_NETCASH_OPERATE":0.011337664644,"PER_OI":0.334613157004,"BPS":1.95883540757,"BASIC_EPS":0.3088,"DILUTED_EPS":0.3088,"OPERATE_INCOME":1969607000,"OPERATE_INCOME_YOY":27.8290746508,"GROSS_PROFIT":1319021000,"GROSS_PROFIT_YOY":30.827223531466,"HOLDER_PROFIT":1810545000,"HOLDER_PROFIT_YOY":394.2347536258,"GROSS_PROFIT_RATIO":66.968740464468,"EPS_TTM":0.219908662174,"OPERATE_INCOME_QOQ":0,"NET_PROFIT_RATIO":91.8658899973,"ROE_AVG":16.35216070076,"GROSS_PROFIT_QOQ":0,"ROA":14.884890982085,"HOLDER_PROFIT_QOQ":0,"ROE_YEARLY":16.35216070076,"ROIC_YEARLY":17.754553444364,"TOTAL_ASSETS":12637790000,"TOTAL_LIABILITIES":1101865000,"TAX_EBT":8.148857717129,"OCF_SALES":3.388290151284,"TOTAL_PARENT_EQUITY":11532763000,"DEBT_ASSET_RATIO":8.7188108047,"OPERATE_PROFIT":2069926000,"PRETAX_PROFIT":2029401000,"NETCASH_OPERATE":66736000,"NETCASH_INVEST":475937000,"NETCASH_FINANCE":-673198000,"END_CASH":1823757000,"DIVI_RATIO":0.054251087165,"DIVIDEND_RATE":3.384615384615,"CURRENT_RATIO":8.991675655591,"COMMON_ACS":10000000000,"CURRENTDEBT_DEBT":65.457928149093,"ISSUED_COMMON_SHARES":5887561025,"HK_COMMON_SHARES":5887561025,"PER_SHARES":1000,"TOTAL_MARKET_CAP":2296148799.75,"HKSK_MARKET_CAP":2296148799.75,"PE_TTM":-21.480525036959,"PB_TTM":0.226663645366,"REPORT_DATE_SQ":"2019-12-31 00:00:00","REPORT_TYPE_SQ":"2019年年报","OPERATE_INCOME_SQ":1540813000,"DPS_HKD":0.0132,"OPERATE_INCOME_QOQ_SQ":0,"NET_PROFIT_RATIO_SQ":19.5381198822,"HOLDER_PROFIT_SQ":366333000,"HOLDER_PROFIT_QOQ_SQ":0,"ROE_AVG_SQ":3.511861482726,"PE_TTM_SQ":26.630537596922,"PB_TTM_SQ":0.175468070146,"ROA_SQ":3.148350932244,"START_DATE":"2020-04-01 00:00:00","FISCAL_YEAR":"3-31","CURRENCY":"HKD","IS_CNY_CODE":0,"DPS_HKD_LY":0.087145,"ORG_TYPE":"一般企业","PREMIUM_INCOME":null,"PREMIUM_INCOME_YOY":null,"NET_INTEREST_INCOME":null,"NET_INTEREST_INCOME_YOY":null,"FEE_COMMISSION_INCOME":null,"FEE_COMMISSION_INCOME_YOY":null,"ACCOUNTS_RECE_TDAYS":12.233089968417,"INVENTORY_TDAYS":1.573329721965,"CURRENT_ASSETS_TDAYS":0.297965420492,"TOTAL_ASSETS_TDAYS":0.161925748725,"PREMIUM_EXPENSE":null,"LOAN_DEPOSIT":null,"LOAN_EQUITY":null,"LOAN_ASSETS":null,"DEPOSIT_EQUITY":null,"DEPOSIT_ASSETS":null,"EQUITY_MULTIPLIER":1.095515964259,"EQUITY_RATIO":0.095542152388},{"SECUCODE":"03818.HK","SECURITY_CODE":"03818","SECURITY_NAME_ABBR":"中国动向","ORG_CODE":"10096779","STD_REPORT_DATE":"2020-06-30 00:00:00","REPORT_DATE":"2020-09-30 00:00:00","DATE_TYPE_CODE":"002","REPORT_TYPE":"2020年中报","PER_NETCASH_OPERATE":-0.010361492695,"PER_OI":0.138425288325,"BPS":1.931308219434,"BASIC_EPS":0.1904,"DILUTED_EPS":0.1904,"OPERATE_INCOME":814788000,"OPERATE_INCOME_YOY":-0.0401415295,"GROSS_PROFIT":567482000,"GROSS_PROFIT_YOY":-3.465322112841,"HOLDER_PROFIT":1116183000,"HOLDER_PROFIT_YOY":493.3766420176,"GROSS_PROFIT_RATIO":60.057155125329,"EPS_TTM":0.062236742745,"OPERATE_INCOME_QOQ":0,"NET_PROFIT_RATIO":123.8761142079,"ROE_AVG":10.155267784215,"GROSS_PROFIT_QOQ":0,"ROA":9.210361608331,"HOLDER_PROFIT_QOQ":0,"ROE_YEARLY":20.31053556843,"ROIC_YEARLY":23.327575021204,"TOTAL_ASSETS":12548054000,"TOTAL_LIABILITIES":1177470000,"TAX_EBT":7.315143605614,"OCF_SALES":-6.784417942126,"TOTAL_PARENT_EQUITY":11370695000,"DEBT_ASSET_RATIO":9.3836861078,"OPERATE_PROFIT":1281925000,"PRETAX_PROFIT":1262764000,"NETCASH_OPERATE":-60989000,"NETCASH_INVEST":1320204000,"NETCASH_FINANCE":-247837000,"END_CASH":2993280000,"DIVI_RATIO":0.191691972841,"DIVIDEND_RATE":3.384615384615,"CURRENT_RATIO":8.249475936869,"COMMON_ACS":10000000000,"CURRENTDEBT_DEBT":69.846365512497,"ISSUED_COMMON_SHARES":5887561025,"HK_COMMON_SHARES":5887561025,"PER_SHARES":1000,"TOTAL_MARKET_CAP":2296148799.75,"HKSK_MARKET_CAP":2296148799.75,"PE_TTM":-21.480525036959,"PB_TTM":0.226663645366,"REPORT_DATE_SQ":"2019-06-30 00:00:00","REPORT_TYPE_SQ":"2019年中报","OPERATE_INCOME_SQ":899318000,"DPS_HKD":0.0132,"OPERATE_INCOME_QOQ_SQ":0,"NET_PROFIT_RATIO_SQ":20.7305980754,"HOLDER_PROFIT_SQ":188107000,"HOLDER_PROFIT_QOQ_SQ":0,"ROE_AVG_SQ":1.812860314866,"PE_TTM_SQ":26.630537596922,"PB_TTM_SQ":0.175468070146,"ROA_SQ":1.623346600814,"START_DATE":"2020-04-01 00:00:00","FISCAL_YEAR":"3-31","CURRENCY":"HKD","IS_CNY_CODE":0,"DPS_HKD_LY":0.087145,"ORG_TYPE":"一般企业","PREMIUM_INCOME":null,"PREMIUM_INCOME_YOY":null,"NET_INTEREST_INCOME":null,"NET_INTEREST_INCOME_YOY":null,"FEE_COMMISSION_INCOME":null,"FEE_COMMISSION_INCOME_YOY":null,"ACCOUNTS_RECE_TDAYS":4.99804013581,"INVENTORY_TDAYS":0.734514740658,"CURRENT_ASSETS_TDAYS":0.132985847425,"TOTAL_ASSETS_TDAYS":0.074178867088,"PREMIUM_EXPENSE":null,"LOAN_DEPOSIT":null,"LOAN_EQUITY":null,"LOAN_ASSETS":null,"DEPOSIT_EQUITY":null,"DEPOSIT_ASSETS":null,"EQUITY_MULTIPLIER":1.103554047883,"EQUITY_RATIO":0.103553036996}],"count":38},"success":true,"message":"ok","code":0}