{"version":"e7698e732a9d48371fd33e7c21a5834b","result":{"pages":4,"data":[{"SECUCODE":"03816.HK","SECURITY_CODE":"03816","SECURITY_NAME_ABBR":"KFM金德","ORG_CODE":"10290283","STD_REPORT_DATE":"2024-06-30 00:00:00","REPORT_DATE":"2024-09-30 00:00:00","DATE_TYPE_CODE":"002","REPORT_TYPE":"2024年中报","PER_NETCASH_OPERATE":0.032655318883,"PER_OI":0.566178330617,"BPS":0.8274283966,"BASIC_EPS":0.032734977,"DILUTED_EPS":0.032734977,"OPERATE_INCOME":339706998.37,"OPERATE_INCOME_YOY":19.9343502361,"GROSS_PROFIT":61126933.36,"GROSS_PROFIT_YOY":-0.5554561767,"HOLDER_PROFIT":19622048.61,"HOLDER_PROFIT_YOY":-26.0652395515,"GROSS_PROFIT_RATIO":17.994016506372,"EPS_TTM":0.0351106815,"OPERATE_INCOME_QOQ":0,"NET_PROFIT_RATIO":5.9853518554,"ROE_AVG":4.025422748939,"GROSS_PROFIT_QOQ":0,"ROA":2.684859399321,"HOLDER_PROFIT_QOQ":0,"ROE_YEARLY":8.050845497878,"ROIC_YEARLY":7.772855021197,"TOTAL_ASSETS":759840137.89,"TOTAL_LIABILITIES":201690744.24,"TAX_EBT":16.439980728607,"OCF_SALES":5.767673737666,"TOTAL_PARENT_EQUITY":496457037.96,"DEBT_ASSET_RATIO":26.5438391818,"OPERATE_PROFIT":23716175.21,"PRETAX_PROFIT":24332999.57,"NETCASH_OPERATE":19593191.33,"NETCASH_INVEST":3484516.56,"NETCASH_FINANCE":18264854.66,"END_CASH":142478311.05,"DIVI_RATIO":0.206558223599,"DIVIDEND_RATE":2.71186440678,"CURRENT_RATIO":2.328501989741,"COMMON_ACS":4500000000,"CURRENTDEBT_DEBT":96.400722538184,"ISSUED_COMMON_SHARES":600000000,"HK_COMMON_SHARES":600000000,"PER_SHARES":4000,"TOTAL_MARKET_CAP":177000000,"HKSK_MARKET_CAP":177000000,"PE_TTM":11.370206205435,"PB_TTM":0.321511868692,"REPORT_DATE_SQ":"2023-06-30 00:00:00","REPORT_TYPE_SQ":"2023年中报","OPERATE_INCOME_SQ":288219324.33,"DPS_HKD":0.008,"OPERATE_INCOME_QOQ_SQ":0,"NET_PROFIT_RATIO_SQ":9.3698959856,"HOLDER_PROFIT_SQ":27005850.9,"HOLDER_PROFIT_QOQ_SQ":0,"ROE_AVG_SQ":5.587101256955,"PE_TTM_SQ":10.656636890769,"PB_TTM_SQ":0.3775121211,"ROA_SQ":3.944350217556,"START_DATE":"2024-04-01 00:00:00","FISCAL_YEAR":"3-31","CURRENCY":"HKD","IS_CNY_CODE":0,"DPS_HKD_LY":0.008,"ORG_TYPE":"一般企业","PREMIUM_INCOME":null,"PREMIUM_INCOME_YOY":null,"NET_INTEREST_INCOME":null,"NET_INTEREST_INCOME_YOY":null,"FEE_COMMISSION_INCOME":null,"FEE_COMMISSION_INCOME_YOY":null,"ACCOUNTS_RECE_TDAYS":2.455642979603,"INVENTORY_TDAYS":2.936255150487,"CURRENT_ASSETS_TDAYS":0.807206299888,"TOTAL_ASSETS_TDAYS":0.464816669104,"PREMIUM_EXPENSE":null,"LOAN_DEPOSIT":null,"LOAN_EQUITY":null,"LOAN_ASSETS":null,"DEPOSIT_EQUITY":null,"DEPOSIT_ASSETS":null,"EQUITY_MULTIPLIER":1.361356200571,"EQUITY_RATIO":0.406260217538},{"SECUCODE":"03816.HK","SECURITY_CODE":"03816","SECURITY_NAME_ABBR":"KFM金德","ORG_CODE":"10290283","STD_REPORT_DATE":"2023-12-31 00:00:00","REPORT_DATE":"2024-03-31 00:00:00","DATE_TYPE_CODE":"001","REPORT_TYPE":"2023年年报","PER_NETCASH_OPERATE":0.043402592167,"PER_OI":0.891295785333,"BPS":0.801624392083,"BASIC_EPS":0.035083485,"DILUTED_EPS":0.035083485,"OPERATE_INCOME":534777471.2,"OPERATE_INCOME_YOY":-2.5114815543,"GROSS_PROFIT":97239272.65,"GROSS_PROFIT_YOY":7.554004357078,"HOLDER_PROFIT":21066408.9,"HOLDER_PROFIT_YOY":2.5236036354,"GROSS_PROFIT_RATIO":18.1831281022,"EPS_TTM":0.028406471067,"OPERATE_INCOME_QOQ":0,"NET_PROFIT_RATIO":3.9238587974,"ROE_AVG":4.453118936678,"GROSS_PROFIT_QOQ":0,"ROA":3.083991591286,"HOLDER_PROFIT_QOQ":0,"ROE_YEARLY":4.453118936678,"ROIC_YEARLY":4.734014704414,"TOTAL_ASSETS":705546107.8,"TOTAL_LIABILITIES":159079580.9,"TAX_EBT":29.090463499066,"OCF_SALES":4.869605901977,"TOTAL_PARENT_EQUITY":480974635.25,"DEBT_ASSET_RATIO":22.5470141698,"OPERATE_PROFIT":26185696.75,"PRETAX_PROFIT":29592511.65,"NETCASH_OPERATE":26041555.3,"NETCASH_INVEST":-11588428.65,"NETCASH_FINANCE":-540303.8,"END_CASH":101057661.25,"DIVI_RATIO":0.255308024111,"DIVIDEND_RATE":3.076923076923,"CURRENT_RATIO":2.567357944737,"COMMON_ACS":4500000000,"CURRENTDEBT_DEBT":95.73735738953,"ISSUED_COMMON_SHARES":600000000,"HK_COMMON_SHARES":600000000,"PER_SHARES":4000,"TOTAL_MARKET_CAP":156000000,"HKSK_MARKET_CAP":156000000,"PE_TTM":10.021198689536,"PB_TTM":0.283366392746,"REPORT_DATE_SQ":"2022-12-31 00:00:00","REPORT_TYPE_SQ":"2022年年报","OPERATE_INCOME_SQ":529711466.41,"DPS_HKD":0.008,"OPERATE_INCOME_QOQ_SQ":0,"NET_PROFIT_RATIO_SQ":3.7458209456,"HOLDER_PROFIT_SQ":19842043.06,"HOLDER_PROFIT_QOQ_SQ":0,"ROE_AVG_SQ":4.454003366147,"PE_TTM_SQ":8.603194211594,"PB_TTM_SQ":0.360857174581,"ROA_SQ":3.011640776867,"START_DATE":"2023-04-01 00:00:00","FISCAL_YEAR":"3-31","CURRENCY":"HKD","IS_CNY_CODE":0,"DPS_HKD_LY":null,"ORG_TYPE":"一般企业","PREMIUM_INCOME":null,"PREMIUM_INCOME_YOY":null,"NET_INTEREST_INCOME":null,"NET_INTEREST_INCOME_YOY":null,"FEE_COMMISSION_INCOME":null,"FEE_COMMISSION_INCOME_YOY":null,"ACCOUNTS_RECE_TDAYS":4.611074633399,"INVENTORY_TDAYS":4.166678896865,"CURRENT_ASSETS_TDAYS":1.206130594085,"TOTAL_ASSETS_TDAYS":0.782881046418,"PREMIUM_EXPENSE":null,"LOAN_DEPOSIT":null,"LOAN_EQUITY":null,"LOAN_ASSETS":null,"DEPOSIT_EQUITY":null,"DEPOSIT_ASSETS":null,"EQUITY_MULTIPLIER":1.291105809907,"EQUITY_RATIO":0.330744220675},{"SECUCODE":"03816.HK","SECURITY_CODE":"03816","SECURITY_NAME_ABBR":"KFM金德","ORG_CODE":"10290283","STD_REPORT_DATE":"2023-06-30 00:00:00","REPORT_DATE":"2023-09-30 00:00:00","DATE_TYPE_CODE":"002","REPORT_TYPE":"2023年中报","PER_NETCASH_OPERATE":0.041686401517,"PER_OI":0.48036554055,"BPS":0.826448165667,"BASIC_EPS":0.045055633,"DILUTED_EPS":0.045055633,"OPERATE_INCOME":288219324.33,"OPERATE_INCOME_YOY":-8.4477647614,"GROSS_PROFIT":61468363.18,"GROSS_PROFIT_YOY":7.473311008656,"HOLDER_PROFIT":27005850.9,"HOLDER_PROFIT_YOY":-10.6909841289,"GROSS_PROFIT_RATIO":21.326940281638,"EPS_TTM":0.033070071767,"OPERATE_INCOME_QOQ":0,"NET_PROFIT_RATIO":9.3698959856,"ROE_AVG":5.587101256955,"GROSS_PROFIT_QOQ":0,"ROA":3.944350217556,"HOLDER_PROFIT_QOQ":0,"ROE_YEARLY":11.174202513911,"ROIC_YEARLY":13.251384573821,"TOTAL_ASSETS":700637116.27,"TOTAL_LIABILITIES":204768216.87,"TAX_EBT":17.521439381201,"OCF_SALES":8.678058269737,"TOTAL_PARENT_EQUITY":495868899.4,"DEBT_ASSET_RATIO":29.2260018938,"OPERATE_PROFIT":31018646.89,"PRETAX_PROFIT":32742873.66,"NETCASH_OPERATE":25011840.91,"NETCASH_INVEST":-9469023.97,"NETCASH_FINANCE":3237398.64,"END_CASH":106646958.6,"DIVI_RATIO":0.219304029673,"DIVIDEND_RATE":3.137254901961,"CURRENT_RATIO":3.968893216842,"COMMON_ACS":4500000000,"CURRENTDEBT_DEBT":65.807599406675,"ISSUED_COMMON_SHARES":600000000,"HK_COMMON_SHARES":600000000,"PER_SHARES":4000,"TOTAL_MARKET_CAP":153000000,"HKSK_MARKET_CAP":153000000,"PE_TTM":9.828483330121,"PB_TTM":0.277917039039,"REPORT_DATE_SQ":"2022-06-30 00:00:00","REPORT_TYPE_SQ":"2022年中报","OPERATE_INCOME_SQ":310288944.12,"DPS_HKD":0.008,"OPERATE_INCOME_QOQ_SQ":0,"NET_PROFIT_RATIO_SQ":9.6052443649,"HOLDER_PROFIT_SQ":29804011.32,"HOLDER_PROFIT_QOQ_SQ":0,"ROE_AVG_SQ":6.438968725484,"PE_TTM_SQ":8.073766875496,"PB_TTM_SQ":0.338650579222,"ROA_SQ":4.22114749678,"START_DATE":"2023-04-01 00:00:00","FISCAL_YEAR":"3-31","CURRENCY":"HKD","IS_CNY_CODE":0,"DPS_HKD_LY":null,"ORG_TYPE":"一般企业","PREMIUM_INCOME":null,"PREMIUM_INCOME_YOY":null,"NET_INTEREST_INCOME":null,"NET_INTEREST_INCOME_YOY":null,"FEE_COMMISSION_INCOME":null,"FEE_COMMISSION_INCOME_YOY":null,"ACCOUNTS_RECE_TDAYS":2.506221848082,"INVENTORY_TDAYS":2.027786097924,"CURRENT_ASSETS_TDAYS":0.556064346685,"TOTAL_ASSETS_TDAYS":0.420959872301,"PREMIUM_EXPENSE":null,"LOAN_DEPOSIT":null,"LOAN_EQUITY":null,"LOAN_ASSETS":null,"DEPOSIT_EQUITY":null,"DEPOSIT_ASSETS":null,"EQUITY_MULTIPLIER":1.412948295643,"EQUITY_RATIO":0.412948295644},{"SECUCODE":"03816.HK","SECURITY_CODE":"03816","SECURITY_NAME_ABBR":"KFM金德","ORG_CODE":"10290283","STD_REPORT_DATE":"2022-12-31 00:00:00","REPORT_DATE":"2023-03-31 00:00:00","DATE_TYPE_CODE":"001","REPORT_TYPE":"2022年年报","PER_NETCASH_OPERATE":0.018189560783,"PER_OI":0.882852444017,"BPS":0.748647713967,"BASIC_EPS":0.033090498,"DILUTED_EPS":0.033090498,"OPERATE_INCOME":529711466.41,"OPERATE_INCOME_YOY":-1.1579738317,"GROSS_PROFIT":90409718.57,"GROSS_PROFIT_YOY":11.567186906947,"HOLDER_PROFIT":19842043.06,"HOLDER_PROFIT_YOY":147.0327025232,"GROSS_PROFIT_RATIO":17.067729189011,"EPS_TTM":0.075816966933,"OPERATE_INCOME_QOQ":0,"NET_PROFIT_RATIO":3.7458209456,"ROE_AVG":4.454003366147,"GROSS_PROFIT_QOQ":0,"ROA":3.011640776867,"HOLDER_PROFIT_QOQ":0,"ROE_YEARLY":4.454003366147,"ROIC_YEARLY":4.993434908662,"TOTAL_ASSETS":637939280.12,"TOTAL_LIABILITIES":188750651.74,"TAX_EBT":18.276545880656,"OCF_SALES":2.060317203244,"TOTAL_PARENT_EQUITY":449188628.38,"DEBT_ASSET_RATIO":29.5875575657,"OPERATE_PROFIT":26353342.64,"PRETAX_PROFIT":24279496.35,"NETCASH_OPERATE":10913736.47,"NETCASH_INVEST":29437412.07,"NETCASH_FINANCE":-25402647.38,"END_CASH":84742314.23,"DIVI_RATIO":0.095656688646,"DIVIDEND_RATE":3.076923076923,"CURRENT_RATIO":4.208984976295,"COMMON_ACS":4500000000,"CURRENTDEBT_DEBT":60.259537877874,"ISSUED_COMMON_SHARES":600000000,"HK_COMMON_SHARES":600000000,"PER_SHARES":4000,"TOTAL_MARKET_CAP":156000000,"HKSK_MARKET_CAP":156000000,"PE_TTM":10.021198689536,"PB_TTM":0.283366392746,"REPORT_DATE_SQ":"2021-12-31 00:00:00","REPORT_TYPE_SQ":"2021年年报","OPERATE_INCOME_SQ":496492211.9,"DPS_HKD":0.008,"OPERATE_INCOME_QOQ_SQ":0,"NET_PROFIT_RATIO_SQ":-7.8438066613,"HOLDER_PROFIT_SQ":-39084193.92,"HOLDER_PROFIT_QOQ_SQ":0,"ROE_AVG_SQ":-9.091329261679,"PE_TTM_SQ":8.603194211594,"PB_TTM_SQ":0.360857174581,"ROA_SQ":-5.680530286555,"START_DATE":"2022-04-01 00:00:00","FISCAL_YEAR":"3-31","CURRENCY":"HKD","IS_CNY_CODE":0,"DPS_HKD_LY":null,"ORG_TYPE":"一般企业","PREMIUM_INCOME":null,"PREMIUM_INCOME_YOY":null,"NET_INTEREST_INCOME":null,"NET_INTEREST_INCOME_YOY":null,"FEE_COMMISSION_INCOME":null,"FEE_COMMISSION_INCOME_YOY":null,"ACCOUNTS_RECE_TDAYS":4.802998793498,"INVENTORY_TDAYS":4.165689904205,"CURRENT_ASSETS_TDAYS":1.08633094171,"TOTAL_ASSETS_TDAYS":0.804000196648,"PREMIUM_EXPENSE":null,"LOAN_DEPOSIT":null,"LOAN_EQUITY":null,"LOAN_ASSETS":null,"DEPOSIT_EQUITY":null,"DEPOSIT_ASSETS":null,"EQUITY_MULTIPLIER":1.420203539926,"EQUITY_RATIO":0.420203539926},{"SECUCODE":"03816.HK","SECURITY_CODE":"03816","SECURITY_NAME_ABBR":"KFM金德","ORG_CODE":"10290283","STD_REPORT_DATE":"2022-06-30 00:00:00","REPORT_DATE":"2022-09-30 00:00:00","DATE_TYPE_CODE":"002","REPORT_TYPE":"2022年中报","PER_NETCASH_OPERATE":-0.0554255906,"PER_OI":0.5171482402,"BPS":0.7821687564,"BASIC_EPS":0.049653756,"DILUTED_EPS":0.049653756,"OPERATE_INCOME":310288944.12,"OPERATE_INCOME_YOY":30.2217093751,"GROSS_PROFIT":57194072.28,"GROSS_PROFIT_YOY":52.333989458547,"HOLDER_PROFIT":29804011.32,"HOLDER_PROFIT_YOY":150.1216804064,"GROSS_PROFIT_RATIO":18.432520192496,"EPS_TTM":-0.0651403232,"OPERATE_INCOME_QOQ":0,"NET_PROFIT_RATIO":9.6052443649,"ROE_AVG":6.438968725484,"GROSS_PROFIT_QOQ":0,"ROA":4.22114749678,"HOLDER_PROFIT_QOQ":0,"ROE_YEARLY":12.877937450967,"ROIC_YEARLY":13.405105476779,"TOTAL_ASSETS":709836167.4,"TOTAL_LIABILITIES":240534913.56,"TAX_EBT":16.6801517067,"OCF_SALES":-10.71754407954,"TOTAL_PARENT_EQUITY":469301253.84,"DEBT_ASSET_RATIO":33.8859760332,"OPERATE_PROFIT":38876448.96,"PRETAX_PROFIT":35770602,"NETCASH_OPERATE":-33255354.36,"NETCASH_INVEST":2869788.12,"NETCASH_FINANCE":10257254.04,"END_CASH":52376120.4,"DIVI_RATIO":-0.111335032492,"DIVIDEND_RATE":3.076923076923,"CURRENT_RATIO":3.285701703685,"COMMON_ACS":4500000000,"CURRENTDEBT_DEBT":68.308209468733,"ISSUED_COMMON_SHARES":600000000,"HK_COMMON_SHARES":600000000,"PER_SHARES":4000,"TOTAL_MARKET_CAP":156000000,"HKSK_MARKET_CAP":156000000,"PE_TTM":10.021198689536,"PB_TTM":0.283366392746,"REPORT_DATE_SQ":"2021-06-30 00:00:00","REPORT_TYPE_SQ":"2021年中报","OPERATE_INCOME_SQ":219472156.18,"DPS_HKD":0.008,"OPERATE_INCOME_QOQ_SQ":0,"NET_PROFIT_RATIO_SQ":-24.9448668263,"HOLDER_PROFIT_SQ":-54770362.76,"HOLDER_PROFIT_QOQ_SQ":0,"ROE_AVG_SQ":-12.584327300464,"PE_TTM_SQ":8.603194211594,"PB_TTM_SQ":0.360857174581,"ROA_SQ":-7.174158799164,"START_DATE":"2022-04-01 00:00:00","FISCAL_YEAR":"3-31","CURRENCY":"HKD","IS_CNY_CODE":0,"DPS_HKD_LY":null,"ORG_TYPE":"一般企业","PREMIUM_INCOME":null,"PREMIUM_INCOME_YOY":null,"NET_INTEREST_INCOME":null,"NET_INTEREST_INCOME_YOY":null,"FEE_COMMISSION_INCOME":null,"FEE_COMMISSION_INCOME_YOY":null,"ACCOUNTS_RECE_TDAYS":2.109297378388,"INVENTORY_TDAYS":2.399183799448,"CURRENT_ASSETS_TDAYS":0.589442631344,"TOTAL_ASSETS_TDAYS":0.439462790994,"PREMIUM_EXPENSE":null,"LOAN_DEPOSIT":null,"LOAN_EQUITY":null,"LOAN_ASSETS":null,"DEPOSIT_EQUITY":null,"DEPOSIT_ASSETS":null,"EQUITY_MULTIPLIER":1.512538399572,"EQUITY_RATIO":0.512538399571},{"SECUCODE":"03816.HK","SECURITY_CODE":"03816","SECURITY_NAME_ABBR":"KFM金德","ORG_CODE":"10290283","STD_REPORT_DATE":"2021-12-31 00:00:00","REPORT_DATE":"2022-03-31 00:00:00","DATE_TYPE_CODE":"001","REPORT_TYPE":"2021年年报","PER_NETCASH_OPERATE":-0.053779424783,"PER_OI":0.827487019833,"BPS":0.68214456605,"BASIC_EPS":-0.065124103,"DILUTED_EPS":-0.065124103,"OPERATE_INCOME":496492211.9,"OPERATE_INCOME_YOY":50.6595461928,"GROSS_PROFIT":81036119.2,"GROSS_PROFIT_YOY":16.037115992353,"HOLDER_PROFIT":-39084193.92,"HOLDER_PROFIT_YOY":-368.8835574402,"GROSS_PROFIT_RATIO":16.321730181806,"EPS_TTM":-0.097887673633,"OPERATE_INCOME_QOQ":0,"NET_PROFIT_RATIO":-7.8438066613,"ROE_AVG":-9.091329261679,"GROSS_PROFIT_QOQ":0,"ROA":-5.680530286555,"HOLDER_PROFIT_QOQ":0,"ROE_YEARLY":-9.091329261679,"ROIC_YEARLY":-9.781979900987,"TOTAL_ASSETS":629744398.94,"TOTAL_LIABILITIES":220457659.31,"TAX_EBT":28.243083216708,"OCF_SALES":-6.499126088306,"TOTAL_PARENT_EQUITY":409286739.63,"DEBT_ASSET_RATIO":35.0074823502,"OPERATE_PROFIT":21960528.78,"PRETAX_PROFIT":15066943.78,"NETCASH_OPERATE":-32267654.87,"NETCASH_INVEST":-44824522.7,"NETCASH_FINANCE":-54806433.78,"END_CASH":67184879.41,"DIVI_RATIO":-0.074089001514,"DIVIDEND_RATE":3.076923076923,"CURRENT_RATIO":3.240536849864,"COMMON_ACS":4500000000,"CURRENTDEBT_DEBT":64.38596039451,"ISSUED_COMMON_SHARES":600000000,"HK_COMMON_SHARES":600000000,"PER_SHARES":4000,"TOTAL_MARKET_CAP":156000000,"HKSK_MARKET_CAP":156000000,"PE_TTM":10.021198689536,"PB_TTM":0.283366392746,"REPORT_DATE_SQ":"2020-12-31 00:00:00","REPORT_TYPE_SQ":"2020年年报","OPERATE_INCOME_SQ":343430441.2,"DPS_HKD":0.008,"OPERATE_INCOME_QOQ_SQ":0,"NET_PROFIT_RATIO_SQ":2.7129943036,"HOLDER_PROFIT_SQ":15148161.14,"HOLDER_PROFIT_QOQ_SQ":0,"ROE_AVG_SQ":3.369041957477,"PE_TTM_SQ":8.603194211594,"PB_TTM_SQ":0.360857174581,"ROA_SQ":2.053555367395,"START_DATE":"2021-04-01 00:00:00","FISCAL_YEAR":"3-31","CURRENCY":"HKD","IS_CNY_CODE":0,"DPS_HKD_LY":null,"ORG_TYPE":"一般企业","PREMIUM_INCOME":null,"PREMIUM_INCOME_YOY":null,"NET_INTEREST_INCOME":null,"NET_INTEREST_INCOME_YOY":null,"FEE_COMMISSION_INCOME":null,"FEE_COMMISSION_INCOME_YOY":null,"ACCOUNTS_RECE_TDAYS":3.90189648524,"INVENTORY_TDAYS":5.048935058791,"CURRENT_ASSETS_TDAYS":0.978933086224,"TOTAL_ASSETS_TDAYS":0.721606041693,"PREMIUM_EXPENSE":null,"LOAN_DEPOSIT":null,"LOAN_EQUITY":null,"LOAN_ASSETS":null,"DEPOSIT_EQUITY":null,"DEPOSIT_ASSETS":null,"EQUITY_MULTIPLIER":1.538638655896,"EQUITY_RATIO":0.538638655895},{"SECUCODE":"03816.HK","SECURITY_CODE":"03816","SECURITY_NAME_ABBR":"KFM金德","ORG_CODE":"10290283","STD_REPORT_DATE":"2021-06-30 00:00:00","REPORT_DATE":"2021-09-30 00:00:00","DATE_TYPE_CODE":"002","REPORT_TYPE":"2021年中报","PER_NETCASH_OPERATE":0.008316715667,"PER_OI":0.365786926967,"BPS":0.6794645625,"BASIC_EPS":-0.091303376,"DILUTED_EPS":-0.091303376,"OPERATE_INCOME":219472156.18,"OPERATE_INCOME_YOY":42.8378568873,"GROSS_PROFIT":37545181.14,"GROSS_PROFIT_YOY":25.009880677361,"HOLDER_PROFIT":-54770362.76,"HOLDER_PROFIT_YOY":-402.3082582306,"GROSS_PROFIT_RATIO":17.107036169639,"EPS_TTM":0.025246935233,"OPERATE_INCOME_QOQ":0,"NET_PROFIT_RATIO":-24.9448668263,"ROE_AVG":-12.584327300464,"GROSS_PROFIT_QOQ":0,"ROA":-7.174158799164,"HOLDER_PROFIT_QOQ":0,"ROE_YEARLY":-25.168654600928,"ROIC_YEARLY":-23.363272123167,"TOTAL_ASSETS":760256387.42,"TOTAL_LIABILITIES":349122950.1,"TAX_EBT":21.733243060257,"OCF_SALES":2.273650328522,"TOTAL_PARENT_EQUITY":407678737.5,"DEBT_ASSET_RATIO":45.921738492,"OPERATE_PROFIT":9726808.56,"PRETAX_PROFIT":8613007.34,"NETCASH_OPERATE":4990029.4,"NETCASH_INVEST":-62387030.34,"NETCASH_FINANCE":-37287765.6,"END_CASH":107109023.38,"DIVI_RATIO":0.287258628937,"DIVIDEND_RATE":3.076923076923,"CURRENT_RATIO":2.073319378723,"COMMON_ACS":4500000000,"CURRENTDEBT_DEBT":99.29035875777,"ISSUED_COMMON_SHARES":600000000,"HK_COMMON_SHARES":600000000,"PER_SHARES":4000,"TOTAL_MARKET_CAP":156000000,"HKSK_MARKET_CAP":156000000,"PE_TTM":10.021198689536,"PB_TTM":0.283366392746,"REPORT_DATE_SQ":"2020-06-30 00:00:00","REPORT_TYPE_SQ":"2020年中报","OPERATE_INCOME_SQ":162072874.24,"DPS_HKD":0.008,"OPERATE_INCOME_QOQ_SQ":0,"NET_PROFIT_RATIO_SQ":6.3486427109,"HOLDER_PROFIT_SQ":19110402.56,"HOLDER_PROFIT_QOQ_SQ":0,"ROE_AVG_SQ":4.159283657676,"PE_TTM_SQ":8.603194211594,"PB_TTM_SQ":0.360857174581,"ROA_SQ":2.59167168663,"START_DATE":"2021-04-01 00:00:00","FISCAL_YEAR":"3-31","CURRENCY":"HKD","IS_CNY_CODE":0,"DPS_HKD_LY":null,"ORG_TYPE":"一般企业","PREMIUM_INCOME":null,"PREMIUM_INCOME_YOY":null,"NET_INTEREST_INCOME":null,"NET_INTEREST_INCOME_YOY":null,"FEE_COMMISSION_INCOME":null,"FEE_COMMISSION_INCOME_YOY":null,"ACCOUNTS_RECE_TDAYS":1.789652806554,"INVENTORY_TDAYS":2.413482897718,"CURRENT_ASSETS_TDAYS":0.340753205398,"TOTAL_ASSETS_TDAYS":0.287478121576,"PREMIUM_EXPENSE":null,"LOAN_DEPOSIT":null,"LOAN_EQUITY":null,"LOAN_ASSETS":null,"DEPOSIT_EQUITY":null,"DEPOSIT_ASSETS":null,"EQUITY_MULTIPLIER":1.849171870756,"EQUITY_RATIO":0.856367816092},{"SECUCODE":"03816.HK","SECURITY_CODE":"03816","SECURITY_NAME_ABBR":"KFM金德","ORG_CODE":"10290283","STD_REPORT_DATE":"2020-12-31 00:00:00","REPORT_DATE":"2021-03-31 00:00:00","DATE_TYPE_CODE":"001","REPORT_TYPE":"2020年年报","PER_NETCASH_OPERATE":0.099835478867,"PER_OI":0.572384068667,"BPS":0.782512720267,"BASIC_EPS":0.025270882,"DILUTED_EPS":0.025270882,"OPERATE_INCOME":343430441.2,"OPERATE_INCOME_YOY":-31.2559285894,"GROSS_PROFIT":69836378.22,"GROSS_PROFIT_YOY":-67.485077466395,"HOLDER_PROFIT":15148161.14,"HOLDER_PROFIT_YOY":2683.0745341615,"GROSS_PROFIT_RATIO":22.404353056339,"EPS_TTM":-0.01455571975,"OPERATE_INCOME_QOQ":0,"NET_PROFIT_RATIO":2.7129943036,"ROE_AVG":3.369041957477,"GROSS_PROFIT_QOQ":0,"ROA":2.053555367395,"HOLDER_PROFIT_QOQ":0,"ROE_YEARLY":3.369041957477,"ROIC_YEARLY":3.781247560639,"TOTAL_ASSETS":777776049.82,"TOTAL_LIABILITIES":304787121.24,"TAX_EBT":16.602634467618,"OCF_SALES":10.448337677348,"TOTAL_PARENT_EQUITY":469507632.16,"DEBT_ASSET_RATIO":39.1870026482,"OPERATE_PROFIT":9379807.64,"PRETAX_PROFIT":9239507.76,"NETCASH_OPERATE":59901287.32,"NETCASH_INVEST":-152542312.3,"NETCASH_FINANCE":-34517996.38,"END_CASH":205760761.36,"DIVI_RATIO":-0.498250868014,"DIVIDEND_RATE":3.076923076923,"CURRENT_RATIO":2.312832849496,"COMMON_ACS":4500000000,"CURRENTDEBT_DEBT":81.957639385721,"ISSUED_COMMON_SHARES":600000000,"HK_COMMON_SHARES":600000000,"PER_SHARES":4000,"TOTAL_MARKET_CAP":156000000,"HKSK_MARKET_CAP":156000000,"PE_TTM":10.021198689536,"PB_TTM":0.283366392746,"REPORT_DATE_SQ":"2019-12-31 00:00:00","REPORT_TYPE_SQ":"2019年年报","OPERATE_INCOME_SQ":901587992.8,"DPS_HKD":0.008,"OPERATE_INCOME_QOQ_SQ":0,"NET_PROFIT_RATIO_SQ":0.064049034,"HOLDER_PROFIT_SQ":588422.8,"HOLDER_PROFIT_QOQ_SQ":0,"ROE_AVG_SQ":0.125153648452,"PE_TTM_SQ":8.603194211594,"PB_TTM_SQ":0.360857174581,"ROA_SQ":0.073352237101,"START_DATE":"2020-04-01 00:00:00","FISCAL_YEAR":"3-31","CURRENCY":"HKD","IS_CNY_CODE":0,"DPS_HKD_LY":null,"ORG_TYPE":"一般企业","PREMIUM_INCOME":null,"PREMIUM_INCOME_YOY":null,"NET_INTEREST_INCOME":null,"NET_INTEREST_INCOME_YOY":null,"FEE_COMMISSION_INCOME":null,"FEE_COMMISSION_INCOME_YOY":null,"ACCOUNTS_RECE_TDAYS":2.401181858472,"INVENTORY_TDAYS":6.772252386712,"CURRENT_ASSETS_TDAYS":1.019597468773,"TOTAL_ASSETS_TDAYS":0.777204767759,"PREMIUM_EXPENSE":null,"LOAN_DEPOSIT":null,"LOAN_EQUITY":null,"LOAN_ASSETS":null,"DEPOSIT_EQUITY":null,"DEPOSIT_ASSETS":null,"EQUITY_MULTIPLIER":1.644385318183,"EQUITY_RATIO":0.649163294402},{"SECUCODE":"03816.HK","SECURITY_CODE":"03816","SECURITY_NAME_ABBR":"KFM金德","ORG_CODE":"10290283","STD_REPORT_DATE":"2020-06-30 00:00:00","REPORT_DATE":"2020-09-30 00:00:00","DATE_TYPE_CODE":"002","REPORT_TYPE":"2020年中报","PER_NETCASH_OPERATE":0.076608274133,"PER_OI":0.270121457067,"BPS":0.786874721067,"BASIC_EPS":0.031809664,"DILUTED_EPS":0.031809664,"OPERATE_INCOME":162072874.24,"OPERATE_INCOME_YOY":-34.4422111694,"GROSS_PROFIT":30033770.88,"GROSS_PROFIT_YOY":-74.407195669065,"HOLDER_PROFIT":19110402.56,"HOLDER_PROFIT_YOY":-31.0047270074,"GROSS_PROFIT_RATIO":24.167049184587,"EPS_TTM":0.000980704667,"OPERATE_INCOME_QOQ":0,"NET_PROFIT_RATIO":6.3486427109,"ROE_AVG":4.159283657676,"GROSS_PROFIT_QOQ":0,"ROA":2.59167168663,"HOLDER_PROFIT_QOQ":0,"ROE_YEARLY":8.318567315351,"ROIC_YEARLY":9.861529131029,"TOTAL_ASSETS":749539372.8,"TOTAL_LIABILITIES":274003349.12,"TAX_EBT":39.169443732376,"OCF_SALES":15.101230119894,"TOTAL_PARENT_EQUITY":472124832.64,"DEBT_ASSET_RATIO":36.5562316088,"OPERATE_PROFIT":2513139.2,"PRETAX_PROFIT":3427886.72,"NETCASH_OPERATE":45964964.48,"NETCASH_INVEST":-19322174.08,"NETCASH_FINANCE":-13853899.52,"END_CASH":353499390.08,"DIVI_RATIO":7.395090740875,"DIVIDEND_RATE":3.076923076923,"CURRENT_RATIO":2.188637736741,"COMMON_ACS":4500000000,"CURRENTDEBT_DEBT":97.6688548879,"ISSUED_COMMON_SHARES":600000000,"HK_COMMON_SHARES":600000000,"PER_SHARES":4000,"TOTAL_MARKET_CAP":156000000,"HKSK_MARKET_CAP":156000000,"PE_TTM":10.021198689536,"PB_TTM":0.283366392746,"REPORT_DATE_SQ":"2019-06-30 00:00:00","REPORT_TYPE_SQ":"2019年中报","OPERATE_INCOME_SQ":476596827.72,"DPS_HKD":0.008,"OPERATE_INCOME_QOQ_SQ":0,"NET_PROFIT_RATIO_SQ":5.9717396077,"HOLDER_PROFIT_SQ":28432257.21,"HOLDER_PROFIT_QOQ_SQ":0,"ROE_AVG_SQ":6.011907089229,"PE_TTM_SQ":8.603194211594,"PB_TTM_SQ":0.360857174581,"ROA_SQ":3.115951842673,"START_DATE":"2020-04-01 00:00:00","FISCAL_YEAR":"3-31","CURRENCY":"HKD","IS_CNY_CODE":0,"DPS_HKD_LY":null,"ORG_TYPE":"一般企业","PREMIUM_INCOME":null,"PREMIUM_INCOME_YOY":null,"NET_INTEREST_INCOME":null,"NET_INTEREST_INCOME_YOY":null,"FEE_COMMISSION_INCOME":null,"FEE_COMMISSION_INCOME_YOY":null,"ACCOUNTS_RECE_TDAYS":1.084611607524,"INVENTORY_TDAYS":3.85790447656,"CURRENT_ASSETS_TDAYS":0.527402104346,"TOTAL_ASSETS_TDAYS":0.412785802768,"PREMIUM_EXPENSE":null,"LOAN_DEPOSIT":null,"LOAN_EQUITY":null,"LOAN_ASSETS":null,"DEPOSIT_EQUITY":null,"DEPOSIT_ASSETS":null,"EQUITY_MULTIPLIER":1.576198932311,"EQUITY_RATIO":0.580362078368}],"count":29},"success":true,"message":"ok","code":0}