{"version":"f5858199a39474dfadebd40a61c00947","result":{"pages":3,"data":[{"SECUCODE":"03822.HK","SECURITY_CODE":"03822","SECURITY_NAME_ABBR":"三和建筑集团","ORG_CODE":"10422564","STD_REPORT_DATE":"2024-06-30 00:00:00","REPORT_DATE":"2024-09-30 00:00:00","DATE_TYPE_CODE":"002","REPORT_TYPE":"2024年中报","PER_NETCASH_OPERATE":0.022901708542,"PER_OI":0.208691919732,"BPS":5.086954447619,"BASIC_EPS":0.001713401,"DILUTED_EPS":0.001713401,"OPERATE_INCOME":350602425.15,"OPERATE_INCOME_YOY":79.4000387608,"GROSS_PROFIT":52699705.81,"GROSS_PROFIT_YOY":8069.30785222598,"HOLDER_PROFIT":2919094.23,"HOLDER_PROFIT_YOY":112.993216393,"GROSS_PROFIT_RATIO":15.031186902787,"EPS_TTM":-0.015260797946,"OPERATE_INCOME_QOQ":0,"NET_PROFIT_RATIO":0.8325938501,"ROE_AVG":0.685483401328,"GROSS_PROFIT_QOQ":0,"ROA":0.361052909253,"HOLDER_PROFIT_QOQ":0,"ROE_YEARLY":1.370966802655,"ROIC_YEARLY":0.807099584046,"TOTAL_ASSETS":838212903.21,"TOTAL_LIABILITIES":410908729.61,"TAX_EBT":-47.337278106509,"OCF_SALES":10.973931607444,"TOTAL_PARENT_EQUITY":427304173.6,"DEBT_ASSET_RATIO":49.0220000237,"OPERATE_PROFIT":8917801.31,"PRETAX_PROFIT":1981232.63,"NETCASH_OPERATE":38474870.35,"NETCASH_INVEST":-22952359.08,"NETCASH_FINANCE":143384.61,"END_CASH":92973647.21,"DIVI_RATIO":null,"DIVIDEND_RATE":null,"CURRENT_RATIO":0.88360591097,"COMMON_ACS":200000000,"CURRENTDEBT_DEBT":84.042891723855,"ISSUED_COMMON_SHARES":84000000,"HK_COMMON_SHARES":84000000,"PER_SHARES":4000,"TOTAL_MARKET_CAP":3528000,"HKSK_MARKET_CAP":3528000,"PE_TTM":-26.931297709924,"PB_TTM":0.007445551241,"REPORT_DATE_SQ":"2023-06-30 00:00:00","REPORT_TYPE_SQ":"2023年中报","OPERATE_INCOME_SQ":198863267.82,"DPS_HKD":null,"OPERATE_INCOME_QOQ_SQ":0,"NET_PROFIT_RATIO_SQ":-11.495796303,"HOLDER_PROFIT_SQ":-22860916.19,"HOLDER_PROFIT_QOQ_SQ":0,"ROE_AVG_SQ":-5.110385181462,"PE_TTM_SQ":1.877712031558,"PB_TTM_SQ":0.120242252774,"ROA_SQ":-2.704951985012,"START_DATE":"2024-04-01 00:00:00","FISCAL_YEAR":"3-31","CURRENCY":"HKD","IS_CNY_CODE":0,"DPS_HKD_LY":null,"ORG_TYPE":"一般企业","PREMIUM_INCOME":null,"PREMIUM_INCOME_YOY":null,"NET_INTEREST_INCOME":null,"NET_INTEREST_INCOME_YOY":null,"FEE_COMMISSION_INCOME":null,"FEE_COMMISSION_INCOME_YOY":null,"ACCOUNTS_RECE_TDAYS":2.740296172036,"INVENTORY_TDAYS":null,"CURRENT_ASSETS_TDAYS":1.217256402349,"TOTAL_ASSETS_TDAYS":0.433648301897,"PREMIUM_EXPENSE":null,"LOAN_DEPOSIT":null,"LOAN_EQUITY":null,"LOAN_ASSETS":null,"DEPOSIT_EQUITY":null,"DEPOSIT_ASSETS":null,"EQUITY_MULTIPLIER":1.96163050819,"EQUITY_RATIO":0.961630508188},{"SECUCODE":"03822.HK","SECURITY_CODE":"03822","SECURITY_NAME_ABBR":"三和建筑集团","ORG_CODE":"10422564","STD_REPORT_DATE":"2023-12-31 00:00:00","REPORT_DATE":"2024-03-31 00:00:00","DATE_TYPE_CODE":"001","REPORT_TYPE":"2023年年报","PER_NETCASH_OPERATE":-0.01798098756,"PER_OI":0.247075345982,"BPS":5.078870829167,"BASIC_EPS":-0.01523004,"DILUTED_EPS":-0.01523004,"OPERATE_INCOME":415086581.25,"OPERATE_INCOME_YOY":9.8406156592,"GROSS_PROFIT":28838262.05,"GROSS_PROFIT_YOY":4569.82059982067,"HOLDER_PROFIT":-25638140.55,"HOLDER_PROFIT_YOY":10.0906056271,"GROSS_PROFIT_RATIO":6.947529347529,"EPS_TTM":0.016724762488,"OPERATE_INCOME_QOQ":0,"NET_PROFIT_RATIO":-6.1765765766,"ROE_AVG":-5.827787548799,"GROSS_PROFIT_QOQ":0,"ROA":-3.082364224913,"HOLDER_PROFIT_QOQ":0,"ROE_YEARLY":-5.827787548799,"ROIC_YEARLY":-3.643944572254,"TOTAL_ASSETS":782887514.5,"TOTAL_LIABILITIES":356262364.85,"TAX_EBT":3.740639891082,"OCF_SALES":-7.277532077532,"TOTAL_PARENT_EQUITY":426625149.65,"DEBT_ASSET_RATIO":45.5062008592,"OPERATE_PROFIT":-16807437,"PRETAX_PROFIT":-26634439,"NETCASH_OPERATE":-30208059.1,"NETCASH_INVEST":-13646297.15,"NETCASH_FINANCE":-57087266.6,"END_CASH":77715811.85,"DIVI_RATIO":null,"DIVIDEND_RATE":null,"CURRENT_RATIO":1.361108594005,"COMMON_ACS":200000000,"CURRENTDEBT_DEBT":56.162672047676,"ISSUED_COMMON_SHARES":84000000,"HK_COMMON_SHARES":84000000,"PER_SHARES":4000,"TOTAL_MARKET_CAP":3528000,"HKSK_MARKET_CAP":3528000,"PE_TTM":-26.931297709924,"PB_TTM":0.007445551241,"REPORT_DATE_SQ":"2022-12-31 00:00:00","REPORT_TYPE_SQ":"2022年年报","OPERATE_INCOME_SQ":364918160.14,"DPS_HKD":null,"OPERATE_INCOME_QOQ_SQ":0,"NET_PROFIT_RATIO_SQ":-7.545807405,"HOLDER_PROFIT_SQ":-27536021.55,"HOLDER_PROFIT_QOQ_SQ":0,"ROE_AVG_SQ":-6.095617182451,"PE_TTM_SQ":1.712031558185,"PB_TTM_SQ":0.109632642235,"ROA_SQ":-3.542955876092,"START_DATE":"2023-04-01 00:00:00","FISCAL_YEAR":"3-31","CURRENCY":"HKD","IS_CNY_CODE":0,"DPS_HKD_LY":null,"ORG_TYPE":"一般企业","PREMIUM_INCOME":null,"PREMIUM_INCOME_YOY":null,"NET_INTEREST_INCOME":null,"NET_INTEREST_INCOME_YOY":null,"FEE_COMMISSION_INCOME":null,"FEE_COMMISSION_INCOME_YOY":null,"ACCOUNTS_RECE_TDAYS":3.3524430826,"INVENTORY_TDAYS":null,"CURRENT_ASSETS_TDAYS":1.317019501812,"TOTAL_ASSETS_TDAYS":0.499040882388,"PREMIUM_EXPENSE":null,"LOAN_DEPOSIT":null,"LOAN_EQUITY":null,"LOAN_ASSETS":null,"DEPOSIT_EQUITY":null,"DEPOSIT_ASSETS":null,"EQUITY_MULTIPLIER":1.835071174642,"EQUITY_RATIO":0.835071174642},{"SECUCODE":"03822.HK","SECURITY_CODE":"03822","SECURITY_NAME_ABBR":"三和建筑集团","ORG_CODE":"10422564","STD_REPORT_DATE":"2023-06-30 00:00:00","REPORT_DATE":"2023-09-30 00:00:00","DATE_TYPE_CODE":"002","REPORT_TYPE":"2023年中报","PER_NETCASH_OPERATE":0.011463274292,"PER_OI":0.11837099275,"BPS":5.1894270575,"BASIC_EPS":-0.013580924,"DILUTED_EPS":-0.013580924,"OPERATE_INCOME":198863267.82,"OPERATE_INCOME_YOY":74.0241385679,"GROSS_PROFIT":645093.89,"GROSS_PROFIT_YOY":100.994745303691,"HOLDER_PROFIT":-22860916.19,"HOLDER_PROFIT_YOY":71.2944185832,"GROSS_PROFIT_RATIO":0.324390671576,"EPS_TTM":-0.016390489018,"OPERATE_INCOME_QOQ":0,"NET_PROFIT_RATIO":-11.495796303,"ROE_AVG":-5.110385181462,"GROSS_PROFIT_QOQ":0,"ROA":-2.704951985012,"HOLDER_PROFIT_QOQ":0,"ROE_YEARLY":-10.220770362925,"ROIC_YEARLY":-6.629011003339,"TOTAL_ASSETS":798887760.37,"TOTAL_LIABILITIES":362975887.54,"TAX_EBT":8.104020656584,"OCF_SALES":9.68419206881,"TOTAL_PARENT_EQUITY":435911872.83,"DEBT_ASSET_RATIO":45.4351544167,"OPERATE_PROFIT":-20410844.09,"PRETAX_PROFIT":-24876949.3,"NETCASH_OPERATE":19258300.81,"NETCASH_INVEST":-12241184.2,"NETCASH_FINANCE":-57844642.31,"END_CASH":130013488.92,"DIVI_RATIO":null,"DIVIDEND_RATE":null,"CURRENT_RATIO":1.268535635366,"COMMON_ACS":200000000,"CURRENTDEBT_DEBT":58.804524241704,"ISSUED_COMMON_SHARES":84000000,"HK_COMMON_SHARES":84000000,"PER_SHARES":4000,"TOTAL_MARKET_CAP":3528000,"HKSK_MARKET_CAP":3528000,"PE_TTM":-26.931297709924,"PB_TTM":0.007445551241,"REPORT_DATE_SQ":"2022-06-30 00:00:00","REPORT_TYPE_SQ":"2022年中报","OPERATE_INCOME_SQ":112630817.64,"DPS_HKD":null,"OPERATE_INCOME_QOQ_SQ":0,"NET_PROFIT_RATIO_SQ":-69.6918839486,"HOLDER_PROFIT_SQ":-78494538.72,"HOLDER_PROFIT_QOQ_SQ":0,"ROE_AVG_SQ":-17.758770628498,"PE_TTM_SQ":1.712031558185,"PB_TTM_SQ":0.109632642235,"ROA_SQ":-10.260896912202,"START_DATE":"2023-04-01 00:00:00","FISCAL_YEAR":"3-31","CURRENCY":"HKD","IS_CNY_CODE":0,"DPS_HKD_LY":null,"ORG_TYPE":"一般企业","PREMIUM_INCOME":null,"PREMIUM_INCOME_YOY":null,"NET_INTEREST_INCOME":null,"NET_INTEREST_INCOME_YOY":null,"FEE_COMMISSION_INCOME":null,"FEE_COMMISSION_INCOME_YOY":null,"ACCOUNTS_RECE_TDAYS":1.701158628485,"INVENTORY_TDAYS":null,"CURRENT_ASSETS_TDAYS":0.628178371422,"TOTAL_ASSETS_TDAYS":0.235299227102,"PREMIUM_EXPENSE":null,"LOAN_DEPOSIT":null,"LOAN_EQUITY":null,"LOAN_ASSETS":null,"DEPOSIT_EQUITY":null,"DEPOSIT_ASSETS":null,"EQUITY_MULTIPLIER":1.832681810624,"EQUITY_RATIO":0.832681810623},{"SECUCODE":"03822.HK","SECURITY_CODE":"03822","SECURITY_NAME_ABBR":"三和建筑集团","ORG_CODE":"10422564","STD_REPORT_DATE":"2022-12-31 00:00:00","REPORT_DATE":"2023-03-31 00:00:00","DATE_TYPE_CODE":"001","REPORT_TYPE":"2022年年报","PER_NETCASH_OPERATE":-0.030271990446,"PER_OI":0.21721319056,"BPS":5.210294418333,"BASIC_EPS":-0.016370167,"DILUTED_EPS":-0.016370167,"OPERATE_INCOME":364918160.14,"OPERATE_INCOME_YOY":14.9897659125,"GROSS_PROFIT":-645177.17,"GROSS_PROFIT_YOY":98.617010750384,"HOLDER_PROFIT":-27536021.55,"HOLDER_PROFIT_YOY":68.762723815,"GROSS_PROFIT_RATIO":-0.17680051049,"EPS_TTM":-0.089238098875,"OPERATE_INCOME_QOQ":0,"NET_PROFIT_RATIO":-7.545807405,"ROE_AVG":-6.095617182451,"GROSS_PROFIT_QOQ":0,"ROA":-3.542955876092,"HOLDER_PROFIT_QOQ":0,"ROE_YEARLY":-6.095617182451,"ROIC_YEARLY":-4.336724494256,"TOTAL_ASSETS":850399536.3,"TOTAL_LIABILITIES":412734805.16,"TAX_EBT":-1.43502096098,"OCF_SALES":-13.936534134253,"TOTAL_PARENT_EQUITY":437664731.14,"DEBT_ASSET_RATIO":48.5342227438,"OPERATE_PROFIT":-21038728.53,"PRETAX_PROFIT":-27146464.1,"NETCASH_OPERATE":-50856943.95,"NETCASH_INVEST":-27701474.04,"NETCASH_FINANCE":139089517.85,"END_CASH":172520550.34,"DIVI_RATIO":null,"DIVIDEND_RATE":null,"CURRENT_RATIO":1.480594026739,"COMMON_ACS":200000000,"CURRENTDEBT_DEBT":56.571702483265,"ISSUED_COMMON_SHARES":84000000,"HK_COMMON_SHARES":84000000,"PER_SHARES":4000,"TOTAL_MARKET_CAP":3528000,"HKSK_MARKET_CAP":3528000,"PE_TTM":-26.931297709924,"PB_TTM":0.007445551241,"REPORT_DATE_SQ":"2021-12-31 00:00:00","REPORT_TYPE_SQ":"2021年年报","OPERATE_INCOME_SQ":294002479.14,"DPS_HKD":null,"OPERATE_INCOME_QOQ_SQ":0,"NET_PROFIT_RATIO_SQ":-27.7774099759,"HOLDER_PROFIT_SQ":-81666273.97,"HOLDER_PROFIT_QOQ_SQ":0,"ROE_AVG_SQ":-17.315501446584,"PE_TTM_SQ":1.712031558185,"PB_TTM_SQ":0.109632642235,"ROA_SQ":-11.590521272463,"START_DATE":"2022-04-01 00:00:00","FISCAL_YEAR":"3-31","CURRENCY":"HKD","IS_CNY_CODE":0,"DPS_HKD_LY":null,"ORG_TYPE":"一般企业","PREMIUM_INCOME":null,"PREMIUM_INCOME_YOY":null,"NET_INTEREST_INCOME":null,"NET_INTEREST_INCOME_YOY":null,"FEE_COMMISSION_INCOME":null,"FEE_COMMISSION_INCOME_YOY":null,"ACCOUNTS_RECE_TDAYS":3.304732496423,"INVENTORY_TDAYS":null,"CURRENT_ASSETS_TDAYS":1.313457572592,"TOTAL_ASSETS_TDAYS":0.469526411945,"PREMIUM_EXPENSE":null,"LOAN_DEPOSIT":null,"LOAN_EQUITY":null,"LOAN_ASSETS":null,"DEPOSIT_EQUITY":null,"DEPOSIT_ASSETS":null,"EQUITY_MULTIPLIER":1.943038759566,"EQUITY_RATIO":0.943038759566},{"SECUCODE":"03822.HK","SECURITY_CODE":"03822","SECURITY_NAME_ABBR":"三和建筑集团","ORG_CODE":"10422564","STD_REPORT_DATE":"2022-06-30 00:00:00","REPORT_DATE":"2022-09-30 00:00:00","DATE_TYPE_CODE":"002","REPORT_TYPE":"2022年中报","PER_NETCASH_OPERATE":-0.030885010929,"PER_OI":0.067042153357,"BPS":4.794727152857,"BASIC_EPS":-0.046759548,"DILUTED_EPS":-0.046759548,"OPERATE_INCOME":112630817.64,"OPERATE_INCOME_YOY":-42.6206394478,"GROSS_PROFIT":-64850156.88,"GROSS_PROFIT_YOY":-1149.98275765716,"HOLDER_PROFIT":-78494538.72,"HOLDER_PROFIT_YOY":-605.9952818677,"GROSS_PROFIT_RATIO":-57.577631272535,"EPS_TTM":-0.048610877363,"OPERATE_INCOME_QOQ":0,"NET_PROFIT_RATIO":-69.6918839486,"ROE_AVG":-17.758770628498,"GROSS_PROFIT_QOQ":0,"ROA":-10.260896912202,"HOLDER_PROFIT_QOQ":0,"ROE_YEARLY":-35.517541256996,"ROIC_YEARLY":-25.98960571491,"TOTAL_ASSETS":802618144.8,"TOTAL_LIABILITIES":399861063.96,"TAX_EBT":3.058329423855,"OCF_SALES":-46.06804731352,"TOTAL_PARENT_EQUITY":402757080.84,"DEBT_ASSET_RATIO":49.8195893714,"OPERATE_PROFIT":-79216281.84,"PRETAX_PROFIT":-80970895.44,"NETCASH_OPERATE":-51886818.36,"NETCASH_INVEST":-4225543.68,"NETCASH_FINANCE":146588921.88,"END_CASH":206179760.16,"DIVI_RATIO":null,"DIVIDEND_RATE":null,"CURRENT_RATIO":1.684260122503,"COMMON_ACS":200000000,"CURRENTDEBT_DEBT":45.12597572092,"ISSUED_COMMON_SHARES":84000000,"HK_COMMON_SHARES":84000000,"PER_SHARES":4000,"TOTAL_MARKET_CAP":3528000,"HKSK_MARKET_CAP":3528000,"PE_TTM":-26.931297709924,"PB_TTM":0.007445551241,"REPORT_DATE_SQ":"2021-06-30 00:00:00","REPORT_TYPE_SQ":"2021年中报","OPERATE_INCOME_SQ":180799844.86,"DPS_HKD":null,"OPERATE_INCOME_QOQ_SQ":0,"NET_PROFIT_RATIO_SQ":-5.6641677917,"HOLDER_PROFIT_SQ":-10240806.58,"HOLDER_PROFIT_QOQ_SQ":0,"ROE_AVG_SQ":-1.967385224526,"PE_TTM_SQ":1.712031558185,"PB_TTM_SQ":0.109632642235,"ROA_SQ":-1.34127280712,"START_DATE":"2022-04-01 00:00:00","FISCAL_YEAR":"3-31","CURRENCY":"HKD","IS_CNY_CODE":0,"DPS_HKD_LY":null,"ORG_TYPE":"一般企业","PREMIUM_INCOME":null,"PREMIUM_INCOME_YOY":null,"NET_INTEREST_INCOME":null,"NET_INTEREST_INCOME_YOY":null,"FEE_COMMISSION_INCOME":null,"FEE_COMMISSION_INCOME_YOY":null,"ACCOUNTS_RECE_TDAYS":1.278257076137,"INVENTORY_TDAYS":null,"CURRENT_ASSETS_TDAYS":0.432507432414,"TOTAL_ASSETS_TDAYS":0.147232307851,"PREMIUM_EXPENSE":null,"LOAN_DEPOSIT":null,"LOAN_EQUITY":null,"LOAN_ASSETS":null,"DEPOSIT_EQUITY":null,"DEPOSIT_ASSETS":null,"EQUITY_MULTIPLIER":1.992809519638,"EQUITY_RATIO":0.992809519639},{"SECUCODE":"03822.HK","SECURITY_CODE":"03822","SECURITY_NAME_ABBR":"三和建筑集团","ORG_CODE":"10422564","STD_REPORT_DATE":"2021-12-31 00:00:00","REPORT_DATE":"2022-03-31 00:00:00","DATE_TYPE_CODE":"001","REPORT_TYPE":"2021年年报","PER_NETCASH_OPERATE":-0.006479390607,"PER_OI":0.175001475679,"BPS":5.137352499881,"BASIC_EPS":-0.048579499,"DILUTED_EPS":-0.048579499,"OPERATE_INCOME":294002479.14,"OPERATE_INCOME_YOY":1.7694568669,"GROSS_PROFIT":-46650917.22,"GROSS_PROFIT_YOY":-1261.86598174533,"HOLDER_PROFIT":-81666273.97,"HOLDER_PROFIT_YOY":-198.3526414032,"GROSS_PROFIT_RATIO":-15.867525116271,"EPS_TTM":-0.000634971786,"OPERATE_INCOME_QOQ":0,"NET_PROFIT_RATIO":-27.7774099759,"ROE_AVG":-17.315501446584,"GROSS_PROFIT_QOQ":0,"ROA":-11.590521272463,"HOLDER_PROFIT_QOQ":0,"ROE_YEARLY":-17.315501446584,"ROIC_YEARLY":-14.165458041845,"TOTAL_ASSETS":652219108.06,"TOTAL_LIABILITIES":220681498.07,"TAX_EBT":3.803091385009,"OCF_SALES":-3.702477697413,"TOTAL_PARENT_EQUITY":431537609.99,"DEBT_ASSET_RATIO":33.8354849379,"OPERATE_PROFIT":-83497534.55,"PRETAX_PROFIT":-84894904.78,"NETCASH_OPERATE":-10885376.22,"NETCASH_INVEST":-6617841.6,"NETCASH_FINANCE":-15066132.77,"END_CASH":103750887.28,"DIVI_RATIO":null,"DIVIDEND_RATE":null,"CURRENT_RATIO":1.119515291833,"COMMON_ACS":200000000,"CURRENTDEBT_DEBT":78.730793401125,"ISSUED_COMMON_SHARES":84000000,"HK_COMMON_SHARES":84000000,"PER_SHARES":4000,"TOTAL_MARKET_CAP":3528000,"HKSK_MARKET_CAP":3528000,"PE_TTM":-26.931297709924,"PB_TTM":0.007445551241,"REPORT_DATE_SQ":"2020-12-31 00:00:00","REPORT_TYPE_SQ":"2020年年报","OPERATE_INCOME_SQ":301062412.98,"DPS_HKD":null,"OPERATE_INCOME_QOQ_SQ":0,"NET_PROFIT_RATIO_SQ":-9.4750021757,"HOLDER_PROFIT_SQ":-28525670.18,"HOLDER_PROFIT_QOQ_SQ":0,"ROE_AVG_SQ":-5.079489778488,"PE_TTM_SQ":1.712031558185,"PB_TTM_SQ":0.109632642235,"ROA_SQ":-3.414816017694,"START_DATE":"2021-04-01 00:00:00","FISCAL_YEAR":"3-31","CURRENCY":"HKD","IS_CNY_CODE":0,"DPS_HKD_LY":null,"ORG_TYPE":"一般企业","PREMIUM_INCOME":null,"PREMIUM_INCOME_YOY":null,"NET_INTEREST_INCOME":null,"NET_INTEREST_INCOME_YOY":null,"FEE_COMMISSION_INCOME":null,"FEE_COMMISSION_INCOME_YOY":null,"ACCOUNTS_RECE_TDAYS":2.868750816079,"INVENTORY_TDAYS":null,"CURRENT_ASSETS_TDAYS":1.226819090937,"TOTAL_ASSETS_TDAYS":0.41726429075,"PREMIUM_EXPENSE":null,"LOAN_DEPOSIT":null,"LOAN_EQUITY":null,"LOAN_ASSETS":null,"DEPOSIT_EQUITY":null,"DEPOSIT_ASSETS":null,"EQUITY_MULTIPLIER":1.511384159714,"EQUITY_RATIO":0.511384159715},{"SECUCODE":"03822.HK","SECURITY_CODE":"03822","SECURITY_NAME_ABBR":"三和建筑集团","ORG_CODE":"10422564","STD_REPORT_DATE":"2021-06-30 00:00:00","REPORT_DATE":"2021-09-30 00:00:00","DATE_TYPE_CODE":"002","REPORT_TYPE":"2021年中报","PER_NETCASH_OPERATE":-0.005219021726,"PER_OI":0.107618955274,"BPS":6.135814173571,"BASIC_EPS":-0.006081338,"DILUTED_EPS":-0.006081338,"OPERATE_INCOME":180799844.86,"OPERATE_INCOME_YOY":68.9325300455,"GROSS_PROFIT":6176306.84,"GROSS_PROFIT_YOY":117.381127481859,"HOLDER_PROFIT":-10240806.58,"HOLDER_PROFIT_YOY":71.3469920518,"GROSS_PROFIT_RATIO":3.416101847202,"EPS_TTM":-0.016979565583,"OPERATE_INCOME_QOQ":0,"NET_PROFIT_RATIO":-5.6641677917,"ROE_AVG":-1.967385224526,"GROSS_PROFIT_QOQ":0,"ROA":-1.34127280712,"HOLDER_PROFIT_QOQ":0,"ROE_YEARLY":-3.934770449051,"ROIC_YEARLY":-3.248612112199,"TOTAL_ASSETS":749475757.96,"TOTAL_LIABILITIES":234067367.38,"TAX_EBT":17.101625193877,"OCF_SALES":-4.849537623657,"TOTAL_PARENT_EQUITY":515408390.58,"DEBT_ASSET_RATIO":31.2308123237,"OPERATE_PROFIT":-11766972.5,"PRETAX_PROFIT":-12353446.74,"NETCASH_OPERATE":-8767956.5,"NETCASH_INVEST":-5942216.98,"NETCASH_FINANCE":-15783154.76,"END_CASH":109533227.98,"DIVI_RATIO":null,"DIVIDEND_RATE":null,"CURRENT_RATIO":1.48393984404,"COMMON_ACS":200000000,"CURRENTDEBT_DEBT":76.676406629819,"ISSUED_COMMON_SHARES":84000000,"HK_COMMON_SHARES":84000000,"PER_SHARES":4000,"TOTAL_MARKET_CAP":3528000,"HKSK_MARKET_CAP":3528000,"PE_TTM":-26.931297709924,"PB_TTM":0.007445551241,"REPORT_DATE_SQ":"2020-06-30 00:00:00","REPORT_TYPE_SQ":"2020年中报","OPERATE_INCOME_SQ":112890915.84,"DPS_HKD":null,"OPERATE_INCOME_QOQ_SQ":0,"NET_PROFIT_RATIO_SQ":-33.3948253316,"HOLDER_PROFIT_SQ":-37699724.16,"HOLDER_PROFIT_QOQ_SQ":0,"ROE_AVG_SQ":-6.50365217444,"PE_TTM_SQ":1.712031558185,"PB_TTM_SQ":0.109632642235,"ROA_SQ":-4.625715237593,"START_DATE":"2021-04-01 00:00:00","FISCAL_YEAR":"3-31","CURRENCY":"HKD","IS_CNY_CODE":0,"DPS_HKD_LY":null,"ORG_TYPE":"一般企业","PREMIUM_INCOME":null,"PREMIUM_INCOME_YOY":null,"NET_INTEREST_INCOME":null,"NET_INTEREST_INCOME_YOY":null,"FEE_COMMISSION_INCOME":null,"FEE_COMMISSION_INCOME_YOY":null,"ACCOUNTS_RECE_TDAYS":1.320770562586,"INVENTORY_TDAYS":null,"CURRENT_ASSETS_TDAYS":0.64703672676,"TOTAL_ASSETS_TDAYS":0.236799624666,"PREMIUM_EXPENSE":null,"LOAN_DEPOSIT":null,"LOAN_EQUITY":null,"LOAN_ASSETS":null,"DEPOSIT_EQUITY":null,"DEPOSIT_ASSETS":null,"EQUITY_MULTIPLIER":1.45413961367,"EQUITY_RATIO":0.454139613669},{"SECUCODE":"03822.HK","SECURITY_CODE":"03822","SECURITY_NAME_ABBR":"三和建筑集团","ORG_CODE":"10422564","STD_REPORT_DATE":"2020-12-31 00:00:00","REPORT_DATE":"2021-03-31 00:00:00","DATE_TYPE_CODE":"001","REPORT_TYPE":"2020年年报","PER_NETCASH_OPERATE":-0.00133870475,"PER_OI":0.17920381725,"BPS":6.348770803333,"BASIC_EPS":-0.016988118,"DILUTED_EPS":-0.016988118,"OPERATE_INCOME":301062412.98,"OPERATE_INCOME_YOY":-61.1475833605,"GROSS_PROFIT":-3425514.54,"GROSS_PROFIT_YOY":-102.959798421501,"HOLDER_PROFIT":-28525670.18,"HOLDER_PROFIT_YOY":-146.2228491605,"GROSS_PROFIT_RATIO":-1.137808770644,"EPS_TTM":0.015117295423,"OPERATE_INCOME_QOQ":0,"NET_PROFIT_RATIO":-9.4750021757,"ROE_AVG":-5.079489778488,"GROSS_PROFIT_QOQ":0,"ROA":-3.414816017694,"HOLDER_PROFIT_QOQ":0,"ROE_YEARLY":-5.079489778488,"ROIC_YEARLY":-4.268234463929,"TOTAL_ASSETS":788864811.42,"TOTAL_LIABILITIES":255568063.94,"TAX_EBT":8.379933764048,"OCF_SALES":-0.747029148454,"TOTAL_PARENT_EQUITY":533296747.48,"DEBT_ASSET_RATIO":32.3969405455,"OPERATE_PROFIT":-31144037.82,"PRETAX_PROFIT":-31134740.84,"NETCASH_OPERATE":-2249023.98,"NETCASH_INVEST":-10347538.74,"NETCASH_FINANCE":-20563229.4,"END_CASH":142063770.66,"DIVI_RATIO":null,"DIVIDEND_RATE":null,"CURRENT_RATIO":1.453033964513,"COMMON_ACS":200000000,"CURRENTDEBT_DEBT":79.91983676331,"ISSUED_COMMON_SHARES":84000000,"HK_COMMON_SHARES":84000000,"PER_SHARES":4000,"TOTAL_MARKET_CAP":3528000,"HKSK_MARKET_CAP":3528000,"PE_TTM":-26.931297709924,"PB_TTM":0.007445551241,"REPORT_DATE_SQ":"2019-12-31 00:00:00","REPORT_TYPE_SQ":"2019年年报","OPERATE_INCOME_SQ":837708484.7,"DPS_HKD":null,"OPERATE_INCOME_QOQ_SQ":0,"NET_PROFIT_RATIO_SQ":7.9641722411,"HOLDER_PROFIT_SQ":66716546.6,"HOLDER_PROFIT_QOQ_SQ":0,"ROE_AVG_SQ":11.03121744799,"PE_TTM_SQ":1.712031558185,"PB_TTM_SQ":0.109632642235,"ROA_SQ":7.680833785654,"START_DATE":"2020-04-01 00:00:00","FISCAL_YEAR":"3-31","CURRENCY":"HKD","IS_CNY_CODE":0,"DPS_HKD_LY":0.02,"ORG_TYPE":"一般企业","PREMIUM_INCOME":null,"PREMIUM_INCOME_YOY":null,"NET_INTEREST_INCOME":null,"NET_INTEREST_INCOME_YOY":null,"FEE_COMMISSION_INCOME":null,"FEE_COMMISSION_INCOME_YOY":null,"ACCOUNTS_RECE_TDAYS":1.829481371915,"INVENTORY_TDAYS":null,"CURRENT_ASSETS_TDAYS":0.882007309391,"TOTAL_ASSETS_TDAYS":0.360402663174,"PREMIUM_EXPENSE":null,"LOAN_DEPOSIT":null,"LOAN_EQUITY":null,"LOAN_ASSETS":null,"DEPOSIT_EQUITY":null,"DEPOSIT_ASSETS":null,"EQUITY_MULTIPLIER":1.479222993854,"EQUITY_RATIO":0.479222993854},{"SECUCODE":"03822.HK","SECURITY_CODE":"03822","SECURITY_NAME_ABBR":"三和建筑集团","ORG_CODE":"10422564","STD_REPORT_DATE":"2020-06-30 00:00:00","REPORT_DATE":"2020-09-30 00:00:00","DATE_TYPE_CODE":"002","REPORT_TYPE":"2020年中报","PER_NETCASH_OPERATE":0.01405742781,"PER_OI":0.067196973714,"BPS":6.500686872381,"BASIC_EPS":-0.02240736,"DILUTED_EPS":-0.02240736,"OPERATE_INCOME":112890915.84,"OPERATE_INCOME_YOY":-55.0086150139,"GROSS_PROFIT":-35534558.08,"GROSS_PROFIT_YOY":-260.539795656272,"HOLDER_PROFIT":-37699724.16,"HOLDER_PROFIT_YOY":-1169.1004236232,"GROSS_PROFIT_RATIO":-31.476897689769,"EPS_TTM":0.039712230119,"OPERATE_INCOME_QOQ":0,"NET_PROFIT_RATIO":-33.3948253316,"ROE_AVG":-6.50365217444,"GROSS_PROFIT_QOQ":0,"ROA":-4.625715237593,"HOLDER_PROFIT_QOQ":0,"ROE_YEARLY":-13.007304348881,"ROIC_YEARLY":-11.401699770919,"TOTAL_ASSETS":713176181.76,"TOTAL_LIABILITIES":167118484.48,"TAX_EBT":16.456361724501,"OCF_SALES":20.919733482782,"TOTAL_PARENT_EQUITY":546057697.28,"DEBT_ASSET_RATIO":23.4329873535,"OPERATE_PROFIT":-45441247.36,"PRETAX_PROFIT":-45125786.88,"NETCASH_OPERATE":23616478.72,"NETCASH_INVEST":-3495548.16,"NETCASH_FINANCE":-79187610.24,"END_CASH":123110429.44,"DIVI_RATIO":null,"DIVIDEND_RATE":null,"CURRENT_RATIO":1.790159534341,"COMMON_ACS":200000000,"CURRENTDEBT_DEBT":66.214297732722,"ISSUED_COMMON_SHARES":84000000,"HK_COMMON_SHARES":84000000,"PER_SHARES":4000,"TOTAL_MARKET_CAP":3528000,"HKSK_MARKET_CAP":3528000,"PE_TTM":-26.931297709924,"PB_TTM":0.007445551241,"REPORT_DATE_SQ":"2019-06-30 00:00:00","REPORT_TYPE_SQ":"2019年中报","OPERATE_INCOME_SQ":257567151.48,"DPS_HKD":null,"OPERATE_INCOME_QOQ_SQ":0,"NET_PROFIT_RATIO_SQ":1.4053679241,"HOLDER_PROFIT_SQ":3619766.13,"HOLDER_PROFIT_QOQ_SQ":0,"ROE_AVG_SQ":0.639196966005,"PE_TTM_SQ":1.712031558185,"PB_TTM_SQ":0.109632642235,"ROA_SQ":0.436841893279,"START_DATE":"2020-04-01 00:00:00","FISCAL_YEAR":"3-31","CURRENCY":"HKD","IS_CNY_CODE":0,"DPS_HKD_LY":0.02,"ORG_TYPE":"一般企业","PREMIUM_INCOME":null,"PREMIUM_INCOME_YOY":null,"NET_INTEREST_INCOME":null,"NET_INTEREST_INCOME_YOY":null,"FEE_COMMISSION_INCOME":null,"FEE_COMMISSION_INCOME_YOY":null,"ACCOUNTS_RECE_TDAYS":0.840757828605,"INVENTORY_TDAYS":null,"CURRENT_ASSETS_TDAYS":0.376742447014,"TOTAL_ASSETS_TDAYS":0.138515928491,"PREMIUM_EXPENSE":null,"LOAN_DEPOSIT":null,"LOAN_EQUITY":null,"LOAN_ASSETS":null,"DEPOSIT_EQUITY":null,"DEPOSIT_ASSETS":null,"EQUITY_MULTIPLIER":1.30604546976,"EQUITY_RATIO":0.30604546976}],"count":25},"success":true,"message":"ok","code":0}