{"version":"33f0e97fd68fbfbefd290bee3304399f","result":{"pages":5,"data":[{"SECUCODE":"03828.HK","SECURITY_CODE":"03828","SECURITY_NAME_ABBR":"明辉国际","ORG_CODE":"10088456","STD_REPORT_DATE":"2024-06-30 00:00:00","REPORT_DATE":"2024-06-30 00:00:00","DATE_TYPE_CODE":"002","REPORT_TYPE":"2024年中报","PER_NETCASH_OPERATE":0.03746615574,"PER_OI":1.272015887306,"BPS":1.56474710865,"BASIC_EPS":0.06753832,"DILUTED_EPS":0.06753832,"OPERATE_INCOME":933993816.04,"OPERATE_INCOME_YOY":10.8975921958,"GROSS_PROFIT":223486126.24,"GROSS_PROFIT_YOY":8.761091451651,"HOLDER_PROFIT":48621201.64,"HOLDER_PROFIT_YOY":38.3822116009,"GROSS_PROFIT_RATIO":23.928009201126,"EPS_TTM":0.146457996354,"OPERATE_INCOME_QOQ":4.441058294349,"NET_PROFIT_RATIO":5.0487954792,"ROE_AVG":4.245521911979,"GROSS_PROFIT_QOQ":3.95930896984,"ROA":2.778805796303,"HOLDER_PROFIT_QOQ":13.904895272405,"ROE_YEARLY":8.491043823958,"ROIC_YEARLY":6.536003042683,"TOTAL_ASSETS":1705807134.12,"TOTAL_LIABILITIES":609777936.24,"TAX_EBT":20.82535206951,"OCF_SALES":2.945415706995,"TOTAL_PARENT_EQUITY":1148935432.12,"DEBT_ASSET_RATIO":35.7471793876,"OPERATE_PROFIT":58448939.88,"PRETAX_PROFIT":59558758.76,"NETCASH_OPERATE":27510000.56,"NETCASH_INVEST":-34287562.24,"NETCASH_FINANCE":-46525688.36,"END_CASH":286915560.88,"DIVI_RATIO":0.496329335439,"DIVIDEND_RATE":9.876543209877,"CURRENT_RATIO":2.015960247619,"COMMON_ACS":10000000000,"CURRENTDEBT_DEBT":96.930332665787,"ISSUED_COMMON_SHARES":734262697,"HK_COMMON_SHARES":734262697,"PER_SHARES":1000,"TOTAL_MARKET_CAP":594752784.57,"HKSK_MARKET_CAP":594752784.57,"PE_TTM":4.999729184243,"PB_TTM":0.472453852711,"REPORT_DATE_SQ":"2023-06-30 00:00:00","REPORT_TYPE_SQ":"2023年中报","OPERATE_INCOME_SQ":850794846.18,"DPS_HKD":0.08,"OPERATE_INCOME_QOQ_SQ":5.56946762548,"NET_PROFIT_RATIO_SQ":3.4342554273,"HOLDER_PROFIT_SQ":35493464.06,"HOLDER_PROFIT_QOQ_SQ":17.03693109447,"ROE_AVG_SQ":3.243768845343,"PE_TTM_SQ":4.784472205906,"PB_TTM_SQ":0.344821403682,"ROA_SQ":2.167141880044,"START_DATE":"2024-01-01 00:00:00","FISCAL_YEAR":"12-31","CURRENCY":"HKD","IS_CNY_CODE":0,"DPS_HKD_LY":0.08,"ORG_TYPE":"一般企业","PREMIUM_INCOME":null,"PREMIUM_INCOME_YOY":null,"NET_INTEREST_INCOME":null,"NET_INTEREST_INCOME_YOY":null,"FEE_COMMISSION_INCOME":null,"FEE_COMMISSION_INCOME_YOY":null,"ACCOUNTS_RECE_TDAYS":1.749671301782,"INVENTORY_TDAYS":2.272046720134,"CURRENT_ASSETS_TDAYS":0.754554336085,"TOTAL_ASSETS_TDAYS":0.533797467397,"PREMIUM_EXPENSE":null,"LOAN_DEPOSIT":null,"LOAN_EQUITY":null,"LOAN_ASSETS":null,"DEPOSIT_EQUITY":null,"DEPOSIT_ASSETS":null,"EQUITY_MULTIPLIER":1.556351908708,"EQUITY_RATIO":0.530732989159},{"SECUCODE":"03828.HK","SECURITY_CODE":"03828","SECURITY_NAME_ABBR":"明辉国际","ORG_CODE":"10088456","STD_REPORT_DATE":"2023-12-31 00:00:00","REPORT_DATE":"2023-12-31 00:00:00","DATE_TYPE_CODE":"001","REPORT_TYPE":"2023年年报","PER_NETCASH_OPERATE":0.28220504891,"PER_OI":2.551408570413,"BPS":1.54366369098,"BASIC_EPS":0.13049568,"DILUTED_EPS":0.13049568,"OPERATE_INCOME":1873404138.06,"OPERATE_INCOME_YOY":15.295269168,"GROSS_PROFIT":454690447.68,"GROSS_PROFIT_YOY":19.821646585691,"HOLDER_PROFIT":94410905.82,"HOLDER_PROFIT_YOY":37.9679781754,"GROSS_PROFIT_RATIO":24.270814739998,"EPS_TTM":0.128579194076,"OPERATE_INCOME_QOQ":10.795991961809,"NET_PROFIT_RATIO":4.6259492578,"ROE_AVG":8.567928638014,"GROSS_PROFIT_QOQ":9.486788196357,"ROA":5.609137130995,"HOLDER_PROFIT_QOQ":19.593140000072,"ROE_YEARLY":8.567928638014,"ROIC_YEARLY":6.632720299635,"TOTAL_ASSETS":1780928918.16,"TOTAL_LIABILITIES":699612714.64,"TAX_EBT":33.623693379791,"OCF_SALES":11.060754917227,"TOTAL_PARENT_EQUITY":1133454665,"DEBT_ASSET_RATIO":39.2835843983,"OPERATE_PROFIT":130552771.86,"PRETAX_PROFIT":130562740.28,"NETCASH_OPERATE":207212640.32,"NETCASH_INVEST":-48287932.7,"NETCASH_FINANCE":-93712210.2,"END_CASH":339916778.46,"DIVI_RATIO":0.565343409738,"DIVIDEND_RATE":10.126582278481,"CURRENT_RATIO":1.879406248497,"COMMON_ACS":10000000000,"CURRENTDEBT_DEBT":96.96688652508,"ISSUED_COMMON_SHARES":734262697,"HK_COMMON_SHARES":734262697,"PER_SHARES":1000,"TOTAL_MARKET_CAP":580067530.63,"HKSK_MARKET_CAP":580067530.63,"PE_TTM":4.876279080928,"PB_TTM":0.460788325484,"REPORT_DATE_SQ":"2022-12-31 00:00:00","REPORT_TYPE_SQ":"2022年年报","OPERATE_INCOME_SQ":1601655441.75,"DPS_HKD":0.08,"OPERATE_INCOME_QOQ_SQ":11.358583496368,"NET_PROFIT_RATIO_SQ":3.8952050306,"HOLDER_PROFIT_SQ":67451710.97,"HOLDER_PROFIT_QOQ_SQ":602.417310595508,"ROE_AVG_SQ":6.504704455935,"PE_TTM_SQ":4.784472205906,"PB_TTM_SQ":0.344821403682,"ROA_SQ":4.329529540434,"START_DATE":"2023-01-01 00:00:00","FISCAL_YEAR":"12-31","CURRENCY":"HKD","IS_CNY_CODE":0,"DPS_HKD_LY":0.05,"ORG_TYPE":"一般企业","PREMIUM_INCOME":null,"PREMIUM_INCOME_YOY":null,"NET_INTEREST_INCOME":null,"NET_INTEREST_INCOME_YOY":null,"FEE_COMMISSION_INCOME":null,"FEE_COMMISSION_INCOME_YOY":null,"ACCOUNTS_RECE_TDAYS":3.538015379007,"INVENTORY_TDAYS":5.313524374557,"CURRENT_ASSETS_TDAYS":1.583361353162,"TOTAL_ASSETS_TDAYS":1.113026151045,"PREMIUM_EXPENSE":null,"LOAN_DEPOSIT":null,"LOAN_EQUITY":null,"LOAN_ASSETS":null,"DEPOSIT_EQUITY":null,"DEPOSIT_ASSETS":null,"EQUITY_MULTIPLIER":1.647001045912,"EQUITY_RATIO":0.617239256446},{"SECUCODE":"03828.HK","SECURITY_CODE":"03828","SECURITY_NAME_ABBR":"明辉国际","ORG_CODE":"10088456","STD_REPORT_DATE":"2023-06-30 00:00:00","REPORT_DATE":"2023-06-30 00:00:00","DATE_TYPE_CODE":"002","REPORT_TYPE":"2023年中报","PER_NETCASH_OPERATE":0.157868373204,"PER_OI":1.158706345367,"BPS":1.497322365976,"BASIC_EPS":0.04886494,"DILUTED_EPS":0.04886494,"OPERATE_INCOME":850794846.18,"OPERATE_INCOME_YOY":3.6201142662,"GROSS_PROFIT":205483526.56,"GROSS_PROFIT_YOY":21.112244309446,"HOLDER_PROFIT":35493464.06,"HOLDER_PROFIT_YOY":37.1659659374,"GROSS_PROFIT_RATIO":24.151947732477,"EPS_TTM":0.107513854119,"OPERATE_INCOME_QOQ":5.56946762548,"NET_PROFIT_RATIO":3.4342554273,"ROE_AVG":3.243768845343,"GROSS_PROFIT_QOQ":9.439365753244,"ROA":2.167141880044,"HOLDER_PROFIT_QOQ":17.03693109447,"ROE_YEARLY":6.487537690686,"ROIC_YEARLY":5.138872156589,"TOTAL_ASSETS":1662633271.42,"TOTAL_LIABILITIES":614851866.36,"TAX_EBT":41.934479094141,"OCF_SALES":13.624536866961,"TOTAL_PARENT_EQUITY":1099427958.72,"DEBT_ASSET_RATIO":36.9806064229,"OPERATE_PROFIT":51872438.76,"PRETAX_PROFIT":50319824.44,"NETCASH_OPERATE":115916857.48,"NETCASH_INVEST":-27381884.02,"NETCASH_FINANCE":-37828839.4,"END_CASH":328750408.6,"DIVI_RATIO":0.676111935489,"DIVIDEND_RATE":10.126582278481,"CURRENT_RATIO":1.945614711175,"COMMON_ACS":10000000000,"CURRENTDEBT_DEBT":96.4995306516,"ISSUED_COMMON_SHARES":734262697,"HK_COMMON_SHARES":734262697,"PER_SHARES":1000,"TOTAL_MARKET_CAP":580067530.63,"HKSK_MARKET_CAP":580067530.63,"PE_TTM":4.876279080928,"PB_TTM":0.460788325484,"REPORT_DATE_SQ":"2022-06-30 00:00:00","REPORT_TYPE_SQ":"2022年中报","OPERATE_INCOME_SQ":761591164.88,"DPS_HKD":0.08,"OPERATE_INCOME_QOQ_SQ":22.518790141547,"NET_PROFIT_RATIO_SQ":2.9268363891,"HOLDER_PROFIT_SQ":24001762.54,"HOLDER_PROFIT_QOQ_SQ":82.444494363957,"ROE_AVG_SQ":2.447555801674,"PE_TTM_SQ":4.784472205906,"PB_TTM_SQ":0.344821403682,"ROA_SQ":1.646736187183,"START_DATE":"2023-01-01 00:00:00","FISCAL_YEAR":"12-31","CURRENCY":"HKD","IS_CNY_CODE":0,"DPS_HKD_LY":0.05,"ORG_TYPE":"一般企业","PREMIUM_INCOME":null,"PREMIUM_INCOME_YOY":null,"NET_INTEREST_INCOME":null,"NET_INTEREST_INCOME_YOY":null,"FEE_COMMISSION_INCOME":null,"FEE_COMMISSION_INCOME_YOY":null,"ACCOUNTS_RECE_TDAYS":1.637821115816,"INVENTORY_TDAYS":2.713158792427,"CURRENT_ASSETS_TDAYS":0.751333960537,"TOTAL_ASSETS_TDAYS":0.519473990864,"PREMIUM_EXPENSE":null,"LOAN_DEPOSIT":null,"LOAN_EQUITY":null,"LOAN_ASSETS":null,"DEPOSIT_EQUITY":null,"DEPOSIT_ASSETS":null,"EQUITY_MULTIPLIER":1.58681311139,"EQUITY_RATIO":0.55924707161},{"SECUCODE":"03828.HK","SECURITY_CODE":"03828","SECURITY_NAME_ABBR":"明辉国际","ORG_CODE":"10088456","STD_REPORT_DATE":"2022-12-31 00:00:00","REPORT_DATE":"2022-12-31 00:00:00","DATE_TYPE_CODE":"001","REPORT_TYPE":"2022年年报","PER_NETCASH_OPERATE":0.157852708647,"PER_OI":2.181311195971,"BPS":1.436911720043,"BASIC_EPS":0.09290008,"DILUTED_EPS":0.09290008,"OPERATE_INCOME":1601655441.75,"OPERATE_INCOME_YOY":24.877596589,"GROSS_PROFIT":379472708.51,"GROSS_PROFIT_YOY":72.126323531167,"HOLDER_PROFIT":67451710.97,"HOLDER_PROFIT_YOY":180.7302079436,"GROSS_PROFIT_RATIO":23.692530778991,"EPS_TTM":0.091863186358,"OPERATE_INCOME_QOQ":11.358583496368,"NET_PROFIT_RATIO":3.8952050306,"ROE_AVG":6.504704455935,"GROSS_PROFIT_QOQ":28.093048056663,"ROA":4.329529540434,"HOLDER_PROFIT_QOQ":602.417310595508,"ROE_YEARLY":6.504704455935,"ROIC_YEARLY":4.988384702357,"TOTAL_ASSETS":1562741027.47,"TOTAL_LIABILITIES":552022994.6,"TAX_EBT":22.385704442913,"OCF_SALES":7.236597370366,"TOTAL_PARENT_EQUITY":1055070674.91,"DEBT_ASSET_RATIO":35.3240226561,"OPERATE_PROFIT":82031663.91,"PRETAX_PROFIT":80381794.22,"NETCASH_OPERATE":115905355.58,"NETCASH_INVEST":-21119582.61,"NETCASH_FINANCE":-40543738.76,"END_CASH":272765354.12,"DIVI_RATIO":0.79130066006,"DIVIDEND_RATE":10.126582278481,"CURRENT_RATIO":2.019430857637,"COMMON_ACS":10000000000,"CURRENTDEBT_DEBT":96.503284895951,"ISSUED_COMMON_SHARES":734262697,"HK_COMMON_SHARES":734262697,"PER_SHARES":1000,"TOTAL_MARKET_CAP":580067530.63,"HKSK_MARKET_CAP":580067530.63,"PE_TTM":4.876279080928,"PB_TTM":0.460788325484,"REPORT_DATE_SQ":"2021-12-31 00:00:00","REPORT_TYPE_SQ":"2021年年报","OPERATE_INCOME_SQ":1173931337.6,"DPS_HKD":0.08,"OPERATE_INCOME_QOQ_SQ":16.938646494934,"NET_PROFIT_RATIO_SQ":-6.8201160865,"HOLDER_PROFIT_SQ":-76474216,"HOLDER_PROFIT_QOQ_SQ":-388.866846849886,"ROE_AVG_SQ":-7.876691275976,"PE_TTM_SQ":4.784472205906,"PB_TTM_SQ":0.344821403682,"ROA_SQ":-5.281242315774,"START_DATE":"2022-01-01 00:00:00","FISCAL_YEAR":"12-31","CURRENCY":"HKD","IS_CNY_CODE":0,"DPS_HKD_LY":0.01,"ORG_TYPE":"一般企业","PREMIUM_INCOME":null,"PREMIUM_INCOME_YOY":null,"NET_INTEREST_INCOME":null,"NET_INTEREST_INCOME_YOY":null,"FEE_COMMISSION_INCOME":null,"FEE_COMMISSION_INCOME_YOY":null,"ACCOUNTS_RECE_TDAYS":3.298266364866,"INVENTORY_TDAYS":5.197781407894,"CURRENT_ASSETS_TDAYS":1.526585459923,"TOTAL_ASSETS_TDAYS":1.028056138078,"PREMIUM_EXPENSE":null,"LOAN_DEPOSIT":null,"LOAN_EQUITY":null,"LOAN_ASSETS":null,"DEPOSIT_EQUITY":null,"DEPOSIT_ASSETS":null,"EQUITY_MULTIPLIER":1.546169135849,"EQUITY_RATIO":0.523209494612},{"SECUCODE":"03828.HK","SECURITY_CODE":"03828","SECURITY_NAME_ABBR":"明辉国际","ORG_CODE":"10088456","STD_REPORT_DATE":"2022-06-30 00:00:00","REPORT_DATE":"2022-06-30 00:00:00","DATE_TYPE_CODE":"002","REPORT_TYPE":"2022年中报","PER_NETCASH_OPERATE":0.03477770763,"PER_OI":1.037218924496,"BPS":1.342643135417,"BASIC_EPS":0.03335241,"DILUTED_EPS":0.03335241,"OPERATE_INCOME":761591164.88,"OPERATE_INCOME_YOY":49.0259077415,"GROSS_PROFIT":169663709.67,"GROSS_PROFIT_YOY":80.728328354446,"HOLDER_PROFIT":24001762.54,"HOLDER_PROFIT_YOY":159.8077865621,"GROSS_PROFIT_RATIO":22.277531239052,"EPS_TTM":-0.018284239898,"OPERATE_INCOME_QOQ":22.518790141547,"NET_PROFIT_RATIO":2.9268363891,"ROE_AVG":2.447555801674,"GROSS_PROFIT_QOQ":34.376007240476,"ROA":1.646736187183,"HOLDER_PROFIT_QOQ":82.444494363957,"ROE_YEARLY":4.895111603347,"ROIC_YEARLY":3.731919070836,"TOTAL_ASSETS":1428131382.02,"TOTAL_LIABILITIES":481840556.89,"TAX_EBT":30.797822912518,"OCF_SALES":3.352976580817,"TOTAL_PARENT_EQUITY":985852769.72,"DEBT_ASSET_RATIO":33.7392317651,"OPERATE_PROFIT":33472136.6,"PRETAX_PROFIT":32210731.35,"NETCASH_OPERATE":25535973.4,"NETCASH_INVEST":-14502312.02,"NETCASH_FINANCE":-15431048.36,"END_CASH":206719947.56,"DIVI_RATIO":-3.975631494996,"DIVIDEND_RATE":10.126582278481,"CURRENT_RATIO":2.032245494037,"COMMON_ACS":10000000000,"CURRENTDEBT_DEBT":95.645607004229,"ISSUED_COMMON_SHARES":734262697,"HK_COMMON_SHARES":734262697,"PER_SHARES":1000,"TOTAL_MARKET_CAP":580067530.63,"HKSK_MARKET_CAP":580067530.63,"PE_TTM":4.876279080928,"PB_TTM":0.460788325484,"REPORT_DATE_SQ":"2021-06-30 00:00:00","REPORT_TYPE_SQ":"2021年中报","OPERATE_INCOME_SQ":497236030.56,"DPS_HKD":0.08,"OPERATE_INCOME_QOQ_SQ":-11.848705859518,"NET_PROFIT_RATIO_SQ":-8.2756843412,"HOLDER_PROFIT_SQ":-39047018.16,"HOLDER_PROFIT_QOQ_SQ":-123.513548873077,"ROE_AVG_SQ":-3.885402686092,"PE_TTM_SQ":4.784472205906,"PB_TTM_SQ":0.344821403682,"ROA_SQ":-2.712608423844,"START_DATE":"2022-01-01 00:00:00","FISCAL_YEAR":"12-31","CURRENCY":"HKD","IS_CNY_CODE":0,"DPS_HKD_LY":0.01,"ORG_TYPE":"一般企业","PREMIUM_INCOME":null,"PREMIUM_INCOME_YOY":null,"NET_INTEREST_INCOME":null,"NET_INTEREST_INCOME_YOY":null,"FEE_COMMISSION_INCOME":null,"FEE_COMMISSION_INCOME_YOY":null,"ACCOUNTS_RECE_TDAYS":1.690422951206,"INVENTORY_TDAYS":2.711223138813,"CURRENT_ASSETS_TDAYS":0.795168727987,"TOTAL_ASSETS_TDAYS":0.522519847847,"PREMIUM_EXPENSE":null,"LOAN_DEPOSIT":null,"LOAN_EQUITY":null,"LOAN_ASSETS":null,"DEPOSIT_EQUITY":null,"DEPOSIT_ASSETS":null,"EQUITY_MULTIPLIER":1.509188659653,"EQUITY_RATIO":0.488755087666},{"SECUCODE":"03828.HK","SECURITY_CODE":"03828","SECURITY_NAME_ABBR":"明辉国际","ORG_CODE":"10088456","STD_REPORT_DATE":"2021-12-31 00:00:00","REPORT_DATE":"2021-12-31 00:00:00","DATE_TYPE_CODE":"001","REPORT_TYPE":"2021年年报","PER_NETCASH_OPERATE":-0.10984657171,"PER_OI":1.598789292165,"BPS":1.270057976539,"BASIC_EPS":-0.1046528,"DILUTED_EPS":-0.1046528,"OPERATE_INCOME":1173931337.6,"OPERATE_INCOME_YOY":6.1138911491,"GROSS_PROFIT":220461752,"GROSS_PROFIT_YOY":-27.935861618507,"HOLDER_PROFIT":-76474216,"HOLDER_PROFIT_YOY":-218.3298332616,"GROSS_PROFIT_RATIO":18.779782508466,"EPS_TTM":-0.104151029751,"OPERATE_INCOME_QOQ":16.938646494934,"NET_PROFIT_RATIO":-6.8201160865,"ROE_AVG":-7.876691275976,"GROSS_PROFIT_QOQ":-1.518771704838,"ROA":-5.281242315774,"HOLDER_PROFIT_QOQ":-388.866846849886,"ROE_YEARLY":-7.876691275976,"ROIC_YEARLY":-6.266462150495,"TOTAL_ASSETS":1421580742.4,"TOTAL_LIABILITIES":526761692.8,"TAX_EBT":-3.728616069064,"OCF_SALES":-6.870609669974,"TOTAL_PARENT_EQUITY":932556195.2,"DEBT_ASSET_RATIO":37.0546446705,"OPERATE_PROFIT":-75563409.6,"PRETAX_PROFIT":-77185528,"NETCASH_OPERATE":-80656240,"NETCASH_INVEST":-31717974.4,"NETCASH_FINANCE":-6568598.4,"END_CASH":205351686.4,"DIVI_RATIO":-0.697942211172,"DIVIDEND_RATE":10.126582278481,"CURRENT_RATIO":1.841287815423,"COMMON_ACS":10000000000,"CURRENTDEBT_DEBT":96.49623299259,"ISSUED_COMMON_SHARES":734262697,"HK_COMMON_SHARES":734262697,"PER_SHARES":1000,"TOTAL_MARKET_CAP":580067530.63,"HKSK_MARKET_CAP":580067530.63,"PE_TTM":4.876279080928,"PB_TTM":0.460788325484,"REPORT_DATE_SQ":"2020-12-31 00:00:00","REPORT_TYPE_SQ":"2020年年报","OPERATE_INCOME_SQ":1138822242.36,"DPS_HKD":0.08,"OPERATE_INCOME_QOQ_SQ":-29.919892124998,"NET_PROFIT_RATIO_SQ":5.5132699086,"HOLDER_PROFIT_SQ":66528275.44,"HOLDER_PROFIT_QOQ_SQ":-32.047509188463,"ROE_AVG_SQ":6.579501547364,"PE_TTM_SQ":4.784472205906,"PB_TTM_SQ":0.344821403682,"ROA_SQ":4.340348892757,"START_DATE":"2021-01-01 00:00:00","FISCAL_YEAR":"12-31","CURRENCY":"HKD","IS_CNY_CODE":0,"DPS_HKD_LY":0.015,"ORG_TYPE":"一般企业","PREMIUM_INCOME":null,"PREMIUM_INCOME_YOY":null,"NET_INTEREST_INCOME":null,"NET_INTEREST_INCOME_YOY":null,"FEE_COMMISSION_INCOME":null,"FEE_COMMISSION_INCOME_YOY":null,"ACCOUNTS_RECE_TDAYS":2.793574389391,"INVENTORY_TDAYS":4.591679561535,"CURRENT_ASSETS_TDAYS":1.228558373862,"TOTAL_ASSETS_TDAYS":0.810706690468,"PREMIUM_EXPENSE":null,"LOAN_DEPOSIT":null,"LOAN_EQUITY":null,"LOAN_ASSETS":null,"DEPOSIT_EQUITY":null,"DEPOSIT_ASSETS":null,"EQUITY_MULTIPLIER":1.58867956939,"EQUITY_RATIO":0.564857855764},{"SECUCODE":"03828.HK","SECURITY_CODE":"03828","SECURITY_NAME_ABBR":"明辉国际","ORG_CODE":"10088456","STD_REPORT_DATE":"2021-06-30 00:00:00","REPORT_DATE":"2021-06-30 00:00:00","DATE_TYPE_CODE":"002","REPORT_TYPE":"2021年中报","PER_NETCASH_OPERATE":-0.013345913118,"PER_OI":0.677190918988,"BPS":1.338528112535,"BASIC_EPS":-0.05325312,"DILUTED_EPS":-0.05325312,"OPERATE_INCOME":497236030.56,"OPERATE_INCOME_YOY":-13.6539523002,"GROSS_PROFIT":93877761.84,"GROSS_PROFIT_YOY":-46.642299408528,"HOLDER_PROFIT":-39047018.16,"HOLDER_PROFIT_YOY":-199.3984452776,"GROSS_PROFIT_RATIO":18.87991940855,"EPS_TTM":-0.02130458026,"OPERATE_INCOME_QOQ":-11.848705859518,"NET_PROFIT_RATIO":-8.2756843412,"ROE_AVG":-3.885402686092,"GROSS_PROFIT_QOQ":-26.824492719052,"ROA":-2.712608423844,"HOLDER_PROFIT_QOQ":-123.513548873077,"ROE_YEARLY":-7.770805372184,"ROIC_YEARLY":-6.677374199825,"TOTAL_ASSETS":1378325542.56,"TOTAL_LIABILITIES":432649980.96,"TAX_EBT":-2.731672863998,"OCF_SALES":-1.970775558835,"TOTAL_PARENT_EQUITY":982831261.92,"DEBT_ASSET_RATIO":31.3895351715,"OPERATE_PROFIT":-39425614.56,"PRETAX_PROFIT":-40055499.12,"NETCASH_OPERATE":-9799406.16,"NETCASH_INVEST":-12989600.88,"NETCASH_FINANCE":-22092556.08,"END_CASH":284215229.76,"DIVI_RATIO":-3.412008080592,"DIVIDEND_RATE":10.126582278481,"CURRENT_RATIO":2.123219640368,"COMMON_ACS":10000000000,"CURRENTDEBT_DEBT":95.884891588231,"ISSUED_COMMON_SHARES":734262697,"HK_COMMON_SHARES":734262697,"PER_SHARES":1000,"TOTAL_MARKET_CAP":580067530.63,"HKSK_MARKET_CAP":580067530.63,"PE_TTM":4.876279080928,"PB_TTM":0.460788325484,"REPORT_DATE_SQ":"2020-06-30 00:00:00","REPORT_TYPE_SQ":"2020年中报","OPERATE_INCOME_SQ":632171728.32,"DPS_HKD":0.08,"OPERATE_INCOME_QOQ_SQ":-11.208527894308,"NET_PROFIT_RATIO_SQ":6.6031574476,"HOLDER_PROFIT_SQ":43124415.84,"HOLDER_PROFIT_QOQ_SQ":11.598192675979,"ROE_AVG_SQ":4.020720622896,"PE_TTM_SQ":4.784472205906,"PB_TTM_SQ":0.344821403682,"ROA_SQ":2.642977964547,"START_DATE":"2021-01-01 00:00:00","FISCAL_YEAR":"12-31","CURRENCY":"HKD","IS_CNY_CODE":0,"DPS_HKD_LY":0.015,"ORG_TYPE":"一般企业","PREMIUM_INCOME":null,"PREMIUM_INCOME_YOY":null,"NET_INTEREST_INCOME":null,"NET_INTEREST_INCOME_YOY":null,"FEE_COMMISSION_INCOME":null,"FEE_COMMISSION_INCOME_YOY":null,"ACCOUNTS_RECE_TDAYS":1.318232905858,"INVENTORY_TDAYS":2.05293270656,"CURRENT_ASSETS_TDAYS":0.530890712375,"TOTAL_ASSETS_TDAYS":0.345431407748,"PREMIUM_EXPENSE":null,"LOAN_DEPOSIT":null,"LOAN_EQUITY":null,"LOAN_ASSETS":null,"DEPOSIT_EQUITY":null,"DEPOSIT_ASSETS":null,"EQUITY_MULTIPLIER":1.457503607503,"EQUITY_RATIO":0.440207793263},{"SECUCODE":"03828.HK","SECURITY_CODE":"03828","SECURITY_NAME_ABBR":"明辉国际","ORG_CODE":"10088456","STD_REPORT_DATE":"2020-12-31 00:00:00","REPORT_DATE":"2020-12-31 00:00:00","DATE_TYPE_CODE":"001","REPORT_TYPE":"2020年年报","PER_NETCASH_OPERATE":0.114757936396,"PER_OI":1.550973850385,"BPS":1.41489358978,"BASIC_EPS":0.09089712,"DILUTED_EPS":0.09089712,"OPERATE_INCOME":1138822242.36,"OPERATE_INCOME_YOY":-33.7720957665,"GROSS_PROFIT":305924357.04,"GROSS_PROFIT_YOY":-31.181227252084,"HOLDER_PROFIT":66528275.44,"HOLDER_PROFIT_YOY":-19.2881065185,"GROSS_PROFIT_RATIO":26.863222868393,"EPS_TTM":0.09060554991,"OPERATE_INCOME_QOQ":-29.919892124998,"NET_PROFIT_RATIO":5.5132699086,"ROE_AVG":6.579501547364,"GROSS_PROFIT_QOQ":-29.113991648974,"ROA":4.340348892757,"HOLDER_PROFIT_QOQ":-32.047509188463,"ROE_YEARLY":6.579501547364,"ROIC_YEARLY":5.307145168676,"TOTAL_ASSETS":1517843033.4,"TOTAL_LIABILITIES":514327045.64,"TAX_EBT":26.529245496716,"OCF_SALES":7.39908905409,"TOTAL_PARENT_EQUITY":1038903583.2,"DEBT_ASSET_RATIO":33.8853909345,"OPERATE_PROFIT":86028232.6,"PRETAX_PROFIT":85457600.68,"NETCASH_OPERATE":84262471.88,"NETCASH_INVEST":-75426935.16,"NETCASH_FINANCE":16783984.88,"END_CASH":330725804.56,"DIVI_RATIO":0.802284187583,"DIVIDEND_RATE":10.126582278481,"CURRENT_RATIO":2.032002835004,"COMMON_ACS":10000000000,"CURRENTDEBT_DEBT":96.047625515259,"ISSUED_COMMON_SHARES":734262697,"HK_COMMON_SHARES":734262697,"PER_SHARES":1000,"TOTAL_MARKET_CAP":580067530.63,"HKSK_MARKET_CAP":580067530.63,"PE_TTM":4.876279080928,"PB_TTM":0.460788325484,"REPORT_DATE_SQ":"2019-12-31 00:00:00","REPORT_TYPE_SQ":"2019年年报","OPERATE_INCOME_SQ":1830163639.1,"DPS_HKD":0.08,"OPERATE_INCOME_QOQ_SQ":-0.991331268052,"NET_PROFIT_RATIO_SQ":4.5068878344,"HOLDER_PROFIT_SQ":87729110.08,"HOLDER_PROFIT_QOQ_SQ":7.67763523098,"ROE_AVG_SQ":8.54972974365,"PE_TTM_SQ":4.784472205906,"PB_TTM_SQ":0.344821403682,"ROA_SQ":5.526868540484,"START_DATE":"2020-01-01 00:00:00","FISCAL_YEAR":"12-31","CURRENCY":"HKD","IS_CNY_CODE":0,"DPS_HKD_LY":0.04,"ORG_TYPE":"一般企业","PREMIUM_INCOME":null,"PREMIUM_INCOME_YOY":null,"NET_INTEREST_INCOME":null,"NET_INTEREST_INCOME_YOY":null,"FEE_COMMISSION_INCOME":null,"FEE_COMMISSION_INCOME_YOY":null,"ACCOUNTS_RECE_TDAYS":2.479838354959,"INVENTORY_TDAYS":3.86014190594,"CURRENT_ASSETS_TDAYS":1.099152909983,"TOTAL_ASSETS_TDAYS":0.742975197536,"PREMIUM_EXPENSE":null,"LOAN_DEPOSIT":null,"LOAN_EQUITY":null,"LOAN_ASSETS":null,"DEPOSIT_EQUITY":null,"DEPOSIT_ASSETS":null,"EQUITY_MULTIPLIER":1.512525013964,"EQUITY_RATIO":0.495067159222},{"SECUCODE":"03828.HK","SECURITY_CODE":"03828","SECURITY_NAME_ABBR":"明辉国际","ORG_CODE":"10088456","STD_REPORT_DATE":"2020-06-30 00:00:00","REPORT_DATE":"2020-06-30 00:00:00","DATE_TYPE_CODE":"002","REPORT_TYPE":"2020年中报","PER_NETCASH_OPERATE":0.043654026237,"PER_OI":0.860961248478,"BPS":1.467909084533,"BASIC_EPS":0.0593736,"DILUTED_EPS":0.0593736,"OPERATE_INCOME":632171728.32,"OPERATE_INCOME_YOY":-27.2914276589,"GROSS_PROFIT":175940418.72,"GROSS_PROFIT_YOY":-6.862694042321,"HOLDER_PROFIT":43124415.84,"HOLDER_PROFIT_YOY":26.0405264704,"GROSS_PROFIT_RATIO":27.831111522112,"EPS_TTM":0.133336613313,"OPERATE_INCOME_QOQ":-11.208527894308,"NET_PROFIT_RATIO":6.6031574476,"ROE_AVG":4.020720622896,"GROSS_PROFIT_QOQ":-2.916281578268,"ROA":2.642977964547,"HOLDER_PROFIT_QOQ":11.598192675979,"ROE_YEARLY":8.041441245792,"ROIC_YEARLY":6.445526488423,"TOTAL_ASSETS":1583554199.04,"TOTAL_LIABILITIES":540809459.52,"TAX_EBT":26.293124304447,"OCF_SALES":5.070382240152,"TOTAL_PARENT_EQUITY":1077830883.36,"DEBT_ASSET_RATIO":34.1516229661,"OPERATE_PROFIT":57586911.36,"PRETAX_PROFIT":56634193.44,"NETCASH_OPERATE":32053523.04,"NETCASH_INVEST":-49835459.52,"NETCASH_FINANCE":38725288.8,"END_CASH":337253922.72,"DIVI_RATIO":0.54517208885,"DIVIDEND_RATE":10.126582278481,"CURRENT_RATIO":1.989247760457,"COMMON_ACS":10000000000,"CURRENTDEBT_DEBT":97.157541997575,"ISSUED_COMMON_SHARES":734262697,"HK_COMMON_SHARES":734262697,"PER_SHARES":1000,"TOTAL_MARKET_CAP":580067530.63,"HKSK_MARKET_CAP":580067530.63,"PE_TTM":4.876279080928,"PB_TTM":0.460788325484,"REPORT_DATE_SQ":"2019-06-30 00:00:00","REPORT_TYPE_SQ":"2019年中报","OPERATE_INCOME_SQ":837306130.32,"DPS_HKD":0.08,"OPERATE_INCOME_QOQ_SQ":2.774714248266,"NET_PROFIT_RATIO_SQ":3.6458398995,"HOLDER_PROFIT_SQ":32949424.62,"HOLDER_PROFIT_QOQ_SQ":-7.245515366122,"ROE_AVG_SQ":3.328911906968,"PE_TTM_SQ":4.784472205906,"PB_TTM_SQ":0.344821403682,"ROA_SQ":2.223606068449,"START_DATE":"2020-01-01 00:00:00","FISCAL_YEAR":"12-31","CURRENCY":"HKD","IS_CNY_CODE":0,"DPS_HKD_LY":0.04,"ORG_TYPE":"一般企业","PREMIUM_INCOME":null,"PREMIUM_INCOME_YOY":null,"NET_INTEREST_INCOME":null,"NET_INTEREST_INCOME_YOY":null,"FEE_COMMISSION_INCOME":null,"FEE_COMMISSION_INCOME_YOY":null,"ACCOUNTS_RECE_TDAYS":1.316115462804,"INVENTORY_TDAYS":1.896474474588,"CURRENT_ASSETS_TDAYS":0.573465541464,"TOTAL_ASSETS_TDAYS":0.387440830262,"PREMIUM_EXPENSE":null,"LOAN_DEPOSIT":null,"LOAN_EQUITY":null,"LOAN_ASSETS":null,"DEPOSIT_EQUITY":null,"DEPOSIT_ASSETS":null,"EQUITY_MULTIPLIER":1.518640314377,"EQUITY_RATIO":0.501757249555}],"count":39},"success":true,"message":"ok","code":0}