{"version":"4f8f7b3b46c0ac1057d0d1134ce98fb7","result":{"pages":3,"data":[{"SECUCODE":"03836.HK","SECURITY_CODE":"03836","SECURITY_NAME_ABBR":"和谐汽车","ORG_CODE":"10331914","STD_REPORT_DATE":"2024-06-30 00:00:00","REPORT_DATE":"2024-06-30 00:00:00","DATE_TYPE_CODE":"002","REPORT_TYPE":"2024年中报","PER_NETCASH_OPERATE":0.082107255713,"PER_OI":4.896812955296,"BPS":3.600116961158,"BASIC_EPS":-0.051,"DILUTED_EPS":-0.051,"OPERATE_INCOME":7466294000,"OPERATE_INCOME_YOY":-7.9311604743,"GROSS_PROFIT":366263000,"GROSS_PROFIT_YOY":-36.997633087239,"HOLDER_PROFIT":-76275000,"HOLDER_PROFIT_YOY":-137.9055182284,"GROSS_PROFIT_RATIO":4.905552875362,"EPS_TTM":-0.347402278122,"OPERATE_INCOME_QOQ":-3.879401651415,"NET_PROFIT_RATIO":-1.0005365446,"ROE_AVG":-1.379765073628,"GROSS_PROFIT_QOQ":-22.310935091501,"ROA":-0.711627432461,"HOLDER_PROFIT_QOQ":-110.03394212392,"ROE_YEARLY":-2.759530147256,"ROIC_YEARLY":-1.609184174742,"TOTAL_ASSETS":10601613000,"TOTAL_LIABILITIES":5023242000,"TAX_EBT":-15.237948322407,"OCF_SALES":1.676748866305,"TOTAL_PARENT_EQUITY":5483931000,"DEBT_ASSET_RATIO":47.3818653822,"OPERATE_PROFIT":14118000,"PRETAX_PROFIT":-64825000,"NETCASH_OPERATE":125191000,"NETCASH_INVEST":-90538000,"NETCASH_FINANCE":130804000,"END_CASH":1192203000,"DIVI_RATIO":-0.096516753377,"DIVIDEND_RATE":5.967741935484,"CURRENT_RATIO":1.451433657403,"COMMON_ACS":2000000000,"CURRENTDEBT_DEBT":82.354523234198,"ISSUED_COMMON_SHARES":1523264677,"HK_COMMON_SHARES":1523264677,"PER_SHARES":500,"TOTAL_MARKET_CAP":944424099.74,"HKSK_MARKET_CAP":944424099.74,"PE_TTM":-1.627989498965,"PB_TTM":0.157178671167,"REPORT_DATE_SQ":"2023-06-30 00:00:00","REPORT_TYPE_SQ":"2023年中报","OPERATE_INCOME_SQ":8109469000,"DPS_HKD":0.037,"OPERATE_INCOME_QOQ_SQ":1.037498700347,"NET_PROFIT_RATIO_SQ":2.5680473037,"HOLDER_PROFIT_SQ":201224000,"HOLDER_PROFIT_QOQ_SQ":68.564200417506,"ROE_AVG_SQ":3.337810862914,"PE_TTM_SQ":-1.455515240891,"PB_TTM_SQ":0.1173308223,"ROA_SQ":1.879362493912,"START_DATE":"2024-01-01 00:00:00","FISCAL_YEAR":"12-31","CURRENCY":"HKD","IS_CNY_CODE":0,"DPS_HKD_LY":0.037,"ORG_TYPE":"一般企业","PREMIUM_INCOME":null,"PREMIUM_INCOME_YOY":null,"NET_INTEREST_INCOME":null,"NET_INTEREST_INCOME_YOY":null,"FEE_COMMISSION_INCOME":null,"FEE_COMMISSION_INCOME_YOY":null,"ACCOUNTS_RECE_TDAYS":34.550740062889,"INVENTORY_TDAYS":4.524703338484,"CURRENT_ASSETS_TDAYS":1.210036751029,"TOTAL_ASSETS_TDAYS":0.696587299799,"PREMIUM_EXPENSE":null,"LOAN_DEPOSIT":null,"LOAN_EQUITY":null,"LOAN_ASSETS":null,"DEPOSIT_EQUITY":null,"DEPOSIT_ASSETS":null,"EQUITY_MULTIPLIER":1.900485464306,"EQUITY_RATIO":0.915992925513},{"SECUCODE":"03836.HK","SECURITY_CODE":"03836","SECURITY_NAME_ABBR":"和谐汽车","ORG_CODE":"10331914","STD_REPORT_DATE":"2023-12-31 00:00:00","REPORT_DATE":"2023-12-31 00:00:00","DATE_TYPE_CODE":"001","REPORT_TYPE":"2023年年报","PER_NETCASH_OPERATE":0.234372728535,"PER_OI":10.873587089721,"BPS":3.658129203767,"BASIC_EPS":-0.17,"DILUTED_EPS":-0.17,"OPERATE_INCOME":16579232000,"OPERATE_INCOME_YOY":1.57810551,"GROSS_PROFIT":964034000,"GROSS_PROFIT_YOY":-10.710226930661,"HOLDER_PROFIT":-252194000,"HOLDER_PROFIT_YOY":84.5067030684,"GROSS_PROFIT_RATIO":5.814708425577,"EPS_TTM":-0.165402922313,"OPERATE_INCOME_QOQ":0.535055614591,"NET_PROFIT_RATIO":-1.4567864181,"ROE_AVG":-4.378701779528,"GROSS_PROFIT_QOQ":-0.533222176595,"ROA":-2.331058586895,"HOLDER_PROFIT_QOQ":50.714481141294,"ROE_YEARLY":-4.378701779528,"ROIC_YEARLY":-2.62518047244,"TOTAL_ASSETS":10835166000,"TOTAL_LIABILITIES":5169999000,"TAX_EBT":-35.399346335611,"OCF_SALES":2.155431566432,"TOTAL_PARENT_EQUITY":5572299000,"DEBT_ASSET_RATIO":47.7149957832,"OPERATE_PROFIT":-37630000,"PRETAX_PROFIT":-178379000,"NETCASH_OPERATE":357354000,"NETCASH_INVEST":-389497000,"NETCASH_FINANCE":-184077000,"END_CASH":597111000,"DIVI_RATIO":-0.202717941927,"DIVIDEND_RATE":6.271186440678,"CURRENT_RATIO":1.470761273706,"COMMON_ACS":2000000000,"CURRENTDEBT_DEBT":83.329261765815,"ISSUED_COMMON_SHARES":1523264677,"HK_COMMON_SHARES":1523264677,"PER_SHARES":500,"TOTAL_MARKET_CAP":898726159.43,"HKSK_MARKET_CAP":898726159.43,"PE_TTM":-1.549215813531,"PB_TTM":0.149573251594,"REPORT_DATE_SQ":"2022-12-31 00:00:00","REPORT_TYPE_SQ":"2022年年报","OPERATE_INCOME_SQ":16321659000,"DPS_HKD":0.037,"OPERATE_INCOME_QOQ_SQ":-1.363457207513,"NET_PROFIT_RATIO_SQ":-9.9426412474,"HOLDER_PROFIT_SQ":-1627762000,"HOLDER_PROFIT_QOQ_SQ":-157.345945339191,"ROE_AVG_SQ":-23.397128818661,"PE_TTM_SQ":-1.740910386163,"PB_TTM_SQ":0.140336865889,"ROA_SQ":-13.535832270841,"START_DATE":"2023-01-01 00:00:00","FISCAL_YEAR":"12-31","CURRENCY":"HKD","IS_CNY_CODE":0,"DPS_HKD_LY":0.066,"ORG_TYPE":"一般企业","PREMIUM_INCOME":null,"PREMIUM_INCOME_YOY":null,"NET_INTEREST_INCOME":null,"NET_INTEREST_INCOME_YOY":null,"FEE_COMMISSION_INCOME":null,"FEE_COMMISSION_INCOME_YOY":null,"ACCOUNTS_RECE_TDAYS":73.472242779843,"INVENTORY_TDAYS":10.340793532434,"CURRENT_ASSETS_TDAYS":2.700514685258,"TOTAL_ASSETS_TDAYS":1.532437770832,"PREMIUM_EXPENSE":null,"LOAN_DEPOSIT":null,"LOAN_EQUITY":null,"LOAN_ASSETS":null,"DEPOSIT_EQUITY":null,"DEPOSIT_ASSETS":null,"EQUITY_MULTIPLIER":1.912594280099,"EQUITY_RATIO":0.927803586993},{"SECUCODE":"03836.HK","SECURITY_CODE":"03836","SECURITY_NAME_ABBR":"和谐汽车","ORG_CODE":"10331914","STD_REPORT_DATE":"2023-06-30 00:00:00","REPORT_DATE":"2023-06-30 00:00:00","DATE_TYPE_CODE":"002","REPORT_TYPE":"2023年中报","PER_NETCASH_OPERATE":0.294182851288,"PER_OI":5.318643072423,"BPS":4.011398079574,"BASIC_EPS":0.113,"DILUTED_EPS":0.113,"OPERATE_INCOME":8109469000,"OPERATE_INCOME_YOY":2.1326723536,"GROSS_PROFIT":581348000,"GROSS_PROFIT_YOY":-15.967708130064,"HOLDER_PROFIT":201224000,"HOLDER_PROFIT_YOY":121.9955882899,"GROSS_PROFIT_RATIO":7.168755438858,"EPS_TTM":-0.335601462951,"OPERATE_INCOME_QOQ":1.037498700347,"NET_PROFIT_RATIO":2.5680473037,"ROE_AVG":3.337810862914,"GROSS_PROFIT_QOQ":-10.231561710117,"ROA":1.879362493912,"HOLDER_PROFIT_QOQ":68.564200417506,"ROE_YEARLY":6.675621725827,"ROIC_YEARLY":4.286373567221,"TOTAL_ASSETS":10611513000,"TOTAL_LIABILITIES":4416177000,"TAX_EBT":23.289856086753,"OCF_SALES":5.531163631059,"TOTAL_PARENT_EQUITY":6110421000,"DEBT_ASSET_RATIO":41.6168457787,"OPERATE_PROFIT":336778000,"PRETAX_PROFIT":271483000,"NETCASH_OPERATE":448548000,"NETCASH_INVEST":-8389000,"NETCASH_FINANCE":-314667000,"END_CASH":1254957000,"DIVI_RATIO":-0.099910589498,"DIVIDEND_RATE":6.271186440678,"CURRENT_RATIO":1.643983481624,"COMMON_ACS":2000000000,"CURRENTDEBT_DEBT":80.501098574627,"ISSUED_COMMON_SHARES":1523264677,"HK_COMMON_SHARES":1523264677,"PER_SHARES":500,"TOTAL_MARKET_CAP":898726159.43,"HKSK_MARKET_CAP":898726159.43,"PE_TTM":-1.549215813531,"PB_TTM":0.149573251594,"REPORT_DATE_SQ":"2022-06-30 00:00:00","REPORT_TYPE_SQ":"2022年中报","OPERATE_INCOME_SQ":7940132000,"DPS_HKD":0.037,"OPERATE_INCOME_QOQ_SQ":-7.97382199739,"NET_PROFIT_RATIO_SQ":-11.4401120787,"HOLDER_PROFIT_SQ":-914838000,"HOLDER_PROFIT_QOQ_SQ":-193.963351679777,"ROE_AVG_SQ":-12.212782746783,"PE_TTM_SQ":-1.740910386163,"PB_TTM_SQ":0.140336865889,"ROA_SQ":-7.217702075528,"START_DATE":"2023-01-01 00:00:00","FISCAL_YEAR":"12-31","CURRENCY":"HKD","IS_CNY_CODE":0,"DPS_HKD_LY":0.066,"ORG_TYPE":"一般企业","PREMIUM_INCOME":null,"PREMIUM_INCOME_YOY":null,"NET_INTEREST_INCOME":null,"NET_INTEREST_INCOME_YOY":null,"FEE_COMMISSION_INCOME":null,"FEE_COMMISSION_INCOME_YOY":null,"ACCOUNTS_RECE_TDAYS":42.340905768347,"INVENTORY_TDAYS":5.132598636283,"CURRENT_ASSETS_TDAYS":1.376021934988,"TOTAL_ASSETS_TDAYS":0.757396328675,"PREMIUM_EXPENSE":null,"LOAN_DEPOSIT":null,"LOAN_EQUITY":null,"LOAN_ASSETS":null,"DEPOSIT_EQUITY":null,"DEPOSIT_ASSETS":null,"EQUITY_MULTIPLIER":1.712822839632,"EQUITY_RATIO":0.722728761242},{"SECUCODE":"03836.HK","SECURITY_CODE":"03836","SECURITY_NAME_ABBR":"和谐汽车","ORG_CODE":"10331914","STD_REPORT_DATE":"2022-12-31 00:00:00","REPORT_DATE":"2022-12-31 00:00:00","DATE_TYPE_CODE":"001","REPORT_TYPE":"2022年年报","PER_NETCASH_OPERATE":0.50492674717,"PER_OI":10.550545610513,"BPS":3.903998490736,"BASIC_EPS":-1.08,"DILUTED_EPS":-1.08,"OPERATE_INCOME":16321659000,"OPERATE_INCOME_YOY":-9.2285595542,"GROSS_PROFIT":1079669000,"GROSS_PROFIT_YOY":-38.349158093811,"HOLDER_PROFIT":-1627762000,"HOLDER_PROFIT_YOY":-341.8108756527,"GROSS_PROFIT_RATIO":6.61494643406,"EPS_TTM":-1.052207819319,"OPERATE_INCOME_QOQ":-1.363457207513,"NET_PROFIT_RATIO":-9.9426412474,"ROE_AVG":-23.397128818661,"GROSS_PROFIT_QOQ":-31.835205283128,"ROA":-13.535832270841,"HOLDER_PROFIT_QOQ":-157.345945339191,"ROE_YEARLY":-23.397128818661,"ROIC_YEARLY":-15.463193690475,"TOTAL_ASSETS":10802557000,"TOTAL_LIABILITIES":4775850000,"TAX_EBT":-7.664044955002,"OCF_SALES":4.785788013339,"TOTAL_PARENT_EQUITY":5946823000,"DEBT_ASSET_RATIO":44.2103661198,"OPERATE_PROFIT":-1382308000,"PRETAX_PROFIT":-1507285000,"NETCASH_OPERATE":781120000,"NETCASH_INVEST":4743000,"NETCASH_FINANCE":-1080406000,"END_CASH":840992000,"DIVI_RATIO":-0.031866461534,"DIVIDEND_RATE":6.271186440678,"CURRENT_RATIO":1.523865073892,"COMMON_ACS":2000000000,"CURRENTDEBT_DEBT":81.650952186522,"ISSUED_COMMON_SHARES":1523264677,"HK_COMMON_SHARES":1523264677,"PER_SHARES":500,"TOTAL_MARKET_CAP":898726159.43,"HKSK_MARKET_CAP":898726159.43,"PE_TTM":-1.549215813531,"PB_TTM":0.149573251594,"REPORT_DATE_SQ":"2021-12-31 00:00:00","REPORT_TYPE_SQ":"2021年年报","OPERATE_INCOME_SQ":17981051000,"DPS_HKD":0.037,"OPERATE_INCOME_QOQ_SQ":-2.096824066134,"NET_PROFIT_RATIO_SQ":3.8444415735,"HOLDER_PROFIT_SQ":673155000,"HOLDER_PROFIT_QOQ_SQ":18.774382400737,"ROE_AVG_SQ":8.710924711202,"PE_TTM_SQ":-1.740910386163,"PB_TTM_SQ":0.140336865889,"ROA_SQ":5.25882315029,"START_DATE":"2022-01-01 00:00:00","FISCAL_YEAR":"12-31","CURRENCY":"HKD","IS_CNY_CODE":0,"DPS_HKD_LY":0.21,"ORG_TYPE":"一般企业","PREMIUM_INCOME":null,"PREMIUM_INCOME_YOY":null,"NET_INTEREST_INCOME":null,"NET_INTEREST_INCOME_YOY":null,"FEE_COMMISSION_INCOME":null,"FEE_COMMISSION_INCOME_YOY":null,"ACCOUNTS_RECE_TDAYS":94.336397605995,"INVENTORY_TDAYS":11.416908826088,"CURRENT_ASSETS_TDAYS":2.503527936003,"TOTAL_ASSETS_TDAYS":1.357245338114,"PREMIUM_EXPENSE":null,"LOAN_DEPOSIT":null,"LOAN_EQUITY":null,"LOAN_ASSETS":null,"DEPOSIT_EQUITY":null,"DEPOSIT_ASSETS":null,"EQUITY_MULTIPLIER":1.792447683287,"EQUITY_RATIO":0.803092676543},{"SECUCODE":"03836.HK","SECURITY_CODE":"03836","SECURITY_NAME_ABBR":"和谐汽车","ORG_CODE":"10331914","STD_REPORT_DATE":"2022-06-30 00:00:00","REPORT_DATE":"2022-06-30 00:00:00","DATE_TYPE_CODE":"002","REPORT_TYPE":"2022年中报","PER_NETCASH_OPERATE":0.399536087691,"PER_OI":5.132610895712,"BPS":4.604759176727,"BASIC_EPS":-0.604,"DILUTED_EPS":-0.602,"OPERATE_INCOME":7940132000,"OPERATE_INCOME_YOY":-15.2954013102,"GROSS_PROFIT":691815000,"GROSS_PROFIT_YOY":-19.478589194908,"HOLDER_PROFIT":-914838000,"HOLDER_PROFIT_YOY":-334.072091619,"GROSS_PROFIT_RATIO":8.712890415424,"EPS_TTM":-0.40886901013,"OPERATE_INCOME_QOQ":-7.97382199739,"NET_PROFIT_RATIO":-11.4401120787,"ROE_AVG":-12.212782746783,"GROSS_PROFIT_QOQ":-9.556183419519,"ROA":-7.217702075528,"HOLDER_PROFIT_QOQ":-193.963351679777,"ROE_YEARLY":-24.425565493567,"ROIC_YEARLY":-16.723230290091,"TOTAL_ASSETS":12101243000,"TOTAL_LIABILITIES":5007316000,"TAX_EBT":-9.223044143252,"OCF_SALES":7.784266055023,"TOTAL_PARENT_EQUITY":7014267000,"DEBT_ASSET_RATIO":41.3785261564,"OPERATE_PROFIT":-774013000,"PRETAX_PROFIT":-831656000,"NETCASH_OPERATE":618081000,"NETCASH_INVEST":-58552000,"NETCASH_FINANCE":-595553000,"END_CASH":1622352000,"DIVI_RATIO":-0.082007046681,"DIVIDEND_RATE":6.271186440678,"CURRENT_RATIO":1.738402341831,"COMMON_ACS":2000000000,"CURRENTDEBT_DEBT":81.901461781122,"ISSUED_COMMON_SHARES":1523264677,"HK_COMMON_SHARES":1523264677,"PER_SHARES":500,"TOTAL_MARKET_CAP":898726159.43,"HKSK_MARKET_CAP":898726159.43,"PE_TTM":-1.549215813531,"PB_TTM":0.149573251594,"REPORT_DATE_SQ":"2021-06-30 00:00:00","REPORT_TYPE_SQ":"2021年中报","OPERATE_INCOME_SQ":9373909000,"DPS_HKD":0.037,"OPERATE_INCOME_QOQ_SQ":24.542299434262,"NET_PROFIT_RATIO_SQ":4.2734146448,"HOLDER_PROFIT_SQ":390836000,"HOLDER_PROFIT_QOQ_SQ":37.996011697074,"ROE_AVG_SQ":5.101111275491,"PE_TTM_SQ":-1.740910386163,"PB_TTM_SQ":0.140336865889,"ROA_SQ":3.101322531124,"START_DATE":"2022-01-01 00:00:00","FISCAL_YEAR":"12-31","CURRENCY":"HKD","IS_CNY_CODE":0,"DPS_HKD_LY":0.21,"ORG_TYPE":"一般企业","PREMIUM_INCOME":null,"PREMIUM_INCOME_YOY":null,"NET_INTEREST_INCOME":null,"NET_INTEREST_INCOME_YOY":null,"FEE_COMMISSION_INCOME":null,"FEE_COMMISSION_INCOME_YOY":null,"ACCOUNTS_RECE_TDAYS":51.723032326358,"INVENTORY_TDAYS":5.972232967871,"CURRENT_ASSETS_TDAYS":1.116294357992,"TOTAL_ASSETS_TDAYS":0.626444323655,"PREMIUM_EXPENSE":null,"LOAN_DEPOSIT":null,"LOAN_EQUITY":null,"LOAN_ASSETS":null,"DEPOSIT_EQUITY":null,"DEPOSIT_ASSETS":null,"EQUITY_MULTIPLIER":1.705859533092,"EQUITY_RATIO":0.713875876125},{"SECUCODE":"03836.HK","SECURITY_CODE":"03836","SECURITY_NAME_ABBR":"和谐汽车","ORG_CODE":"10331914","STD_REPORT_DATE":"2021-12-31 00:00:00","REPORT_DATE":"2021-12-31 00:00:00","DATE_TYPE_CODE":"001","REPORT_TYPE":"2021年年报","PER_NETCASH_OPERATE":0.494406567947,"PER_OI":11.454659409409,"BPS":5.230463307067,"BASIC_EPS":0.44,"DILUTED_EPS":0.44,"OPERATE_INCOME":17981051000,"OPERATE_INCOME_YOY":21.9308665272,"GROSS_PROFIT":1751264000,"GROSS_PROFIT_YOY":34.83531552174,"HOLDER_PROFIT":673155000,"HOLDER_PROFIT_YOY":63.9039106308,"GROSS_PROFIT_RATIO":9.739497429822,"EPS_TTM":0.42882706104,"OPERATE_INCOME_QOQ":-2.096824066134,"NET_PROFIT_RATIO":3.8444415735,"ROE_AVG":8.710924711202,"GROSS_PROFIT_QOQ":6.901068849537,"ROA":5.25882315029,"HOLDER_PROFIT_QOQ":18.774382400737,"ROE_YEARLY":8.710924711202,"ROIC_YEARLY":6.099256542257,"TOTAL_ASSETS":13248598000,"TOTAL_LIABILITIES":5206036000,"TAX_EBT":25.426418473189,"OCF_SALES":4.3162048759,"TOTAL_PARENT_EQUITY":7967380000,"DEBT_ASSET_RATIO":39.2949955912,"OPERATE_PROFIT":1057569000,"PRETAX_PROFIT":926965000,"NETCASH_OPERATE":776099000,"NETCASH_INVEST":-589288000,"NETCASH_FINANCE":-271938000,"END_CASH":1159199000,"DIVI_RATIO":0.078190354682,"DIVIDEND_RATE":6.271186440678,"CURRENT_RATIO":1.629403954108,"COMMON_ACS":2000000000,"CURRENTDEBT_DEBT":83.659025792369,"ISSUED_COMMON_SHARES":1523264677,"HK_COMMON_SHARES":1523264677,"PER_SHARES":500,"TOTAL_MARKET_CAP":898726159.43,"HKSK_MARKET_CAP":898726159.43,"PE_TTM":-1.549215813531,"PB_TTM":0.149573251594,"REPORT_DATE_SQ":"2020-12-31 00:00:00","REPORT_TYPE_SQ":"2020年年报","OPERATE_INCOME_SQ":14746923000,"DPS_HKD":0.037,"OPERATE_INCOME_QOQ_SQ":18.117361068004,"NET_PROFIT_RATIO_SQ":2.8625903858,"HOLDER_PROFIT_SQ":410701000,"HOLDER_PROFIT_QOQ_SQ":-11.075770534042,"ROE_AVG_SQ":5.56567147725,"PE_TTM_SQ":-1.740910386163,"PB_TTM_SQ":0.140336865889,"ROA_SQ":3.454906866428,"START_DATE":"2021-01-01 00:00:00","FISCAL_YEAR":"12-31","CURRENCY":"HKD","IS_CNY_CODE":0,"DPS_HKD_LY":0.079,"ORG_TYPE":"一般企业","PREMIUM_INCOME":null,"PREMIUM_INCOME_YOY":null,"NET_INTEREST_INCOME":null,"NET_INTEREST_INCOME_YOY":null,"FEE_COMMISSION_INCOME":null,"FEE_COMMISSION_INCOME_YOY":null,"ACCOUNTS_RECE_TDAYS":118.486199932128,"INVENTORY_TDAYS":14.600292189596,"CURRENT_ASSETS_TDAYS":2.736027295374,"TOTAL_ASSETS_TDAYS":1.404716109445,"PREMIUM_EXPENSE":null,"LOAN_DEPOSIT":null,"LOAN_EQUITY":null,"LOAN_ASSETS":null,"DEPOSIT_EQUITY":null,"DEPOSIT_ASSETS":null,"EQUITY_MULTIPLIER":1.647310645537,"EQUITY_RATIO":0.653418815219},{"SECUCODE":"03836.HK","SECURITY_CODE":"03836","SECURITY_NAME_ABBR":"和谐汽车","ORG_CODE":"10331914","STD_REPORT_DATE":"2021-06-30 00:00:00","REPORT_DATE":"2021-06-30 00:00:00","DATE_TYPE_CODE":"002","REPORT_TYPE":"2021年中报","PER_NETCASH_OPERATE":0.293318385302,"PER_OI":5.944424065855,"BPS":5.143901200041,"BASIC_EPS":0.254,"DILUTED_EPS":0.253,"OPERATE_INCOME":9373909000,"OPERATE_INCOME_YOY":62.8920660159,"GROSS_PROFIT":859169000,"GROSS_PROFIT_YOY":65.296012128301,"HOLDER_PROFIT":390836000,"HOLDER_PROFIT_YOY":66.4647806939,"GROSS_PROFIT_RATIO":9.165535957304,"EPS_TTM":0.359402708491,"OPERATE_INCOME_QOQ":24.542299434262,"NET_PROFIT_RATIO":4.2734146448,"ROE_AVG":5.101111275491,"GROSS_PROFIT_QOQ":26.130932995179,"ROA":3.101322531124,"HOLDER_PROFIT_QOQ":37.996011697074,"ROE_YEARLY":10.202222550982,"ROIC_YEARLY":7.323196942453,"TOTAL_ASSETS":12852096000,"TOTAL_LIABILITIES":4949757000,"TAX_EBT":20.563570203357,"OCF_SALES":4.93434489283,"TOTAL_PARENT_EQUITY":7835523000,"DEBT_ASSET_RATIO":38.5132277257,"OPERATE_PROFIT":564943000,"PRETAX_PROFIT":504285000,"NETCASH_OPERATE":462541000,"NETCASH_INVEST":-155302000,"NETCASH_FINANCE":-120818000,"END_CASH":1926574000,"DIVI_RATIO":0.093294065982,"DIVIDEND_RATE":6.271186440678,"CURRENT_RATIO":1.548702547681,"COMMON_ACS":2000000000,"CURRENTDEBT_DEBT":83.76655662086,"ISSUED_COMMON_SHARES":1523264677,"HK_COMMON_SHARES":1523264677,"PER_SHARES":500,"TOTAL_MARKET_CAP":898726159.43,"HKSK_MARKET_CAP":898726159.43,"PE_TTM":-1.549215813531,"PB_TTM":0.149573251594,"REPORT_DATE_SQ":"2020-06-30 00:00:00","REPORT_TYPE_SQ":"2020年中报","OPERATE_INCOME_SQ":5754675000,"DPS_HKD":0.037,"OPERATE_INCOME_QOQ_SQ":-1.084201717011,"NET_PROFIT_RATIO_SQ":4.2096556278,"HOLDER_PROFIT_SQ":234786000,"HOLDER_PROFIT_QOQ_SQ":-10.023631082374,"ROE_AVG_SQ":3.207036230879,"PE_TTM_SQ":-1.740910386163,"PB_TTM_SQ":0.140336865889,"ROA_SQ":2.031848352765,"START_DATE":"2021-01-01 00:00:00","FISCAL_YEAR":"12-31","CURRENCY":"HKD","IS_CNY_CODE":0,"DPS_HKD_LY":0.079,"ORG_TYPE":"一般企业","PREMIUM_INCOME":null,"PREMIUM_INCOME_YOY":null,"NET_INTEREST_INCOME":null,"NET_INTEREST_INCOME_YOY":null,"FEE_COMMISSION_INCOME":null,"FEE_COMMISSION_INCOME_YOY":null,"ACCOUNTS_RECE_TDAYS":60.726004767951,"INVENTORY_TDAYS":7.700953310358,"CURRENT_ASSETS_TDAYS":1.503598630547,"TOTAL_ASSETS_TDAYS":0.743829002098,"PREMIUM_EXPENSE":null,"LOAN_DEPOSIT":null,"LOAN_EQUITY":null,"LOAN_ASSETS":null,"DEPOSIT_EQUITY":null,"DEPOSIT_ASSETS":null,"EQUITY_MULTIPLIER":1.626366067061,"EQUITY_RATIO":0.631707289992},{"SECUCODE":"03836.HK","SECURITY_CODE":"03836","SECURITY_NAME_ABBR":"和谐汽车","ORG_CODE":"10331914","STD_REPORT_DATE":"2020-12-31 00:00:00","REPORT_DATE":"2020-12-31 00:00:00","DATE_TYPE_CODE":"001","REPORT_TYPE":"2020年年报","PER_NETCASH_OPERATE":0.507174247945,"PER_OI":9.354663889215,"BPS":4.915783916652,"BASIC_EPS":0.27,"DILUTED_EPS":0.27,"OPERATE_INCOME":14746923000,"OPERATE_INCOME_YOY":16.8367306112,"GROSS_PROFIT":1298817000,"GROSS_PROFIT_YOY":19.477591345623,"HOLDER_PROFIT":410701000,"HOLDER_PROFIT_YOY":-19.9892072386,"GROSS_PROFIT_RATIO":8.807376291312,"EPS_TTM":0.260526878317,"OPERATE_INCOME_QOQ":18.117361068004,"NET_PROFIT_RATIO":2.8625903858,"ROE_AVG":5.56567147725,"GROSS_PROFIT_QOQ":26.188294799513,"ROA":3.454906866428,"HOLDER_PROFIT_QOQ":-11.075770534042,"ROE_YEARLY":5.56567147725,"ROIC_YEARLY":4.002906998136,"TOTAL_ASSETS":12352377000,"TOTAL_LIABILITIES":4804890000,"TAX_EBT":31.615114708103,"OCF_SALES":5.421619140481,"TOTAL_PARENT_EQUITY":7488040000,"DEBT_ASSET_RATIO":38.8985051217,"OPERATE_PROFIT":750023000,"PRETAX_PROFIT":617306000,"NETCASH_OPERATE":799522000,"NETCASH_INVEST":-230307000,"NETCASH_FINANCE":-208494000,"END_CASH":1274316000,"DIVI_RATIO":0.128701269584,"DIVIDEND_RATE":6.271186440678,"CURRENT_RATIO":1.477598902821,"COMMON_ACS":2000000000,"CURRENTDEBT_DEBT":85.177371386234,"ISSUED_COMMON_SHARES":1523264677,"HK_COMMON_SHARES":1523264677,"PER_SHARES":500,"TOTAL_MARKET_CAP":898726159.43,"HKSK_MARKET_CAP":898726159.43,"PE_TTM":-1.549215813531,"PB_TTM":0.149573251594,"REPORT_DATE_SQ":"2019-12-31 00:00:00","REPORT_TYPE_SQ":"2019年年报","OPERATE_INCOME_SQ":12621821000,"DPS_HKD":0.037,"OPERATE_INCOME_QOQ_SQ":6.566846568667,"NET_PROFIT_RATIO_SQ":4.1677662835,"HOLDER_PROFIT_SQ":513307000,"HOLDER_PROFIT_QOQ_SQ":-5.902593188709,"ROE_AVG_SQ":7.255881028356,"PE_TTM_SQ":-1.740910386163,"PB_TTM_SQ":0.140336865889,"ROA_SQ":4.573985161439,"START_DATE":"2020-01-01 00:00:00","FISCAL_YEAR":"12-31","CURRENCY":"HKD","IS_CNY_CODE":0,"DPS_HKD_LY":0.075,"ORG_TYPE":"一般企业","PREMIUM_INCOME":null,"PREMIUM_INCOME_YOY":null,"NET_INTEREST_INCOME":null,"NET_INTEREST_INCOME_YOY":null,"FEE_COMMISSION_INCOME":null,"FEE_COMMISSION_INCOME_YOY":null,"ACCOUNTS_RECE_TDAYS":101.625121458745,"INVENTORY_TDAYS":11.418734286415,"CURRENT_ASSETS_TDAYS":2.543576986122,"TOTAL_ASSETS_TDAYS":1.240543498345,"PREMIUM_EXPENSE":null,"LOAN_DEPOSIT":null,"LOAN_EQUITY":null,"LOAN_ASSETS":null,"DEPOSIT_EQUITY":null,"DEPOSIT_ASSETS":null,"EQUITY_MULTIPLIER":1.636621169403,"EQUITY_RATIO":0.641675258145},{"SECUCODE":"03836.HK","SECURITY_CODE":"03836","SECURITY_NAME_ABBR":"和谐汽车","ORG_CODE":"10331914","STD_REPORT_DATE":"2020-06-30 00:00:00","REPORT_DATE":"2020-06-30 00:00:00","DATE_TYPE_CODE":"002","REPORT_TYPE":"2020年中报","PER_NETCASH_OPERATE":0.463024734845,"PER_OI":3.654543450342,"BPS":4.839347430099,"BASIC_EPS":0.15,"DILUTED_EPS":0.15,"OPERATE_INCOME":5754675000,"OPERATE_INCOME_YOY":-2.3227618131,"GROSS_PROFIT":519776000,"GROSS_PROFIT_YOY":-10.00905491294,"HOLDER_PROFIT":234786000,"HOLDER_PROFIT_YOY":-17.9752513642,"GROSS_PROFIT_RATIO":9.032239005678,"EPS_TTM":0.293303994623,"OPERATE_INCOME_QOQ":-1.084201717011,"NET_PROFIT_RATIO":4.2096556278,"ROE_AVG":3.207036230879,"GROSS_PROFIT_QOQ":-5.318007874305,"ROA":2.031848352765,"HOLDER_PROFIT_QOQ":-10.023631082374,"ROE_YEARLY":6.414072461759,"ROIC_YEARLY":4.753974490308,"TOTAL_ASSETS":11688021000,"TOTAL_LIABILITIES":4260944000,"TAX_EBT":21.254713301261,"OCF_SALES":12.669838001277,"TOTAL_PARENT_EQUITY":7371607000,"DEBT_ASSET_RATIO":36.4556497631,"OPERATE_PROFIT":366442000,"PRETAX_PROFIT":307640000,"NETCASH_OPERATE":729108000,"NETCASH_INVEST":-118496000,"NETCASH_FINANCE":-173595000,"END_CASH":1801591000,"DIVI_RATIO":0.114318729423,"DIVIDEND_RATE":6.271186440678,"CURRENT_RATIO":1.551940875438,"COMMON_ACS":2000000000,"CURRENTDEBT_DEBT":86.895204442959,"ISSUED_COMMON_SHARES":1523264677,"HK_COMMON_SHARES":1523264677,"PER_SHARES":500,"TOTAL_MARKET_CAP":898726159.43,"HKSK_MARKET_CAP":898726159.43,"PE_TTM":-1.549215813531,"PB_TTM":0.149573251594,"REPORT_DATE_SQ":"2019-06-30 00:00:00","REPORT_TYPE_SQ":"2019年中报","OPERATE_INCOME_SQ":5891521000,"DPS_HKD":0.037,"OPERATE_INCOME_QOQ_SQ":11.317461658626,"NET_PROFIT_RATIO_SQ":4.9895095002,"HOLDER_PROFIT_SQ":286238000,"HOLDER_PROFIT_QOQ_SQ":-20.211732768557,"ROE_AVG_SQ":4.135489666838,"PE_TTM_SQ":-1.740910386163,"PB_TTM_SQ":0.140336865889,"ROA_SQ":2.522354949918,"START_DATE":"2020-01-01 00:00:00","FISCAL_YEAR":"12-31","CURRENCY":"HKD","IS_CNY_CODE":0,"DPS_HKD_LY":0.075,"ORG_TYPE":"一般企业","PREMIUM_INCOME":null,"PREMIUM_INCOME_YOY":null,"NET_INTEREST_INCOME":null,"NET_INTEREST_INCOME_YOY":null,"FEE_COMMISSION_INCOME":null,"FEE_COMMISSION_INCOME_YOY":null,"ACCOUNTS_RECE_TDAYS":44.250732427507,"INVENTORY_TDAYS":4.577951513005,"CURRENT_ASSETS_TDAYS":1.019046803629,"TOTAL_ASSETS_TDAYS":0.498012101209,"PREMIUM_EXPENSE":null,"LOAN_DEPOSIT":null,"LOAN_EQUITY":null,"LOAN_ASSETS":null,"DEPOSIT_EQUITY":null,"DEPOSIT_ASSETS":null,"EQUITY_MULTIPLIER":1.573704029189,"EQUITY_RATIO":0.578021047514}],"count":27},"success":true,"message":"ok","code":0}