{"version":"2a71478b0e9bdc2961373035fe6d536e","result":{"pages":5,"data":[{"SECUCODE":"03838.HK","SECURITY_CODE":"03838","SECURITY_NAME_ABBR":"中国淀粉","ORG_CODE":"10086716","STD_REPORT_DATE":"2024-06-30 00:00:00","REPORT_DATE":"2024-06-30 00:00:00","DATE_TYPE_CODE":"002","REPORT_TYPE":"2024年中报","PER_NETCASH_OPERATE":0.080925248373,"PER_OI":0.946520501545,"BPS":0.643537785335,"BASIC_EPS":0.036,"DILUTED_EPS":0.036,"OPERATE_INCOME":5645514000,"OPERATE_INCOME_YOY":-2.9033302759,"GROSS_PROFIT":507180000,"GROSS_PROFIT_YOY":189.408663201082,"HOLDER_PROFIT":214659000,"HOLDER_PROFIT_YOY":668.5728664512,"GROSS_PROFIT_RATIO":8.983770122614,"EPS_TTM":0.060419562538,"OPERATE_INCOME_QOQ":-1.43088377622,"NET_PROFIT_RATIO":4.7379565439,"ROE_AVG":5.724083541717,"GROSS_PROFIT_QOQ":59.638824806135,"ROA":3.977991777494,"HOLDER_PROFIT_QOQ":233.804499856427,"ROE_YEARLY":11.448167083433,"ROIC_YEARLY":10.455147580531,"TOTAL_ASSETS":5439704000,"TOTAL_LIABILITIES":1290656000,"TAX_EBT":24.715306197121,"OCF_SALES":8.549761810882,"TOTAL_PARENT_EQUITY":3838376000,"DEBT_ASSET_RATIO":23.726585123,"OPERATE_PROFIT":342483000,"PRETAX_PROFIT":355294000,"NETCASH_OPERATE":482678000,"NETCASH_INVEST":215812000,"NETCASH_FINANCE":-503783000,"END_CASH":1094537000,"DIVI_RATIO":0.103491613268,"DIVIDEND_RATE":2.923728813559,"CURRENT_RATIO":2.825566194638,"COMMON_ACS":10000000000,"CURRENTDEBT_DEBT":79.242571219597,"ISSUED_COMMON_SHARES":5964492043,"HK_COMMON_SHARES":5964492043,"PER_SHARES":5000,"TOTAL_MARKET_CAP":1407620122.148,"HKSK_MARKET_CAP":1407620122.148,"PE_TTM":3.561104380381,"PB_TTM":0.334700595534,"REPORT_DATE_SQ":"2023-06-30 00:00:00","REPORT_TYPE_SQ":"2023年中报","OPERATE_INCOME_SQ":5814323000,"DPS_HKD":0.0069,"OPERATE_INCOME_QOQ_SQ":-0.000878745506,"NET_PROFIT_RATIO_SQ":-0.4980631451,"HOLDER_PROFIT_SQ":-37754000,"HOLDER_PROFIT_QOQ_SQ":-85.248956702812,"ROE_AVG_SQ":-1.061356342788,"PE_TTM_SQ":16.090040868831,"PB_TTM_SQ":0.195459719229,"ROA_SQ":-0.753470812386,"START_DATE":"2024-01-01 00:00:00","FISCAL_YEAR":"12-31","CURRENCY":"HKD","IS_CNY_CODE":0,"DPS_HKD_LY":0.0069,"ORG_TYPE":"一般企业","PREMIUM_INCOME":null,"PREMIUM_INCOME_YOY":null,"NET_INTEREST_INCOME":null,"NET_INTEREST_INCOME_YOY":null,"FEE_COMMISSION_INCOME":null,"FEE_COMMISSION_INCOME_YOY":null,"ACCOUNTS_RECE_TDAYS":9.117888653986,"INVENTORY_TDAYS":6.222189661519,"CURRENT_ASSETS_TDAYS":2.020776849053,"TOTAL_ASSETS_TDAYS":1.046208557374,"PREMIUM_EXPENSE":null,"LOAN_DEPOSIT":null,"LOAN_EQUITY":null,"LOAN_ASSETS":null,"DEPOSIT_EQUITY":null,"DEPOSIT_ASSETS":null,"EQUITY_MULTIPLIER":1.311072805135,"EQUITY_RATIO":0.336250539291},{"SECUCODE":"03838.HK","SECURITY_CODE":"03838","SECURITY_NAME_ABBR":"中国淀粉","ORG_CODE":"10086716","STD_REPORT_DATE":"2023-12-31 00:00:00","REPORT_DATE":"2023-12-31 00:00:00","DATE_TYPE_CODE":"001","REPORT_TYPE":"2023年年报","PER_NETCASH_OPERATE":0.069258332364,"PER_OI":1.976610786979,"BPS":0.613938114696,"BASIC_EPS":0.018,"DILUTED_EPS":0.018,"OPERATE_INCOME":11797534000,"OPERATE_INCOME_YOY":-1.2663810716,"GROSS_PROFIT":556572000,"GROSS_PROFIT_YOY":-53.247905247905,"HOLDER_PROFIT":107959000,"HOLDER_PROFIT_YOY":-69.3306137059,"GROSS_PROFIT_RATIO":4.717697783283,"EPS_TTM":0.018087926168,"OPERATE_INCOME_QOQ":-1.265513446724,"NET_PROFIT_RATIO":1.3341432201,"ROE_AVG":2.975339810187,"GROSS_PROFIT_QOQ":-13.068631753881,"ROA":2.064526813376,"HOLDER_PROFIT_QOQ":107.913336543091,"ROE_YEARLY":2.975339810187,"ROIC_YEARLY":2.680798515863,"TOTAL_ASSETS":5352626000,"TOTAL_LIABILITIES":1416073000,"TAX_EBT":10.991726657355,"OCF_SALES":3.503893271255,"TOTAL_PARENT_EQUITY":3661829000,"DEBT_ASSET_RATIO":26.4556686755,"OPERATE_PROFIT":157470000,"PRETAX_PROFIT":176833000,"NETCASH_OPERATE":413373000,"NETCASH_INVEST":-719942000,"NETCASH_FINANCE":203414000,"END_CASH":899830000,"DIVI_RATIO":0.345695683522,"DIVIDEND_RATE":3.988439306358,"CURRENT_RATIO":2.262397536343,"COMMON_ACS":10000000000,"CURRENTDEBT_DEBT":84.202862423053,"ISSUED_COMMON_SHARES":5964492043,"HK_COMMON_SHARES":5964492043,"PER_SHARES":5000,"TOTAL_MARKET_CAP":1031857123.439,"HKSK_MARKET_CAP":1031857123.439,"PE_TTM":2.610470583924,"PB_TTM":0.245352555201,"REPORT_DATE_SQ":"2022-12-31 00:00:00","REPORT_TYPE_SQ":"2022年年报","OPERATE_INCOME_SQ":11948852000,"DPS_HKD":0.0069,"OPERATE_INCOME_QOQ_SQ":1.655597052606,"NET_PROFIT_RATIO_SQ":4.1462727968,"HOLDER_PROFIT_SQ":352009000,"HOLDER_PROFIT_QOQ_SQ":-23.260098015278,"ROE_AVG_SQ":10.243162681853,"PE_TTM_SQ":16.805317256925,"PB_TTM_SQ":0.204148803559,"ROA_SQ":7.1655725029,"START_DATE":"2023-01-01 00:00:00","FISCAL_YEAR":"12-31","CURRENCY":"HKD","IS_CNY_CODE":0,"DPS_HKD_LY":0.0069,"ORG_TYPE":"一般企业","PREMIUM_INCOME":null,"PREMIUM_INCOME_YOY":null,"NET_INTEREST_INCOME":null,"NET_INTEREST_INCOME_YOY":null,"FEE_COMMISSION_INCOME":null,"FEE_COMMISSION_INCOME_YOY":null,"ACCOUNTS_RECE_TDAYS":20.459682964707,"INVENTORY_TDAYS":14.076892829414,"CURRENT_ASSETS_TDAYS":4.398663347094,"TOTAL_ASSETS_TDAYS":2.256071774907,"PREMIUM_EXPENSE":null,"LOAN_DEPOSIT":null,"LOAN_EQUITY":null,"LOAN_ASSETS":null,"DEPOSIT_EQUITY":null,"DEPOSIT_ASSETS":null,"EQUITY_MULTIPLIER":1.359724103803,"EQUITY_RATIO":0.386711940945},{"SECUCODE":"03838.HK","SECURITY_CODE":"03838","SECURITY_NAME_ABBR":"中国淀粉","ORG_CODE":"10086716","STD_REPORT_DATE":"2023-06-30 00:00:00","REPORT_DATE":"2023-06-30 00:00:00","DATE_TYPE_CODE":"002","REPORT_TYPE":"2023年中报","PER_NETCASH_OPERATE":0.066712244097,"PER_OI":0.970002488816,"BPS":0.590025600609,"BASIC_EPS":-0.0063,"DILUTED_EPS":-0.0063,"OPERATE_INCOME":5814323000,"OPERATE_INCOME_YOY":-0.0018058526,"GROSS_PROFIT":175247000,"GROSS_PROFIT_YOY":-75.843959645972,"HOLDER_PROFIT":-37754000,"HOLDER_PROFIT_YOY":-114.3917965921,"GROSS_PROFIT_RATIO":3.014056838604,"EPS_TTM":0.008662638665,"OPERATE_INCOME_QOQ":-0.000878745506,"NET_PROFIT_RATIO":-0.4980631451,"ROE_AVG":-1.061356342788,"GROSS_PROFIT_QOQ":-46.219534219534,"ROA":-0.753470812386,"HOLDER_PROFIT_QOQ":-85.248956702812,"ROE_YEARLY":-2.122712685575,"ROIC_YEARLY":-2.025761739856,"TOTAL_ASSETS":4915509000,"TOTAL_LIABILITIES":1162224000,"TAX_EBT":24.389033942559,"OCF_SALES":6.877533291494,"TOTAL_PARENT_EQUITY":3519203000,"DEBT_ASSET_RATIO":23.6440214025,"OPERATE_PROFIT":-45735000,"PRETAX_PROFIT":-38300000,"NETCASH_OPERATE":399882000,"NETCASH_INVEST":-212027000,"NETCASH_FINANCE":-88019000,"END_CASH":1102821000,"DIVI_RATIO":0.721826021108,"DIVIDEND_RATE":3.988439306358,"CURRENT_RATIO":2.702825483271,"COMMON_ACS":10000000000,"CURRENTDEBT_DEBT":76.593152438773,"ISSUED_COMMON_SHARES":5964492043,"HK_COMMON_SHARES":5964492043,"PER_SHARES":5000,"TOTAL_MARKET_CAP":1031857123.439,"HKSK_MARKET_CAP":1031857123.439,"PE_TTM":2.610470583924,"PB_TTM":0.245352555201,"REPORT_DATE_SQ":"2022-06-30 00:00:00","REPORT_TYPE_SQ":"2022年中报","OPERATE_INCOME_SQ":5814428000,"DPS_HKD":0.0069,"OPERATE_INCOME_QOQ_SQ":0.987463609328,"NET_PROFIT_RATIO_SQ":6.2722420847,"HOLDER_PROFIT_SQ":262330000,"HOLDER_PROFIT_QOQ_SQ":32.728004004664,"ROE_AVG_SQ":7.734499085558,"PE_TTM_SQ":16.805317256925,"PB_TTM_SQ":0.204148803559,"ROA_SQ":5.312229406986,"START_DATE":"2023-01-01 00:00:00","FISCAL_YEAR":"12-31","CURRENCY":"HKD","IS_CNY_CODE":0,"DPS_HKD_LY":0.0069,"ORG_TYPE":"一般企业","PREMIUM_INCOME":null,"PREMIUM_INCOME_YOY":null,"NET_INTEREST_INCOME":null,"NET_INTEREST_INCOME_YOY":null,"FEE_COMMISSION_INCOME":null,"FEE_COMMISSION_INCOME_YOY":null,"ACCOUNTS_RECE_TDAYS":10.875740253716,"INVENTORY_TDAYS":7.57801799671,"CURRENT_ASSETS_TDAYS":2.292473208159,"TOTAL_ASSETS_TDAYS":1.160386362845,"PREMIUM_EXPENSE":null,"LOAN_DEPOSIT":null,"LOAN_EQUITY":null,"LOAN_ASSETS":null,"DEPOSIT_EQUITY":null,"DEPOSIT_ASSETS":null,"EQUITY_MULTIPLIER":1.309655142096,"EQUITY_RATIO":0.330252048546},{"SECUCODE":"03838.HK","SECURITY_CODE":"03838","SECURITY_NAME_ABBR":"中国淀粉","ORG_CODE":"10086716","STD_REPORT_DATE":"2022-12-31 00:00:00","REPORT_DATE":"2022-12-31 00:00:00","DATE_TYPE_CODE":"001","REPORT_TYPE":"2022年年报","PER_NETCASH_OPERATE":0.052856192978,"PER_OI":1.993424888588,"BPS":0.602748729327,"BASIC_EPS":0.0587,"DILUTED_EPS":0.0587,"OPERATE_INCOME":11948852000,"OPERATE_INCOME_YOY":2.6594090803,"GROSS_PROFIT":1190475000,"GROSS_PROFIT_YOY":25.022185208951,"HOLDER_PROFIT":352009000,"HOLDER_PROFIT_YOY":1.8553401795,"GROSS_PROFIT_RATIO":9.963091014936,"EPS_TTM":0.058725599882,"OPERATE_INCOME_QOQ":1.655597052606,"NET_PROFIT_RATIO":4.1462727968,"ROE_AVG":10.243162681853,"GROSS_PROFIT_QOQ":-7.31816500905,"ROA":7.1655725029,"HOLDER_PROFIT_QOQ":-23.260098015278,"ROE_YEARLY":10.243162681853,"ROIC_YEARLY":9.539160572622,"TOTAL_ASSETS":5105848000,"TOTAL_LIABILITIES":1284065000,"TAX_EBT":20.235189562014,"OCF_SALES":2.651526690598,"TOTAL_PARENT_EQUITY":3595090000,"DEBT_ASSET_RATIO":25.1489076839,"OPERATE_PROFIT":607326000,"PRETAX_PROFIT":621116000,"NETCASH_OPERATE":316827000,"NETCASH_INVEST":-349469000,"NETCASH_FINANCE":34650000,"END_CASH":1002985000,"DIVI_RATIO":0.106476868904,"DIVIDEND_RATE":3.988439306358,"CURRENT_RATIO":2.760565173775,"COMMON_ACS":10000000000,"CURRENTDEBT_DEBT":75.224618691421,"ISSUED_COMMON_SHARES":5964492043,"HK_COMMON_SHARES":5964492043,"PER_SHARES":5000,"TOTAL_MARKET_CAP":1031857123.439,"HKSK_MARKET_CAP":1031857123.439,"PE_TTM":2.610470583924,"PB_TTM":0.245352555201,"REPORT_DATE_SQ":"2021-12-31 00:00:00","REPORT_TYPE_SQ":"2021年年报","OPERATE_INCOME_SQ":11639315000,"DPS_HKD":0.0069,"OPERATE_INCOME_QOQ_SQ":8.355874667698,"NET_PROFIT_RATIO_SQ":3.4609425039,"HOLDER_PROFIT_SQ":345597000,"HOLDER_PROFIT_QOQ_SQ":46.058787481774,"ROE_AVG_SQ":11.049786819754,"PE_TTM_SQ":16.805317256925,"PB_TTM_SQ":0.204148803559,"ROA_SQ":7.442876877789,"START_DATE":"2022-01-01 00:00:00","FISCAL_YEAR":"12-31","CURRENCY":"HKD","IS_CNY_CODE":0,"DPS_HKD_LY":0.0069,"ORG_TYPE":"一般企业","PREMIUM_INCOME":null,"PREMIUM_INCOME_YOY":null,"NET_INTEREST_INCOME":null,"NET_INTEREST_INCOME_YOY":null,"FEE_COMMISSION_INCOME":null,"FEE_COMMISSION_INCOME_YOY":null,"ACCOUNTS_RECE_TDAYS":20.185457134724,"INVENTORY_TDAYS":14.650024034566,"CURRENT_ASSETS_TDAYS":4.91300857351,"TOTAL_ASSETS_TDAYS":2.432334552026,"PREMIUM_EXPENSE":null,"LOAN_DEPOSIT":null,"LOAN_EQUITY":null,"LOAN_ASSETS":null,"DEPOSIT_EQUITY":null,"DEPOSIT_ASSETS":null,"EQUITY_MULTIPLIER":1.335985847444,"EQUITY_RATIO":0.35717186496},{"SECUCODE":"03838.HK","SECURITY_CODE":"03838","SECURITY_NAME_ABBR":"中国淀粉","ORG_CODE":"10086716","STD_REPORT_DATE":"2022-06-30 00:00:00","REPORT_DATE":"2022-06-30 00:00:00","DATE_TYPE_CODE":"002","REPORT_TYPE":"2022年中报","PER_NETCASH_OPERATE":-0.02318967934,"PER_OI":0.970020005947,"BPS":0.587713249465,"BASIC_EPS":0.0438,"DILUTED_EPS":0.0438,"OPERATE_INCOME":5814428000,"OPERATE_INCOME_YOY":2.0165649793,"GROSS_PROFIT":725479000,"GROSS_PROFIT_YOY":84.499319710591,"HOLDER_PROFIT":262330000,"HOLDER_PROFIT_YOY":75.7972966634,"GROSS_PROFIT_RATIO":12.477220459175,"EPS_TTM":0.076525508065,"OPERATE_INCOME_QOQ":0.987463609328,"NET_PROFIT_RATIO":6.2722420847,"ROE_AVG":7.734499085558,"GROSS_PROFIT_QOQ":34.893946824811,"ROA":5.312229406986,"HOLDER_PROFIT_QOQ":32.728004004664,"ROE_YEARLY":15.468998171117,"ROIC_YEARLY":13.733521364557,"TOTAL_ASSETS":5157297000,"TOTAL_LIABILITIES":1423226000,"TAX_EBT":19.431839771658,"OCF_SALES":-2.390639285584,"TOTAL_PARENT_EQUITY":3505411000,"DEBT_ASSET_RATIO":27.5963552225,"OPERATE_PROFIT":445206000,"PRETAX_PROFIT":452654000,"NETCASH_OPERATE":-139002000,"NETCASH_INVEST":-62666000,"NETCASH_FINANCE":-7124000,"END_CASH":792185000,"DIVI_RATIO":0.081710244833,"DIVIDEND_RATE":3.988439306358,"CURRENT_RATIO":2.500911987549,"COMMON_ACS":10000000000,"CURRENTDEBT_DEBT":74.578317147101,"ISSUED_COMMON_SHARES":5964492043,"HK_COMMON_SHARES":5964492043,"PER_SHARES":5000,"TOTAL_MARKET_CAP":1031857123.439,"HKSK_MARKET_CAP":1031857123.439,"PE_TTM":2.610470583924,"PB_TTM":0.245352555201,"REPORT_DATE_SQ":"2021-06-30 00:00:00","REPORT_TYPE_SQ":"2021年中报","OPERATE_INCOME_SQ":5699494000,"DPS_HKD":0.0069,"OPERATE_INCOME_QOQ_SQ":20.798838450648,"NET_PROFIT_RATIO_SQ":3.065307201,"HOLDER_PROFIT_SQ":149223000,"HOLDER_PROFIT_QOQ_SQ":24.455606985062,"ROE_AVG_SQ":4.925748849295,"PE_TTM_SQ":16.805317256925,"PB_TTM_SQ":0.204148803559,"ROA_SQ":3.155210861725,"START_DATE":"2022-01-01 00:00:00","FISCAL_YEAR":"12-31","CURRENCY":"HKD","IS_CNY_CODE":0,"DPS_HKD_LY":0.0069,"ORG_TYPE":"一般企业","PREMIUM_INCOME":null,"PREMIUM_INCOME_YOY":null,"NET_INTEREST_INCOME":null,"NET_INTEREST_INCOME_YOY":null,"FEE_COMMISSION_INCOME":null,"FEE_COMMISSION_INCOME_YOY":null,"ACCOUNTS_RECE_TDAYS":8.677344158073,"INVENTORY_TDAYS":5.943832613269,"CURRENT_ASSETS_TDAYS":2.396634406814,"TOTAL_ASSETS_TDAYS":1.177432066725,"PREMIUM_EXPENSE":null,"LOAN_DEPOSIT":null,"LOAN_EQUITY":null,"LOAN_ASSETS":null,"DEPOSIT_EQUITY":null,"DEPOSIT_ASSETS":null,"EQUITY_MULTIPLIER":1.381145939646,"EQUITY_RATIO":0.406008311151},{"SECUCODE":"03838.HK","SECURITY_CODE":"03838","SECURITY_NAME_ABBR":"中国淀粉","ORG_CODE":"10086716","STD_REPORT_DATE":"2021-12-31 00:00:00","REPORT_DATE":"2021-12-31 00:00:00","DATE_TYPE_CODE":"001","REPORT_TYPE":"2021年年报","PER_NETCASH_OPERATE":0.184647750844,"PER_OI":1.941784885035,"BPS":0.549579574651,"BASIC_EPS":0.0577,"DILUTED_EPS":0.0577,"OPERATE_INCOME":11639315000,"OPERATE_INCOME_YOY":30.8926379916,"GROSS_PROFIT":952211000,"GROSS_PROFIT_YOY":70.106024742084,"HOLDER_PROFIT":345597000,"HOLDER_PROFIT_YOY":81.7783505155,"GROSS_PROFIT_RATIO":8.180988314175,"EPS_TTM":0.057655887044,"OPERATE_INCOME_QOQ":8.355874667698,"NET_PROFIT_RATIO":3.4609425039,"ROE_AVG":11.049786819754,"GROSS_PROFIT_QOQ":42.591169991809,"ROA":7.442876877789,"HOLDER_PROFIT_QOQ":46.058787481774,"ROE_YEARLY":11.049786819754,"ROIC_YEARLY":9.126893843611,"TOTAL_ASSETS":4719159000,"TOTAL_LIABILITIES":1227137000,"TAX_EBT":21.243509134134,"OCF_SALES":9.509176442084,"TOTAL_PARENT_EQUITY":3277963000,"DEBT_ASSET_RATIO":26.0032984691,"OPERATE_PROFIT":510539000,"PRETAX_PROFIT":511488000,"NETCASH_OPERATE":1106803000,"NETCASH_INVEST":-387022000,"NETCASH_FINANCE":-60436000,"END_CASH":1000977000,"DIVI_RATIO":0.108452377035,"DIVIDEND_RATE":3.988439306358,"CURRENT_RATIO":2.457746384365,"COMMON_ACS":10000000000,"CURRENTDEBT_DEBT":72.866517756371,"ISSUED_COMMON_SHARES":5964492043,"HK_COMMON_SHARES":5964492043,"PER_SHARES":5000,"TOTAL_MARKET_CAP":1031857123.439,"HKSK_MARKET_CAP":1031857123.439,"PE_TTM":2.610470583924,"PB_TTM":0.245352555201,"REPORT_DATE_SQ":"2020-12-31 00:00:00","REPORT_TYPE_SQ":"2020年年报","OPERATE_INCOME_SQ":8892261000,"DPS_HKD":0.0069,"OPERATE_INCOME_QOQ_SQ":15.062511322171,"NET_PROFIT_RATIO_SQ":2.3283054782,"HOLDER_PROFIT_SQ":190120000,"HOLDER_PROFIT_QOQ_SQ":17.880482632904,"ROE_AVG_SQ":6.557504836988,"PE_TTM_SQ":16.805317256925,"PB_TTM_SQ":0.204148803559,"ROA_SQ":4.228428553413,"START_DATE":"2021-01-01 00:00:00","FISCAL_YEAR":"12-31","CURRENCY":"HKD","IS_CNY_CODE":0,"DPS_HKD_LY":0.009,"ORG_TYPE":"一般企业","PREMIUM_INCOME":null,"PREMIUM_INCOME_YOY":null,"NET_INTEREST_INCOME":null,"NET_INTEREST_INCOME_YOY":null,"FEE_COMMISSION_INCOME":null,"FEE_COMMISSION_INCOME_YOY":null,"ACCOUNTS_RECE_TDAYS":15.615957657334,"INVENTORY_TDAYS":15.122322365382,"CURRENT_ASSETS_TDAYS":5.462570623955,"TOTAL_ASSETS_TDAYS":2.506676518801,"PREMIUM_EXPENSE":null,"LOAN_DEPOSIT":null,"LOAN_EQUITY":null,"LOAN_ASSETS":null,"DEPOSIT_EQUITY":null,"DEPOSIT_ASSETS":null,"EQUITY_MULTIPLIER":1.351411589046,"EQUITY_RATIO":0.37435962517},{"SECUCODE":"03838.HK","SECURITY_CODE":"03838","SECURITY_NAME_ABBR":"中国淀粉","ORG_CODE":"10086716","STD_REPORT_DATE":"2021-06-30 00:00:00","REPORT_DATE":"2021-06-30 00:00:00","DATE_TYPE_CODE":"002","REPORT_TYPE":"2021年中报","PER_NETCASH_OPERATE":-0.034592998371,"PER_OI":0.950845586836,"BPS":0.516655731583,"BASIC_EPS":0.0249,"DILUTED_EPS":0.0249,"OPERATE_INCOME":5699494000,"OPERATE_INCOME_YOY":48.0385360338,"GROSS_PROFIT":393215000,"GROSS_PROFIT_YOY":37.873905588729,"HOLDER_PROFIT":149223000,"HOLDER_PROFIT_YOY":45.2602990421,"GROSS_PROFIT_RATIO":6.899121220235,"EPS_TTM":0.039474439052,"OPERATE_INCOME_QOQ":20.798838450648,"NET_PROFIT_RATIO":3.065307201,"ROE_AVG":4.925748849295,"GROSS_PROFIT_QOQ":19.29632441606,"ROA":3.155210861725,"HOLDER_PROFIT_QOQ":24.455606985062,"ROE_YEARLY":9.851497698591,"ROIC_YEARLY":6.939137749718,"TOTAL_ASSETS":4891337000,"TOTAL_LIABILITIES":1627438000,"TAX_EBT":20.484718840316,"OCF_SALES":-3.638129981363,"TOTAL_PARENT_EQUITY":3081589000,"DEBT_ASSET_RATIO":33.2718436697,"OPERATE_PROFIT":223651000,"PRETAX_PROFIT":219715000,"NETCASH_OPERATE":-207355000,"NETCASH_INVEST":-229600000,"NETCASH_FINANCE":271566000,"END_CASH":176243000,"DIVI_RATIO":0.158404226892,"DIVIDEND_RATE":3.988439306358,"CURRENT_RATIO":1.89223166291,"COMMON_ACS":10000000000,"CURRENTDEBT_DEBT":77.959344687785,"ISSUED_COMMON_SHARES":5964492043,"HK_COMMON_SHARES":5964492043,"PER_SHARES":5000,"TOTAL_MARKET_CAP":1031857123.439,"HKSK_MARKET_CAP":1031857123.439,"PE_TTM":2.610470583924,"PB_TTM":0.245352555201,"REPORT_DATE_SQ":"2020-06-30 00:00:00","REPORT_TYPE_SQ":"2020年中报","OPERATE_INCOME_SQ":3850007000,"DPS_HKD":0.0069,"OPERATE_INCOME_QOQ_SQ":14.485050591809,"NET_PROFIT_RATIO_SQ":2.9183323563,"HOLDER_PROFIT_SQ":102728000,"HOLDER_PROFIT_QOQ_SQ":66.532778506304,"ROE_AVG_SQ":3.597323088484,"PE_TTM_SQ":16.805317256925,"PB_TTM_SQ":0.204148803559,"ROA_SQ":2.279176995417,"START_DATE":"2021-01-01 00:00:00","FISCAL_YEAR":"12-31","CURRENCY":"HKD","IS_CNY_CODE":0,"DPS_HKD_LY":0.009,"ORG_TYPE":"一般企业","PREMIUM_INCOME":null,"PREMIUM_INCOME_YOY":null,"NET_INTEREST_INCOME":null,"NET_INTEREST_INCOME_YOY":null,"FEE_COMMISSION_INCOME":null,"FEE_COMMISSION_INCOME_YOY":null,"ACCOUNTS_RECE_TDAYS":5.931551108232,"INVENTORY_TDAYS":5.279362171966,"CURRENT_ASSETS_TDAYS":2.553204432846,"TOTAL_ASSETS_TDAYS":1.205116193558,"PREMIUM_EXPENSE":null,"LOAN_DEPOSIT":null,"LOAN_EQUITY":null,"LOAN_ASSETS":null,"DEPOSIT_EQUITY":null,"DEPOSIT_ASSETS":null,"EQUITY_MULTIPLIER":1.498617757473,"EQUITY_RATIO":0.528116500935},{"SECUCODE":"03838.HK","SECURITY_CODE":"03838","SECURITY_NAME_ABBR":"中国淀粉","ORG_CODE":"10086716","STD_REPORT_DATE":"2020-12-31 00:00:00","REPORT_DATE":"2020-12-31 00:00:00","DATE_TYPE_CODE":"001","REPORT_TYPE":"2020年年报","PER_NETCASH_OPERATE":0.042580810394,"PER_OI":1.48349434684,"BPS":0.499171929233,"BASIC_EPS":0.0317,"DILUTED_EPS":0.0317,"OPERATE_INCOME":8892261000,"OPERATE_INCOME_YOY":31.7293742994,"GROSS_PROFIT":559775000,"GROSS_PROFIT_YOY":58.574690371781,"HOLDER_PROFIT":190120000,"HOLDER_PROFIT_YOY":96.3096430452,"GROSS_PROFIT_RATIO":6.295080632474,"EPS_TTM":0.031717686337,"OPERATE_INCOME_QOQ":15.062511322171,"NET_PROFIT_RATIO":2.3283054782,"ROE_AVG":6.557504836988,"GROSS_PROFIT_QOQ":15.671287112345,"ROA":4.228428553413,"HOLDER_PROFIT_QOQ":17.880482632904,"ROE_YEARLY":6.557504836988,"ROIC_YEARLY":4.807843065852,"TOTAL_ASSETS":4567492000,"TOTAL_LIABILITIES":1433359000,"TAX_EBT":23.668881203961,"OCF_SALES":2.870304863971,"TOTAL_PARENT_EQUITY":2977307000,"DEBT_ASSET_RATIO":31.381751736,"OPERATE_PROFIT":261500000,"PRETAX_PROFIT":271238000,"NETCASH_OPERATE":255235000,"NETCASH_INVEST":-39628000,"NETCASH_FINANCE":-59332000,"END_CASH":341632000,"DIVI_RATIO":0.197142942068,"DIVIDEND_RATE":3.988439306358,"CURRENT_RATIO":1.926099478492,"COMMON_ACS":10000000000,"CURRENTDEBT_DEBT":74.755033456378,"ISSUED_COMMON_SHARES":5964492043,"HK_COMMON_SHARES":5964492043,"PER_SHARES":5000,"TOTAL_MARKET_CAP":1031857123.439,"HKSK_MARKET_CAP":1031857123.439,"PE_TTM":2.610470583924,"PB_TTM":0.245352555201,"REPORT_DATE_SQ":"2019-12-31 00:00:00","REPORT_TYPE_SQ":"2019年年报","OPERATE_INCOME_SQ":6750401000,"DPS_HKD":0.0069,"OPERATE_INCOME_QOQ_SQ":21.846941895638,"NET_PROFIT_RATIO_SQ":1.453187744,"HOLDER_PROFIT_SQ":96847000,"HOLDER_PROFIT_QOQ_SQ":-41.04903703343,"ROE_AVG_SQ":3.453317703482,"PE_TTM_SQ":16.805317256925,"PB_TTM_SQ":0.204148803559,"ROA_SQ":2.242599856965,"START_DATE":"2020-01-01 00:00:00","FISCAL_YEAR":"12-31","CURRENCY":"HKD","IS_CNY_CODE":0,"DPS_HKD_LY":0.0062,"ORG_TYPE":"一般企业","PREMIUM_INCOME":null,"PREMIUM_INCOME_YOY":null,"NET_INTEREST_INCOME":null,"NET_INTEREST_INCOME_YOY":null,"FEE_COMMISSION_INCOME":null,"FEE_COMMISSION_INCOME_YOY":null,"ACCOUNTS_RECE_TDAYS":10.230861848876,"INVENTORY_TDAYS":12.34548450089,"CURRENT_ASSETS_TDAYS":4.565264501105,"TOTAL_ASSETS_TDAYS":1.977713566001,"PREMIUM_EXPENSE":null,"LOAN_DEPOSIT":null,"LOAN_EQUITY":null,"LOAN_ASSETS":null,"DEPOSIT_EQUITY":null,"DEPOSIT_ASSETS":null,"EQUITY_MULTIPLIER":1.457338281433,"EQUITY_RATIO":0.481428015317},{"SECUCODE":"03838.HK","SECURITY_CODE":"03838","SECURITY_NAME_ABBR":"中国淀粉","ORG_CODE":"10086716","STD_REPORT_DATE":"2020-06-30 00:00:00","REPORT_DATE":"2020-06-30 00:00:00","DATE_TYPE_CODE":"002","REPORT_TYPE":"2020年中报","PER_NETCASH_OPERATE":0.023550123816,"PER_OI":0.642107458305,"BPS":0.484553919959,"BASIC_EPS":0.0171,"DILUTED_EPS":0.0171,"OPERATE_INCOME":3850007000,"OPERATE_INCOME_YOY":34.0434606407,"GROSS_PROFIT":285199000,"GROSS_PROFIT_YOY":84.873628190086,"HOLDER_PROFIT":102728000,"HOLDER_PROFIT_YOY":168.2683519181,"GROSS_PROFIT_RATIO":7.407752765125,"EPS_TTM":0.026898749818,"OPERATE_INCOME_QOQ":14.485050591809,"NET_PROFIT_RATIO":2.9183323563,"ROE_AVG":3.597323088484,"GROSS_PROFIT_QOQ":37.090797837985,"ROA":2.279176995417,"HOLDER_PROFIT_QOQ":66.532778506304,"ROE_YEARLY":7.194646176969,"ROIC_YEARLY":5.243849089774,"TOTAL_ASSETS":4589508000,"TOTAL_LIABILITIES":1549855000,"TAX_EBT":19.126453990556,"OCF_SALES":3.667629695219,"TOTAL_PARENT_EQUITY":2890118000,"DEBT_ASSET_RATIO":33.7695238792,"OPERATE_PROFIT":134371000,"PRETAX_PROFIT":138928000,"NETCASH_OPERATE":141204000,"NETCASH_INVEST":-126040000,"NETCASH_FINANCE":33086000,"END_CASH":233607000,"DIVI_RATIO":0.232461286949,"DIVIDEND_RATE":3.988439306358,"CURRENT_RATIO":1.643416614695,"COMMON_ACS":10000000000,"CURRENTDEBT_DEBT":76.041629700843,"ISSUED_COMMON_SHARES":5964492043,"HK_COMMON_SHARES":5964492043,"PER_SHARES":5000,"TOTAL_MARKET_CAP":1031857123.439,"HKSK_MARKET_CAP":1031857123.439,"PE_TTM":2.610470583924,"PB_TTM":0.245352555201,"REPORT_DATE_SQ":"2019-06-30 00:00:00","REPORT_TYPE_SQ":"2019年中报","OPERATE_INCOME_SQ":2872208000,"DPS_HKD":0.0069,"OPERATE_INCOME_QOQ_SQ":9.19637354097,"NET_PROFIT_RATIO_SQ":1.2794686179,"HOLDER_PROFIT_SQ":38293000,"HOLDER_PROFIT_QOQ_SQ":-28.849660238115,"ROE_AVG_SQ":1.379835690263,"PE_TTM_SQ":16.805317256925,"PB_TTM_SQ":0.204148803559,"ROA_SQ":0.90537781608,"START_DATE":"2020-01-01 00:00:00","FISCAL_YEAR":"12-31","CURRENCY":"HKD","IS_CNY_CODE":0,"DPS_HKD_LY":0.0062,"ORG_TYPE":"一般企业","PREMIUM_INCOME":null,"PREMIUM_INCOME_YOY":null,"NET_INTEREST_INCOME":null,"NET_INTEREST_INCOME_YOY":null,"FEE_COMMISSION_INCOME":null,"FEE_COMMISSION_INCOME_YOY":null,"ACCOUNTS_RECE_TDAYS":4.792434440238,"INVENTORY_TDAYS":5.651491106943,"CURRENT_ASSETS_TDAYS":2.043197359239,"TOTAL_ASSETS_TDAYS":0.85418263634,"PREMIUM_EXPENSE":null,"LOAN_DEPOSIT":null,"LOAN_EQUITY":null,"LOAN_ASSETS":null,"DEPOSIT_EQUITY":null,"DEPOSIT_ASSETS":null,"EQUITY_MULTIPLIER":1.509878923679,"EQUITY_RATIO":0.536260111179}],"count":39},"success":true,"message":"ok","code":0}