{"version":"5d437c2f02cc6b00b58628c72fd05e60","result":{"pages":3,"data":[{"SECUCODE":"03830.HK","SECURITY_CODE":"03830","SECURITY_NAME_ABBR":"童园国际","ORG_CODE":"10657967","STD_REPORT_DATE":"2024-06-30 00:00:00","REPORT_DATE":"2024-10-31 00:00:00","DATE_TYPE_CODE":"002","REPORT_TYPE":"2024年中报","PER_NETCASH_OPERATE":-0.00131550755,"PER_OI":0.1247944549,"BPS":0.02859189197,"BASIC_EPS":0.00550038,"DILUTED_EPS":0.00550038,"OPERATE_INCOME":124794454.9,"OPERATE_INCOME_YOY":-8.45880209,"GROSS_PROFIT":21695332.18,"GROSS_PROFIT_YOY":-11.505983319662,"HOLDER_PROFIT":5083267.85,"HOLDER_PROFIT_YOY":22.9490022173,"GROSS_PROFIT_RATIO":17.384852714317,"EPS_TTM":-0.0066632709,"OPERATE_INCOME_QOQ":9.747431985756,"NET_PROFIT_RATIO":3.3475354441,"ROE_AVG":19.49992966662,"GROSS_PROFIT_QOQ":-30.522848612543,"ROA":9.105389339551,"HOLDER_PROFIT_QOQ":9.464866381085,"ROE_YEARLY":38.99985933324,"ROIC_YEARLY":20.11025278352,"TOTAL_ASSETS":58205021.16,"TOTAL_LIABILITIES":29211601.45,"TAX_EBT":31.006813020439,"OCF_SALES":-1.054139425549,"TOTAL_PARENT_EQUITY":28591891.97,"DEBT_ASSET_RATIO":50.1874251874,"OPERATE_PROFIT":6131090.24,"PRETAX_PROFIT":6055001.65,"NETCASH_OPERATE":-1315507.55,"NETCASH_INVEST":-1912298.78,"NETCASH_FINANCE":-1374178.27,"END_CASH":2105728.81,"DIVI_RATIO":null,"DIVIDEND_RATE":null,"CURRENT_RATIO":1.429545816733,"COMMON_ACS":10000000000,"CURRENTDEBT_DEBT":98.462262670642,"ISSUED_COMMON_SHARES":1000000000,"HK_COMMON_SHARES":1000000000,"PER_SHARES":5000,"TOTAL_MARKET_CAP":32000000,"HKSK_MARKET_CAP":32000000,"PE_TTM":-5.076947485324,"PB_TTM":1.026002757382,"REPORT_DATE_SQ":"2023-06-30 00:00:00","REPORT_TYPE_SQ":"2023年中报","OPERATE_INCOME_SQ":136489581.47,"DPS_HKD":null,"OPERATE_INCOME_QOQ_SQ":-13.002746188866,"NET_PROFIT_RATIO_SQ":2.4773214802,"HOLDER_PROFIT_SQ":4139413.3,"HOLDER_PROFIT_QOQ_SQ":47.937037798094,"ROE_AVG_SQ":12.278624031799,"PE_TTM_SQ":-3.756345177665,"PB_TTM_SQ":0.956541971511,"ROA_SQ":5.470877584565,"START_DATE":"2024-05-01 00:00:00","FISCAL_YEAR":"4-30","CURRENCY":"HKD","IS_CNY_CODE":0,"DPS_HKD_LY":null,"ORG_TYPE":"一般企业","PREMIUM_INCOME":null,"PREMIUM_INCOME_YOY":null,"NET_INTEREST_INCOME":null,"NET_INTEREST_INCOME_YOY":null,"FEE_COMMISSION_INCOME":null,"FEE_COMMISSION_INCOME_YOY":null,"ACCOUNTS_RECE_TDAYS":7.622487261325,"INVENTORY_TDAYS":11.093859432799,"CURRENT_ASSETS_TDAYS":3.523625868741,"TOTAL_ASSETS_TDAYS":2.235377188085,"PREMIUM_EXPENSE":null,"LOAN_DEPOSIT":null,"LOAN_EQUITY":null,"LOAN_ASSETS":null,"DEPOSIT_EQUITY":null,"DEPOSIT_ASSETS":null,"EQUITY_MULTIPLIER":2.007525215796,"EQUITY_RATIO":1.02167430825},{"SECUCODE":"03830.HK","SECURITY_CODE":"03830","SECURITY_NAME_ABBR":"童园国际","ORG_CODE":"10657967","STD_REPORT_DATE":"2023-12-31 00:00:00","REPORT_DATE":"2024-04-30 00:00:00","DATE_TYPE_CODE":"001","REPORT_TYPE":"2023年年报","PER_NETCASH_OPERATE":0.0119117999,"PER_OI":0.1953615092,"BPS":0.02332144815,"BASIC_EPS":-0.00635635,"DILUTED_EPS":-0.00635635,"OPERATE_INCOME":195361509.2,"OPERATE_INCOME_YOY":22.0799854737,"GROSS_PROFIT":29679614.25,"GROSS_PROFIT_YOY":397.237583986203,"HOLDER_PROFIT":-6663270.9,"HOLDER_PROFIT_YOY":85.483392352,"GROSS_PROFIT_RATIO":15.192150373703,"EPS_TTM":-0.00735987305,"OPERATE_INCOME_QOQ":14.514831101434,"NET_PROFIT_RATIO":-4.2720224594,"ROE_AVG":-24.272695698196,"GROSS_PROFIT_QOQ":615.685047611168,"ROA":-10.750151993495,"HOLDER_PROFIT_QOQ":83.493323999939,"ROE_YEARLY":-24.272695698196,"ROIC_YEARLY":-12.129025859718,"TOTAL_ASSETS":52942947.2,"TOTAL_LIABILITIES":28323895.6,"TAX_EBT":-12.994836488812,"OCF_SALES":6.097311568066,"TOTAL_PARENT_EQUITY":23321448.15,"DEBT_ASSET_RATIO":53.4989023052,"OPERATE_PROFIT":-7172686.95,"PRETAX_PROFIT":-7386078.7,"NETCASH_OPERATE":11911799.9,"NETCASH_INVEST":-5667140.05,"NETCASH_FINANCE":-2625172.55,"END_CASH":6665087,"DIVI_RATIO":null,"DIVIDEND_RATE":null,"CURRENT_RATIO":1.118761648374,"COMMON_ACS":10000000000,"CURRENTDEBT_DEBT":92.889202359579,"ISSUED_COMMON_SHARES":1000000000,"HK_COMMON_SHARES":1000000000,"PER_SHARES":5000,"TOTAL_MARKET_CAP":31000000,"HKSK_MARKET_CAP":31000000,"PE_TTM":-4.918292876408,"PB_TTM":0.993940171214,"REPORT_DATE_SQ":"2022-12-31 00:00:00","REPORT_TYPE_SQ":"2022年年报","OPERATE_INCOME_SQ":155447197.92,"DPS_HKD":null,"OPERATE_INCOME_QOQ_SQ":-13.258211129694,"NET_PROFIT_RATIO_SQ":-30.6924962549,"HOLDER_PROFIT_SQ":-44587250.94,"HOLDER_PROFIT_QOQ_SQ":-54.933546005717,"ROE_AVG_SQ":-83.27539908733,"PE_TTM_SQ":-3.654822335025,"PB_TTM_SQ":0.930689485794,"ROA_SQ":-38.939109736511,"START_DATE":"2023-05-01 00:00:00","FISCAL_YEAR":"4-30","CURRENCY":"HKD","IS_CNY_CODE":0,"DPS_HKD_LY":null,"ORG_TYPE":"一般企业","PREMIUM_INCOME":null,"PREMIUM_INCOME_YOY":null,"NET_INTEREST_INCOME":null,"NET_INTEREST_INCOME_YOY":null,"FEE_COMMISSION_INCOME":null,"FEE_COMMISSION_INCOME_YOY":null,"ACCOUNTS_RECE_TDAYS":20.719795829922,"INVENTORY_TDAYS":12.397839233539,"CURRENT_ASSETS_TDAYS":5.626592044355,"TOTAL_ASSETS_TDAYS":3.151854320644,"PREMIUM_EXPENSE":null,"LOAN_DEPOSIT":null,"LOAN_EQUITY":null,"LOAN_ASSETS":null,"DEPOSIT_EQUITY":null,"DEPOSIT_ASSETS":null,"EQUITY_MULTIPLIER":2.150486869285,"EQUITY_RATIO":1.214499863723},{"SECUCODE":"03830.HK","SECURITY_CODE":"03830","SECURITY_NAME_ABBR":"童园国际","ORG_CODE":"10657967","STD_REPORT_DATE":"2023-06-30 00:00:00","REPORT_DATE":"2023-10-31 00:00:00","DATE_TYPE_CODE":"002","REPORT_TYPE":"2023年中报","PER_NETCASH_OPERATE":0.01023747582,"PER_OI":0.13648958147,"BPS":0.03550258223,"BASIC_EPS":0.00458915,"DILUTED_EPS":0.00458915,"OPERATE_INCOME":136489581.47,"OPERATE_INCOME_YOY":19.3452858656,"GROSS_PROFIT":24516157.13,"GROSS_PROFIT_YOY":300.402351408486,"HOLDER_PROFIT":4139413.3,"HOLDER_PROFIT_YOY":112.462350438,"GROSS_PROFIT_RATIO":17.961925640008,"EPS_TTM":-0.04458725094,"OPERATE_INCOME_QOQ":-13.002746188866,"NET_PROFIT_RATIO":2.4773214802,"ROE_AVG":12.278624031799,"GROSS_PROFIT_QOQ":134.845297335863,"ROA":5.470877584565,"HOLDER_PROFIT_QOQ":47.937037798094,"ROE_YEARLY":24.557248063598,"ROIC_YEARLY":12.179396296221,"TOTAL_ASSETS":79537312.14,"TOTAL_LIABILITIES":41799813.86,"TAX_EBT":8.789304283238,"OCF_SALES":7.500554774761,"TOTAL_PARENT_EQUITY":35502582.23,"DEBT_ASSET_RATIO":52.5537169102,"OPERATE_PROFIT":3931065.89,"PRETAX_PROFIT":3707115.37,"NETCASH_OPERATE":10237475.82,"NETCASH_INVEST":-4899376.54,"NETCASH_FINANCE":-1273030.21,"END_CASH":6946137.44,"DIVI_RATIO":null,"DIVIDEND_RATE":null,"CURRENT_RATIO":1.320591861899,"COMMON_ACS":10000000000,"CURRENTDEBT_DEBT":94.381010934961,"ISSUED_COMMON_SHARES":1000000000,"HK_COMMON_SHARES":1000000000,"PER_SHARES":5000,"TOTAL_MARKET_CAP":31000000,"HKSK_MARKET_CAP":31000000,"PE_TTM":-4.918292876408,"PB_TTM":0.993940171214,"REPORT_DATE_SQ":"2022-06-30 00:00:00","REPORT_TYPE_SQ":"2022年中报","OPERATE_INCOME_SQ":113926683.24,"DPS_HKD":null,"OPERATE_INCOME_QOQ_SQ":3.311775519217,"NET_PROFIT_RATIO_SQ":-30.0520047511,"HOLDER_PROFIT_SQ":-33087964.59,"HOLDER_PROFIT_QOQ_SQ":-345.736742711181,"ROE_AVG_SQ":-53.471534744899,"PE_TTM_SQ":-3.654822335025,"PB_TTM_SQ":0.930689485794,"ROA_SQ":-26.135752227089,"START_DATE":"2023-05-01 00:00:00","FISCAL_YEAR":"4-30","CURRENCY":"HKD","IS_CNY_CODE":0,"DPS_HKD_LY":null,"ORG_TYPE":"一般企业","PREMIUM_INCOME":null,"PREMIUM_INCOME_YOY":null,"NET_INTEREST_INCOME":null,"NET_INTEREST_INCOME_YOY":null,"FEE_COMMISSION_INCOME":null,"FEE_COMMISSION_INCOME_YOY":null,"ACCOUNTS_RECE_TDAYS":7.178461092875,"INVENTORY_TDAYS":7.950083086247,"CURRENT_ASSETS_TDAYS":2.949931562556,"TOTAL_ASSETS_TDAYS":1.803921806481,"PREMIUM_EXPENSE":null,"LOAN_DEPOSIT":null,"LOAN_EQUITY":null,"LOAN_ASSETS":null,"DEPOSIT_EQUITY":null,"DEPOSIT_ASSETS":null,"EQUITY_MULTIPLIER":2.107646658237,"EQUITY_RATIO":1.177373904501},{"SECUCODE":"03830.HK","SECURITY_CODE":"03830","SECURITY_NAME_ABBR":"童园国际","ORG_CODE":"10657967","STD_REPORT_DATE":"2022-12-31 00:00:00","REPORT_DATE":"2023-04-30 00:00:00","DATE_TYPE_CODE":"001","REPORT_TYPE":"2022年年报","PER_NETCASH_OPERATE":0.03900557526,"PER_OI":0.15544719792,"BPS":0.0306780468,"BASIC_EPS":-0.04498506,"DILUTED_EPS":-0.04498506,"OPERATE_INCOME":155447197.92,"OPERATE_INCOME_YOY":-27.846219984,"GROSS_PROFIT":5968900.02,"GROSS_PROFIT_YOY":-31.876451756931,"HOLDER_PROFIT":-44587250.94,"HOLDER_PROFIT_YOY":22.8742313971,"GROSS_PROFIT_RATIO":3.839824776431,"EPS_TTM":-0.08564101821,"OPERATE_INCOME_QOQ":-13.258211129694,"NET_PROFIT_RATIO":-30.6924962549,"ROE_AVG":-83.27539908733,"GROSS_PROFIT_QOQ":-295.502846729782,"ROA":-38.939109736511,"HOLDER_PROFIT_QOQ":-54.933546005717,"ROE_YEARLY":-83.27539908733,"ROIC_YEARLY":-42.663684510371,"TOTAL_ASSETS":68990322.9,"TOTAL_LIABILITIES":35337969.78,"TAX_EBT":-0.68500800417,"OCF_SALES":25.092491715466,"TOTAL_PARENT_EQUITY":30678046.8,"DEBT_ASSET_RATIO":51.2216326792,"OPERATE_PROFIT":-46677733.14,"PRETAX_PROFIT":-47386027.32,"NETCASH_OPERATE":39005575.26,"NETCASH_INVEST":-253151.22,"NETCASH_FINANCE":-43444101.18,"END_CASH":2980480.74,"DIVI_RATIO":null,"DIVIDEND_RATE":null,"CURRENT_RATIO":1.259656345599,"COMMON_ACS":10000000000,"CURRENTDEBT_DEBT":87.304994633452,"ISSUED_COMMON_SHARES":1000000000,"HK_COMMON_SHARES":1000000000,"PER_SHARES":5000,"TOTAL_MARKET_CAP":31000000,"HKSK_MARKET_CAP":31000000,"PE_TTM":-4.918292876408,"PB_TTM":0.993940171214,"REPORT_DATE_SQ":"2021-12-31 00:00:00","REPORT_TYPE_SQ":"2021年年报","OPERATE_INCOME_SQ":205991348.1,"DPS_HKD":null,"OPERATE_INCOME_QOQ_SQ":-20.720971265674,"NET_PROFIT_RATIO_SQ":-28.7187045794,"HOLDER_PROFIT_SQ":-55275968.58,"HOLDER_PROFIT_QOQ_SQ":-325.581518545326,"ROE_AVG_SQ":-54.53728474369,"PE_TTM_SQ":-3.654822335025,"PB_TTM_SQ":0.930689485794,"ROA_SQ":-33.192879390241,"START_DATE":"2022-05-01 00:00:00","FISCAL_YEAR":"4-30","CURRENCY":"HKD","IS_CNY_CODE":0,"DPS_HKD_LY":null,"ORG_TYPE":"一般企业","PREMIUM_INCOME":null,"PREMIUM_INCOME_YOY":null,"NET_INTEREST_INCOME":null,"NET_INTEREST_INCOME_YOY":null,"FEE_COMMISSION_INCOME":null,"FEE_COMMISSION_INCOME_YOY":null,"ACCOUNTS_RECE_TDAYS":11.634011090573,"INVENTORY_TDAYS":2.998690566772,"CURRENT_ASSETS_TDAYS":2.001090066767,"TOTAL_ASSETS_TDAYS":1.357557456544,"PREMIUM_EXPENSE":null,"LOAN_DEPOSIT":null,"LOAN_EQUITY":null,"LOAN_ASSETS":null,"DEPOSIT_EQUITY":null,"DEPOSIT_ASSETS":null,"EQUITY_MULTIPLIER":2.050089117217,"EQUITY_RATIO":1.151897642323},{"SECUCODE":"03830.HK","SECURITY_CODE":"03830","SECURITY_NAME_ABBR":"童园国际","ORG_CODE":"10657967","STD_REPORT_DATE":"2022-06-30 00:00:00","REPORT_DATE":"2022-10-31 00:00:00","DATE_TYPE_CODE":"002","REPORT_TYPE":"2022年中报","PER_NETCASH_OPERATE":0.03129957423,"PER_OI":0.11392668324,"BPS":0.04455981216,"BASIC_EPS":-0.03291516,"DILUTED_EPS":-0.03291516,"OPERATE_INCOME":113926683.24,"OPERATE_INCOME_YOY":-27.5124056848,"GROSS_PROFIT":-12233467.8,"GROSS_PROFIT_YOY":-189.569181259281,"HOLDER_PROFIT":-33087964.59,"HOLDER_PROFIT_YOY":-992.0036210018,"GROSS_PROFIT_RATIO":-10.738018041154,"EPS_TTM":-0.05527596858,"OPERATE_INCOME_QOQ":3.311775519217,"NET_PROFIT_RATIO":-30.0520047511,"ROE_AVG":-53.471534744899,"GROSS_PROFIT_QOQ":-47.802886481091,"ROA":-26.135752227089,"HOLDER_PROFIT_QOQ":-345.736742711181,"ROE_YEARLY":-106.943069489797,"ROIC_YEARLY":-58.278412316265,"TOTAL_ASSETS":87330319.65,"TOTAL_LIABILITIES":37656771.66,"TAX_EBT":-4.752846392704,"OCF_SALES":27.473435844756,"TOTAL_PARENT_EQUITY":44559812.16,"DEBT_ASSET_RATIO":43.119928807,"OPERATE_PROFIT":-32071251.87,"PRETAX_PROFIT":-32683839.57,"NETCASH_OPERATE":31299574.23,"NETCASH_INVEST":-2311375.68,"NETCASH_FINANCE":-43612587,"END_CASH":-5857069.86,"DIVI_RATIO":null,"DIVIDEND_RATE":null,"CURRENT_RATIO":1.663285726034,"COMMON_ACS":10000000000,"CURRENTDEBT_DEBT":88.571359199728,"ISSUED_COMMON_SHARES":1000000000,"HK_COMMON_SHARES":1000000000,"PER_SHARES":5000,"TOTAL_MARKET_CAP":31000000,"HKSK_MARKET_CAP":31000000,"PE_TTM":-4.918292876408,"PB_TTM":0.993940171214,"REPORT_DATE_SQ":"2021-06-30 00:00:00","REPORT_TYPE_SQ":"2021年中报","OPERATE_INCOME_SQ":141237451.08,"DPS_HKD":null,"OPERATE_INCOME_QOQ_SQ":0.929685711608,"NET_PROFIT_RATIO_SQ":-1.9278986835,"HOLDER_PROFIT_SQ":-2722914.96,"HOLDER_PROFIT_QOQ_SQ":-96.349614681738,"ROE_AVG_SQ":-2.175504242365,"PE_TTM_SQ":-3.654822335025,"PB_TTM_SQ":0.930689485794,"ROA_SQ":-1.577336614295,"START_DATE":"2022-05-01 00:00:00","FISCAL_YEAR":"4-30","CURRENCY":"HKD","IS_CNY_CODE":0,"DPS_HKD_LY":null,"ORG_TYPE":"一般企业","PREMIUM_INCOME":null,"PREMIUM_INCOME_YOY":null,"NET_INTEREST_INCOME":null,"NET_INTEREST_INCOME_YOY":null,"FEE_COMMISSION_INCOME":null,"FEE_COMMISSION_INCOME_YOY":null,"ACCOUNTS_RECE_TDAYS":6.484219290714,"INVENTORY_TDAYS":2.354494961991,"CURRENT_ASSETS_TDAYS":1.292894496555,"TOTAL_ASSETS_TDAYS":0.899892030867,"PREMIUM_EXPENSE":null,"LOAN_DEPOSIT":null,"LOAN_EQUITY":null,"LOAN_ASSETS":null,"DEPOSIT_EQUITY":null,"DEPOSIT_ASSETS":null,"EQUITY_MULTIPLIER":1.758085000644,"EQUITY_RATIO":0.845083716349},{"SECUCODE":"03830.HK","SECURITY_CODE":"03830","SECURITY_NAME_ABBR":"童园国际","ORG_CODE":"10657967","STD_REPORT_DATE":"2021-12-31 00:00:00","REPORT_DATE":"2022-04-30 00:00:00","DATE_TYPE_CODE":"001","REPORT_TYPE":"2021年年报","PER_NETCASH_OPERATE":-0.01383396214,"PER_OI":0.2059913481,"BPS":0.07305526236,"BASIC_EPS":-0.05566308,"DILUTED_EPS":-0.05566308,"OPERATE_INCOME":205991348.1,"OPERATE_INCOME_YOY":-19.0976512168,"GROSS_PROFIT":8761874.82,"GROSS_PROFIT_YOY":-80.215756387146,"HOLDER_PROFIT":-55275968.58,"HOLDER_PROFIT_YOY":-1093.1959387786,"GROSS_PROFIT_RATIO":4.253515936867,"EPS_TTM":-0.0124010348,"OPERATE_INCOME_QOQ":-20.720971265674,"NET_PROFIT_RATIO":-28.7187045794,"ROE_AVG":-54.53728474369,"GROSS_PROFIT_QOQ":-62.097054263955,"ROA":-33.192879390241,"HOLDER_PROFIT_QOQ":-325.581518545326,"ROE_YEARLY":-54.53728474369,"ROIC_YEARLY":-36.267001626844,"TOTAL_ASSETS":153002626.08,"TOTAL_LIABILITIES":73814304.36,"TAX_EBT":8.479574129405,"OCF_SALES":-6.715797662183,"TOTAL_PARENT_EQUITY":73055262.36,"DEBT_ASSET_RATIO":48.2438153195,"OPERATE_PROFIT":-64022662.56,"PRETAX_PROFIT":-64639173.34,"NETCASH_OPERATE":-13833962.14,"NETCASH_INVEST":-18092187.76,"NETCASH_FINANCE":25764415.62,"END_CASH":7289333.34,"DIVI_RATIO":null,"DIVIDEND_RATE":null,"CURRENT_RATIO":1.635790542716,"COMMON_ACS":10000000000,"CURRENTDEBT_DEBT":92.25337629396,"ISSUED_COMMON_SHARES":1000000000,"HK_COMMON_SHARES":1000000000,"PER_SHARES":5000,"TOTAL_MARKET_CAP":31000000,"HKSK_MARKET_CAP":31000000,"PE_TTM":-4.918292876408,"PB_TTM":0.993940171214,"REPORT_DATE_SQ":"2020-12-31 00:00:00","REPORT_TYPE_SQ":"2020年年报","OPERATE_INCOME_SQ":251501647.06,"DPS_HKD":null,"OPERATE_INCOME_QOQ_SQ":-0.962549363147,"NET_PROFIT_RATIO_SQ":2.18581588,"HOLDER_PROFIT_SQ":5497362.94,"HOLDER_PROFIT_QOQ_SQ":0.951098925157,"ROE_AVG_SQ":4.441213981176,"PE_TTM_SQ":-3.654822335025,"PB_TTM_SQ":0.930689485794,"ROA_SQ":2.877199101829,"START_DATE":"2021-05-01 00:00:00","FISCAL_YEAR":"4-30","CURRENCY":"HKD","IS_CNY_CODE":0,"DPS_HKD_LY":null,"ORG_TYPE":"一般企业","PREMIUM_INCOME":null,"PREMIUM_INCOME_YOY":null,"NET_INTEREST_INCOME":null,"NET_INTEREST_INCOME_YOY":null,"FEE_COMMISSION_INCOME":null,"FEE_COMMISSION_INCOME_YOY":null,"ACCOUNTS_RECE_TDAYS":11.308947794884,"INVENTORY_TDAYS":2.475138121547,"CURRENT_ASSETS_TDAYS":1.779640640028,"TOTAL_ASSETS_TDAYS":1.236965384518,"PREMIUM_EXPENSE":null,"LOAN_DEPOSIT":null,"LOAN_EQUITY":null,"LOAN_ASSETS":null,"DEPOSIT_EQUITY":null,"DEPOSIT_ASSETS":null,"EQUITY_MULTIPLIER":1.932136238738,"EQUITY_RATIO":1.010389970215},{"SECUCODE":"03830.HK","SECURITY_CODE":"03830","SECURITY_NAME_ABBR":"童园国际","ORG_CODE":"10657967","STD_REPORT_DATE":"2021-06-30 00:00:00","REPORT_DATE":"2021-10-31 00:00:00","DATE_TYPE_CODE":"002","REPORT_TYPE":"2021年中报","PER_NETCASH_OPERATE":-0.00193578384,"PER_OI":0.14123745108,"BPS":0.12401341176,"BASIC_EPS":-0.00246492,"DILUTED_EPS":-0.00246492,"OPERATE_INCOME":141237451.08,"OPERATE_INCOME_YOY":-22.9005853199,"GROSS_PROFIT":13658121.72,"GROSS_PROFIT_YOY":-66.816299945352,"HOLDER_PROFIT":-2722914.96,"HOLDER_PROFIT_YOY":-118.9382250414,"GROSS_PROFIT_RATIO":9.670325834657,"EPS_TTM":0.00549736294,"OPERATE_INCOME_QOQ":0.929685711608,"NET_PROFIT_RATIO":-1.9278986835,"ROE_AVG":-2.175504242365,"GROSS_PROFIT_QOQ":2.922447242446,"ROA":-1.577336614295,"HOLDER_PROFIT_QOQ":-96.349614681738,"ROE_YEARLY":-4.351008484729,"ROIC_YEARLY":-3.402385468508,"TOTAL_ASSETS":169839561.12,"TOTAL_LIABILITIES":45826149.36,"TAX_EBT":7.918866351764,"OCF_SALES":-1.370588201074,"TOTAL_PARENT_EQUITY":124013411.76,"DEBT_ASSET_RATIO":26.9820229502,"OPERATE_PROFIT":-2734417.92,"PRETAX_PROFIT":-2957082.36,"NETCASH_OPERATE":-1935783.84,"NETCASH_INVEST":-4456575.36,"NETCASH_FINANCE":3833772.24,"END_CASH":10709255.76,"DIVI_RATIO":null,"DIVIDEND_RATE":null,"CURRENT_RATIO":2.732959798809,"COMMON_ACS":10000000000,"CURRENTDEBT_DEBT":96.959156596264,"ISSUED_COMMON_SHARES":1000000000,"HK_COMMON_SHARES":1000000000,"PER_SHARES":5000,"TOTAL_MARKET_CAP":31000000,"HKSK_MARKET_CAP":31000000,"PE_TTM":-4.918292876408,"PB_TTM":0.993940171214,"REPORT_DATE_SQ":"2020-06-30 00:00:00","REPORT_TYPE_SQ":"2020年中报","OPERATE_INCOME_SQ":193351035.1,"DPS_HKD":null,"OPERATE_INCOME_QOQ_SQ":-4.498012049895,"NET_PROFIT_RATIO_SQ":7.8486690139,"HOLDER_PROFIT_SQ":15175482.78,"HOLDER_PROFIT_QOQ_SQ":3780.23634042861,"ROE_AVG_SQ":11.401299822455,"PE_TTM_SQ":-3.654822335025,"PB_TTM_SQ":0.930689485794,"ROA_SQ":6.93903609298,"START_DATE":"2021-05-01 00:00:00","FISCAL_YEAR":"4-30","CURRENCY":"HKD","IS_CNY_CODE":0,"DPS_HKD_LY":null,"ORG_TYPE":"一般企业","PREMIUM_INCOME":null,"PREMIUM_INCOME_YOY":null,"NET_INTEREST_INCOME":null,"NET_INTEREST_INCOME_YOY":null,"FEE_COMMISSION_INCOME":null,"FEE_COMMISSION_INCOME_YOY":null,"ACCOUNTS_RECE_TDAYS":4.112515999378,"INVENTORY_TDAYS":1.832790368272,"CURRENT_ASSETS_TDAYS":1.184663202437,"TOTAL_ASSETS_TDAYS":0.818163645104,"PREMIUM_EXPENSE":null,"LOAN_DEPOSIT":null,"LOAN_EQUITY":null,"LOAN_ASSETS":null,"DEPOSIT_EQUITY":null,"DEPOSIT_ASSETS":null,"EQUITY_MULTIPLIER":1.369525752977,"EQUITY_RATIO":0.369525752978},{"SECUCODE":"03830.HK","SECURITY_CODE":"03830","SECURITY_NAME_ABBR":"童园国际","ORG_CODE":"10657967","STD_REPORT_DATE":"2020-12-31 00:00:00","REPORT_DATE":"2021-04-30 00:00:00","DATE_TYPE_CODE":"001","REPORT_TYPE":"2020年年报","PER_NETCASH_OPERATE":0.0305982938,"PER_OI":0.25150164706,"BPS":0.12806714686,"BASIC_EPS":0.00583142,"DILUTED_EPS":0.00583142,"OPERATE_INCOME":251501647.06,"OPERATE_INCOME_YOY":9.2573492424,"GROSS_PROFIT":44287135.72,"GROSS_PROFIT_YOY":8.328325300874,"HOLDER_PROFIT":5497362.94,"HOLDER_PROFIT_YOY":-95.9720687782,"GROSS_PROFIT_RATIO":17.609083772495,"EPS_TTM":0.15059678529,"OPERATE_INCOME_QOQ":-0.962549363147,"NET_PROFIT_RATIO":2.18581588,"ROE_AVG":4.441213981176,"GROSS_PROFIT_QOQ":5.252380023275,"ROA":2.877199101829,"HOLDER_PROFIT_QOQ":0.951098925157,"ROE_YEARLY":4.441213981176,"ROIC_YEARLY":3.041504390109,"TOTAL_ASSETS":177853311.64,"TOTAL_LIABILITIES":49786164.78,"TAX_EBT":4.721339878718,"OCF_SALES":12.166239926334,"TOTAL_PARENT_EQUITY":128067146.86,"DEBT_ASSET_RATIO":27.9928241543,"OPERATE_PROFIT":6722794.2,"PRETAX_PROFIT":5769773.56,"NETCASH_OPERATE":30598293.8,"NETCASH_INVEST":4986697.16,"NETCASH_FINANCE":-28268224.98,"END_CASH":13432259.44,"DIVI_RATIO":null,"DIVIDEND_RATE":null,"CURRENT_RATIO":2.531616091586,"COMMON_ACS":10000000000,"CURRENTDEBT_DEBT":94.126800863411,"ISSUED_COMMON_SHARES":1000000000,"HK_COMMON_SHARES":1000000000,"PER_SHARES":5000,"TOTAL_MARKET_CAP":31000000,"HKSK_MARKET_CAP":31000000,"PE_TTM":-4.918292876408,"PB_TTM":0.993940171214,"REPORT_DATE_SQ":"2019-12-31 00:00:00","REPORT_TYPE_SQ":"2019年年报","OPERATE_INCOME_SQ":251606849.76,"DPS_HKD":null,"OPERATE_INCOME_QOQ_SQ":6.250818455821,"NET_PROFIT_RATIO_SQ":59.2901010057,"HOLDER_PROFIT_SQ":149177955.36,"HOLDER_PROFIT_QOQ_SQ":49.522201841374,"ROE_AVG_SQ":120.737405300239,"PE_TTM_SQ":-3.654822335025,"PB_TTM_SQ":0.930689485794,"ROA_SQ":57.864027605596,"START_DATE":"2020-05-01 00:00:00","FISCAL_YEAR":"4-30","CURRENCY":"HKD","IS_CNY_CODE":0,"DPS_HKD_LY":null,"ORG_TYPE":"一般企业","PREMIUM_INCOME":null,"PREMIUM_INCOME_YOY":null,"NET_INTEREST_INCOME":null,"NET_INTEREST_INCOME_YOY":null,"FEE_COMMISSION_INCOME":null,"FEE_COMMISSION_INCOME_YOY":null,"ACCOUNTS_RECE_TDAYS":14.44087821678,"INVENTORY_TDAYS":2.550149171101,"CURRENT_ASSETS_TDAYS":1.982486669644,"TOTAL_ASSETS_TDAYS":1.316304418914,"PREMIUM_EXPENSE":null,"LOAN_DEPOSIT":null,"LOAN_EQUITY":null,"LOAN_ASSETS":null,"DEPOSIT_EQUITY":null,"DEPOSIT_ASSETS":null,"EQUITY_MULTIPLIER":1.388750479734,"EQUITY_RATIO":0.388750479734},{"SECUCODE":"03830.HK","SECURITY_CODE":"03830","SECURITY_NAME_ABBR":"童园国际","ORG_CODE":"10657967","STD_REPORT_DATE":"2020-06-30 00:00:00","REPORT_DATE":"2020-10-31 00:00:00","DATE_TYPE_CODE":"002","REPORT_TYPE":"2020年中报","PER_NETCASH_OPERATE":0.02905187,"PER_OI":0.1933510351,"BPS":0.1418121505,"BASIC_EPS":0.01474274,"DILUTED_EPS":0.01474274,"OPERATE_INCOME":193351035.1,"OPERATE_INCOME_YOY":2.4972071919,"GROSS_PROFIT":41159128.42,"GROSS_PROFIT_YOY":5.504214412793,"HOLDER_PROFIT":15175482.78,"HOLDER_PROFIT_YOY":14.4847890088,"GROSS_PROFIT_RATIO":21.287255275728,"EPS_TTM":0.14917795536,"OPERATE_INCOME_QOQ":-4.498012049895,"NET_PROFIT_RATIO":7.8486690139,"ROE_AVG":11.401299822455,"GROSS_PROFIT_QOQ":9.42735212848,"ROA":6.93903609298,"HOLDER_PROFIT_QOQ":3780.23634042861,"ROE_YEARLY":22.802599644911,"ROIC_YEARLY":14.355120866771,"TOTAL_ASSETS":224738328.56,"TOTAL_LIABILITIES":82926178.06,"TAX_EBT":13.772543608949,"OCF_SALES":15.025453566863,"TOTAL_PARENT_EQUITY":141812150.5,"DEBT_ASSET_RATIO":36.8989920817,"OPERATE_PROFIT":18421487.24,"PRETAX_PROFIT":17599362.68,"NETCASH_OPERATE":29051870,"NETCASH_INVEST":-8843909.56,"NETCASH_FINANCE":-18265387.64,"END_CASH":8273278.8,"DIVI_RATIO":null,"DIVIDEND_RATE":null,"CURRENT_RATIO":2.486018605538,"COMMON_ACS":10000000000,"CURRENTDEBT_DEBT":76.779645064472,"ISSUED_COMMON_SHARES":1000000000,"HK_COMMON_SHARES":1000000000,"PER_SHARES":5000,"TOTAL_MARKET_CAP":31000000,"HKSK_MARKET_CAP":31000000,"PE_TTM":-4.918292876408,"PB_TTM":0.993940171214,"REPORT_DATE_SQ":"2019-06-30 00:00:00","REPORT_TYPE_SQ":"2019年中报","OPERATE_INCOME_SQ":195772875.23,"DPS_HKD":null,"OPERATE_INCOME_QOQ_SQ":5.497928528959,"NET_PROFIT_RATIO_SQ":7.0268431384,"HOLDER_PROFIT_SQ":13756652.85,"HOLDER_PROFIT_QOQ_SQ":49.167717521979,"ROE_AVG_SQ":11.396340645084,"PE_TTM_SQ":-3.654822335025,"PB_TTM_SQ":0.930689485794,"ROA_SQ":4.523587914015,"START_DATE":"2020-05-01 00:00:00","FISCAL_YEAR":"4-30","CURRENCY":"HKD","IS_CNY_CODE":0,"DPS_HKD_LY":null,"ORG_TYPE":"一般企业","PREMIUM_INCOME":null,"PREMIUM_INCOME_YOY":null,"NET_INTEREST_INCOME":null,"NET_INTEREST_INCOME_YOY":null,"FEE_COMMISSION_INCOME":null,"FEE_COMMISSION_INCOME_YOY":null,"ACCOUNTS_RECE_TDAYS":5.673877083598,"INVENTORY_TDAYS":2.048165632823,"CURRENT_ASSETS_TDAYS":1.29370020715,"TOTAL_ASSETS_TDAYS":0.884103544266,"PREMIUM_EXPENSE":null,"LOAN_DEPOSIT":null,"LOAN_EQUITY":null,"LOAN_ASSETS":null,"DEPOSIT_EQUITY":null,"DEPOSIT_ASSETS":null,"EQUITY_MULTIPLIER":1.584760739947,"EQUITY_RATIO":0.584760739948}],"count":21},"success":true,"message":"ok","code":0}