{"version":"086e6af30c3b0c6ace8f7ca3a54ff02e","result":{"pages":6,"data":[{"SECUCODE":"03833.HK","SECURITY_CODE":"03833","SECURITY_NAME_ABBR":"新疆新鑫矿业","ORG_CODE":"10096949","STD_REPORT_DATE":"2024-06-30 00:00:00","REPORT_DATE":"2024-06-30 00:00:00","DATE_TYPE_CODE":"002","REPORT_TYPE":"2024年中报","PER_NETCASH_OPERATE":0.075506318633,"PER_OI":0.48205755686,"BPS":2.509727950339,"BASIC_EPS":0.066,"DILUTED_EPS":0.066,"OPERATE_INCOME":1065347200.66,"OPERATE_INCOME_YOY":39.490068429,"GROSS_PROFIT":312277423.85,"GROSS_PROFIT_YOY":-16.368898679682,"HOLDER_PROFIT":145923513.04,"HOLDER_PROFIT_YOY":-14.3657804456,"GROSS_PROFIT_RATIO":29.312267742999,"EPS_TTM":0.062526646199,"OPERATE_INCOME_QOQ":14.713514257039,"NET_PROFIT_RATIO":12.5759774604,"ROE_AVG":2.640984301074,"GROSS_PROFIT_QOQ":-8.793927874331,"ROA":1.870698268303,"HOLDER_PROFIT_QOQ":-15.049312100394,"ROE_YEARLY":5.281968602149,"ROIC_YEARLY":4.062926332447,"TOTAL_ASSETS":7763389129.03,"TOTAL_LIABILITIES":2212520305.88,"TAX_EBT":24.639952348943,"OCF_SALES":15.66334093492,"TOTAL_PARENT_EQUITY":5546498770.25,"DEBT_ASSET_RATIO":28.4994126806,"OPERATE_PROFIT":196140091.91,"PRETAX_PROFIT":177783624.09,"NETCASH_OPERATE":166868964.18,"NETCASH_INVEST":-1373386,"NETCASH_FINANCE":-13919851.11,"END_CASH":635278496.45,"DIVI_RATIO":0.796119216782,"DIVIDEND_RATE":6.618072289157,"CURRENT_RATIO":1.790352032009,"COMMON_ACS":null,"CURRENTDEBT_DEBT":55.583377193045,"ISSUED_COMMON_SHARES":2210000000,"HK_COMMON_SHARES":950580000,"PER_SHARES":1000,"TOTAL_MARKET_CAP":1834300000,"HKSK_MARKET_CAP":788981400,"PE_TTM":11.868011526969,"PB_TTM":0.301835264614,"REPORT_DATE_SQ":"2023-06-30 00:00:00","REPORT_TYPE_SQ":"2023年中报","OPERATE_INCOME_SQ":763744123.62,"DPS_HKD":0.05493,"OPERATE_INCOME_QOQ_SQ":-34.117957934246,"NET_PROFIT_RATIO_SQ":22.2984159319,"HOLDER_PROFIT_SQ":170403273.13,"HOLDER_PROFIT_QOQ_SQ":-58.976838762943,"ROE_AVG_SQ":3.046460836257,"PE_TTM_SQ":5.495109168104,"PB_TTM_SQ":0.280844256542,"ROA_SQ":2.161474548838,"START_DATE":"2024-01-01 00:00:00","FISCAL_YEAR":"12-31","CURRENCY":"HKD","IS_CNY_CODE":0,"DPS_HKD_LY":0.05493,"ORG_TYPE":"一般企业","PREMIUM_INCOME":null,"PREMIUM_INCOME_YOY":null,"NET_INTEREST_INCOME":null,"NET_INTEREST_INCOME_YOY":null,"FEE_COMMISSION_INCOME":null,"FEE_COMMISSION_INCOME_YOY":null,"ACCOUNTS_RECE_TDAYS":3.682510194259,"INVENTORY_TDAYS":0.616175457333,"CURRENT_ASSETS_TDAYS":0.488044230192,"TOTAL_ASSETS_TDAYS":0.136574505499,"PREMIUM_EXPENSE":null,"LOAN_DEPOSIT":null,"LOAN_EQUITY":null,"LOAN_ASSETS":null,"DEPOSIT_EQUITY":null,"DEPOSIT_ASSETS":null,"EQUITY_MULTIPLIER":1.398589910224,"EQUITY_RATIO":0.398903956807},{"SECUCODE":"03833.HK","SECURITY_CODE":"03833","SECURITY_NAME_ABBR":"新疆新鑫矿业","ORG_CODE":"10096949","STD_REPORT_DATE":"2023-12-31 00:00:00","REPORT_DATE":"2023-12-31 00:00:00","DATE_TYPE_CODE":"001","REPORT_TYPE":"2023年年报","PER_NETCASH_OPERATE":0.25246900305,"PER_OI":0.927528109036,"BPS":2.490584918258,"BASIC_EPS":0.07,"DILUTED_EPS":0.07,"OPERATE_INCOME":2049837120.97,"OPERATE_INCOME_YOY":-28.4205969971,"GROSS_PROFIT":695039254.17,"GROSS_PROFIT_YOY":-43.827246462825,"HOLDER_PROFIT":162663648.19,"HOLDER_PROFIT_YOY":-78.1558212084,"GROSS_PROFIT_RATIO":33.907047884912,"EPS_TTM":0.073603460719,"OPERATE_INCOME_QOQ":8.647820799931,"NET_PROFIT_RATIO":7.9197793156,"ROE_AVG":2.910627572648,"GROSS_PROFIT_QOQ":-13.366320281877,"ROA":2.076507944349,"HOLDER_PROFIT_QOQ":-46.751595603932,"ROE_YEARLY":2.910627572648,"ROIC_YEARLY":2.250816660122,"TOTAL_ASSETS":7837578222.31,"TOTAL_LIABILITIES":2317069810.85,"TAX_EBT":22.677094413658,"OCF_SALES":27.21955276505,"TOTAL_PARENT_EQUITY":5504192669.35,"DEBT_ASSET_RATIO":29.5635940737,"OPERATE_PROFIT":259613262.33,"PRETAX_PROFIT":209954055.76,"NETCASH_OPERATE":557956496.74,"NETCASH_INVEST":-94128789.14,"NETCASH_FINANCE":-601595625.09,"END_CASH":483702769.38,"DIVI_RATIO":0.676308751157,"DIVIDEND_RATE":6.387209302326,"CURRENT_RATIO":1.826222696979,"COMMON_ACS":null,"CURRENTDEBT_DEBT":51.140859701387,"ISSUED_COMMON_SHARES":2210000000,"HK_COMMON_SHARES":950580000,"PER_SHARES":1000,"TOTAL_MARKET_CAP":1900600000,"HKSK_MARKET_CAP":817498800,"PE_TTM":12.296975799028,"PB_TTM":0.312744972974,"REPORT_DATE_SQ":"2022-12-31 00:00:00","REPORT_TYPE_SQ":"2022年年报","OPERATE_INCOME_SQ":2863724807.66,"DPS_HKD":0.05493,"OPERATE_INCOME_QOQ_SQ":-3.451700507645,"NET_PROFIT_RATIO_SQ":25.9534869584,"HOLDER_PROFIT_SQ":744654444.29,"HOLDER_PROFIT_QOQ_SQ":-16.731583853877,"ROE_AVG_SQ":14.048223660278,"PE_TTM_SQ":6.001237644114,"PB_TTM_SQ":0.306711490697,"ROA_SQ":9.783306840482,"START_DATE":"2023-01-01 00:00:00","FISCAL_YEAR":"12-31","CURRENCY":"HKD","IS_CNY_CODE":0,"DPS_HKD_LY":0.16629,"ORG_TYPE":"一般企业","PREMIUM_INCOME":null,"PREMIUM_INCOME_YOY":null,"NET_INTEREST_INCOME":null,"NET_INTEREST_INCOME_YOY":null,"FEE_COMMISSION_INCOME":null,"FEE_COMMISSION_INCOME_YOY":null,"ACCOUNTS_RECE_TDAYS":8.876759596479,"INVENTORY_TDAYS":1.042132914926,"CURRENT_ASSETS_TDAYS":0.934584924463,"TOTAL_ASSETS_TDAYS":0.261675126169,"PREMIUM_EXPENSE":null,"LOAN_DEPOSIT":null,"LOAN_EQUITY":null,"LOAN_ASSETS":null,"DEPOSIT_EQUITY":null,"DEPOSIT_ASSETS":null,"EQUITY_MULTIPLIER":1.41972036598,"EQUITY_RATIO":0.420964517422},{"SECUCODE":"03833.HK","SECURITY_CODE":"03833","SECURITY_NAME_ABBR":"新疆新鑫矿业","ORG_CODE":"10096949","STD_REPORT_DATE":"2023-06-30 00:00:00","REPORT_DATE":"2023-06-30 00:00:00","DATE_TYPE_CODE":"002","REPORT_TYPE":"2023年中报","PER_NETCASH_OPERATE":0.032765030593,"PER_OI":0.345585576299,"BPS":2.494994231421,"BASIC_EPS":0.077,"DILUTED_EPS":0.077,"OPERATE_INCOME":763744123.62,"OPERATE_INCOME_YOY":-56.1265425301,"GROSS_PROFIT":373398674.56,"GROSS_PROFIT_YOY":-53.812985192913,"HOLDER_PROFIT":170403273.13,"HOLDER_PROFIT_YOY":-72.0456489741,"GROSS_PROFIT_RATIO":48.89054632462,"EPS_TTM":0.138226603321,"OPERATE_INCOME_QOQ":-34.117957934246,"NET_PROFIT_RATIO":22.2984159319,"ROE_AVG":3.046460836257,"GROSS_PROFIT_QOQ":-35.160605298145,"ROA":2.161474548838,"HOLDER_PROFIT_QOQ":-58.976838762943,"ROE_YEARLY":6.092921672513,"ROIC_YEARLY":4.735502479284,"TOTAL_ASSETS":7937856958.18,"TOTAL_LIABILITIES":2407383324.54,"TAX_EBT":19.320290090517,"OCF_SALES":9.481017970624,"TOTAL_PARENT_EQUITY":5513937251.44,"DEBT_ASSET_RATIO":30.3278748562,"OPERATE_PROFIT":233142365.38,"PRETAX_PROFIT":211085093.8,"NETCASH_OPERATE":72410717.61,"NETCASH_INVEST":-4033531.88,"NETCASH_FINANCE":18821499.68,"END_CASH":708669372.28,"DIVI_RATIO":0.360123618782,"DIVIDEND_RATE":6.387209302326,"CURRENT_RATIO":1.869593244268,"COMMON_ACS":null,"CURRENTDEBT_DEBT":53.981216406752,"ISSUED_COMMON_SHARES":2210000000,"HK_COMMON_SHARES":950580000,"PER_SHARES":1000,"TOTAL_MARKET_CAP":1900600000,"HKSK_MARKET_CAP":817498800,"PE_TTM":12.296975799028,"PB_TTM":0.312744972974,"REPORT_DATE_SQ":"2022-06-30 00:00:00","REPORT_TYPE_SQ":"2022年中报","OPERATE_INCOME_SQ":1740788548.85,"DPS_HKD":0.05493,"OPERATE_INCOME_QOQ_SQ":24.500314534176,"NET_PROFIT_RATIO_SQ":35.0230589386,"HOLDER_PROFIT_SQ":609576924.08,"HOLDER_PROFIT_QOQ_SQ":73.449822941567,"ROE_AVG_SQ":11.643094925951,"PE_TTM_SQ":6.001237644114,"PB_TTM_SQ":0.306711490697,"ROA_SQ":7.868595455599,"START_DATE":"2023-01-01 00:00:00","FISCAL_YEAR":"12-31","CURRENCY":"HKD","IS_CNY_CODE":0,"DPS_HKD_LY":0.16629,"ORG_TYPE":"一般企业","PREMIUM_INCOME":null,"PREMIUM_INCOME_YOY":null,"NET_INTEREST_INCOME":null,"NET_INTEREST_INCOME_YOY":null,"FEE_COMMISSION_INCOME":null,"FEE_COMMISSION_INCOME_YOY":null,"ACCOUNTS_RECE_TDAYS":4.577983268382,"INVENTORY_TDAYS":0.28169659294,"CURRENT_ASSETS_TDAYS":0.328336109861,"TOTAL_ASSETS_TDAYS":0.096876864787,"PREMIUM_EXPENSE":null,"LOAN_DEPOSIT":null,"LOAN_EQUITY":null,"LOAN_ASSETS":null,"DEPOSIT_EQUITY":null,"DEPOSIT_ASSETS":null,"EQUITY_MULTIPLIER":1.435294241328,"EQUITY_RATIO":0.436599695419},{"SECUCODE":"03833.HK","SECURITY_CODE":"03833","SECURITY_NAME_ABBR":"新疆新鑫矿业","ORG_CODE":"10096949","STD_REPORT_DATE":"2022-12-31 00:00:00","REPORT_DATE":"2022-12-31 00:00:00","DATE_TYPE_CODE":"001","REPORT_TYPE":"2022年年报","PER_NETCASH_OPERATE":0.392304675932,"PER_OI":1.295803080389,"BPS":2.566981457538,"BASIC_EPS":0.34,"DILUTED_EPS":0.34,"OPERATE_INCOME":2863724807.66,"OPERATE_INCOME_YOY":20.2029365454,"GROSS_PROFIT":1237324521.95,"GROSS_PROFIT_YOY":35.865771451971,"HOLDER_PROFIT":744654444.29,"HOLDER_PROFIT_YOY":44.4289203717,"GROSS_PROFIT_RATIO":43.20682345735,"EPS_TTM":0.336947712348,"OPERATE_INCOME_QOQ":-3.451700507645,"NET_PROFIT_RATIO":25.9534869584,"ROE_AVG":14.048223660278,"GROSS_PROFIT_QOQ":-6.336302726424,"ROA":9.783306840482,"HOLDER_PROFIT_QOQ":-16.731583853877,"ROE_YEARLY":14.048223660278,"ROIC_YEARLY":10.535570375763,"TOTAL_ASSETS":7829460146.86,"TOTAL_LIABILITIES":2139794311.71,"TAX_EBT":10.825380533376,"OCF_SALES":30.275022638032,"TOTAL_PARENT_EQUITY":5673029021.16,"DEBT_ASSET_RATIO":27.3300364466,"OPERATE_PROFIT":883477079.04,"PRETAX_PROFIT":833461862.72,"NETCASH_OPERATE":866993333.81,"NETCASH_INVEST":-16431159.89,"NETCASH_FINANCE":-605668565.19,"END_CASH":621470686.87,"DIVI_RATIO":0.147734092786,"DIVIDEND_RATE":6.387209302326,"CURRENT_RATIO":2.186945663061,"COMMON_ACS":null,"CURRENTDEBT_DEBT":47.495534742675,"ISSUED_COMMON_SHARES":2210000000,"HK_COMMON_SHARES":950580000,"PER_SHARES":1000,"TOTAL_MARKET_CAP":1900600000,"HKSK_MARKET_CAP":817498800,"PE_TTM":12.296975799028,"PB_TTM":0.312744972974,"REPORT_DATE_SQ":"2021-12-31 00:00:00","REPORT_TYPE_SQ":"2021年年报","OPERATE_INCOME_SQ":2382408358.7,"DPS_HKD":0.05493,"OPERATE_INCOME_QOQ_SQ":0.149348221455,"NET_PROFIT_RATIO_SQ":21.5857997157,"HOLDER_PROFIT_SQ":515585412.1,"HOLDER_PROFIT_QOQ_SQ":15.854229432241,"ROE_AVG_SQ":11.038997417456,"PE_TTM_SQ":6.001237644114,"PB_TTM_SQ":0.306711490697,"ROA_SQ":7.035460519371,"START_DATE":"2022-01-01 00:00:00","FISCAL_YEAR":"12-31","CURRENCY":"HKD","IS_CNY_CODE":0,"DPS_HKD_LY":null,"ORG_TYPE":"一般企业","PREMIUM_INCOME":null,"PREMIUM_INCOME_YOY":null,"NET_INTEREST_INCOME":null,"NET_INTEREST_INCOME_YOY":null,"FEE_COMMISSION_INCOME":null,"FEE_COMMISSION_INCOME_YOY":null,"ACCOUNTS_RECE_TDAYS":14.005007679782,"INVENTORY_TDAYS":1.182357428,"CURRENT_ASSETS_TDAYS":1.299245480841,"TOTAL_ASSETS_TDAYS":0.376237578583,"PREMIUM_EXPENSE":null,"LOAN_DEPOSIT":null,"LOAN_EQUITY":null,"LOAN_ASSETS":null,"DEPOSIT_EQUITY":null,"DEPOSIT_ASSETS":null,"EQUITY_MULTIPLIER":1.376084356042,"EQUITY_RATIO":0.377187266931},{"SECUCODE":"03833.HK","SECURITY_CODE":"03833","SECURITY_NAME_ABBR":"新疆新鑫矿业","ORG_CODE":"10096949","STD_REPORT_DATE":"2022-06-30 00:00:00","REPORT_DATE":"2022-06-30 00:00:00","DATE_TYPE_CODE":"002","REPORT_TYPE":"2022年中报","PER_NETCASH_OPERATE":0.282726804353,"PER_OI":0.787687126176,"BPS":2.50799620705,"BASIC_EPS":0.276,"DILUTED_EPS":0.276,"OPERATE_INCOME":1740788548.85,"OPERATE_INCOME_YOY":50.4452577711,"GROSS_PROFIT":808449465.98,"GROSS_PROFIT_YOY":103.068397422081,"HOLDER_PROFIT":609576924.08,"HOLDER_PROFIT_YOY":164.0228669873,"GROSS_PROFIT_RATIO":46.441566180687,"EPS_TTM":0.404652481629,"OPERATE_INCOME_QOQ":24.500314534176,"NET_PROFIT_RATIO":35.0230589386,"ROE_AVG":11.643094925951,"GROSS_PROFIT_QOQ":45.057023592747,"ROA":7.868595455599,"HOLDER_PROFIT_QOQ":73.449822941567,"ROE_YEARLY":23.286189851902,"ROIC_YEARLY":17.146221082228,"TOTAL_ASSETS":8100419662.38,"TOTAL_LIABILITIES":2539592755.62,"TAX_EBT":9.096629036237,"OCF_SALES":35.89328744337,"TOTAL_PARENT_EQUITY":5542671617.58,"DEBT_ASSET_RATIO":31.351372663,"OPERATE_PROFIT":696758165.84,"PRETAX_PROFIT":670687338.65,"NETCASH_OPERATE":624826237.62,"NETCASH_INVEST":35127286.48,"NETCASH_FINANCE":-253816615.58,"END_CASH":782713986.66,"DIVI_RATIO":0.12301583917,"DIVIDEND_RATE":6.387209302326,"CURRENT_RATIO":1.515396214562,"COMMON_ACS":null,"CURRENTDEBT_DEBT":63.316001836973,"ISSUED_COMMON_SHARES":2210000000,"HK_COMMON_SHARES":950580000,"PER_SHARES":1000,"TOTAL_MARKET_CAP":1900600000,"HKSK_MARKET_CAP":817498800,"PE_TTM":12.296975799028,"PB_TTM":0.312744972974,"REPORT_DATE_SQ":"2021-06-30 00:00:00","REPORT_TYPE_SQ":"2021年中报","OPERATE_INCOME_SQ":1157091007.48,"DPS_HKD":0.05493,"OPERATE_INCOME_QOQ_SQ":28.315669937134,"NET_PROFIT_RATIO_SQ":19.7693852576,"HOLDER_PROFIT_SQ":230880351.78,"HOLDER_PROFIT_QOQ_SQ":193.094119518855,"ROE_AVG_SQ":5.096315309588,"PE_TTM_SQ":6.001237644114,"PB_TTM_SQ":0.306711490697,"ROA_SQ":3.162956604415,"START_DATE":"2022-01-01 00:00:00","FISCAL_YEAR":"12-31","CURRENCY":"HKD","IS_CNY_CODE":0,"DPS_HKD_LY":null,"ORG_TYPE":"一般企业","PREMIUM_INCOME":null,"PREMIUM_INCOME_YOY":null,"NET_INTEREST_INCOME":null,"NET_INTEREST_INCOME_YOY":null,"FEE_COMMISSION_INCOME":null,"FEE_COMMISSION_INCOME_YOY":null,"ACCOUNTS_RECE_TDAYS":6.147206868877,"INVENTORY_TDAYS":0.706569021028,"CURRENT_ASSETS_TDAYS":0.753198324226,"TOTAL_ASSETS_TDAYS":0.224706026812,"PREMIUM_EXPENSE":null,"LOAN_DEPOSIT":null,"LOAN_EQUITY":null,"LOAN_ASSETS":null,"DEPOSIT_EQUITY":null,"DEPOSIT_ASSETS":null,"EQUITY_MULTIPLIER":1.456693365609,"EQUITY_RATIO":0.458189286835},{"SECUCODE":"03833.HK","SECURITY_CODE":"03833","SECURITY_NAME_ABBR":"新疆新鑫矿业","ORG_CODE":"10096949","STD_REPORT_DATE":"2021-12-31 00:00:00","REPORT_DATE":"2021-12-31 00:00:00","DATE_TYPE_CODE":"001","REPORT_TYPE":"2021年年报","PER_NETCASH_OPERATE":0.309069076127,"PER_OI":1.078012831991,"BPS":2.23003374519,"BASIC_EPS":0.23,"DILUTED_EPS":0.23,"OPERATE_INCOME":2382408358.7,"OPERATE_INCOME_YOY":28.507307108,"GROSS_PROFIT":910696276.72,"GROSS_PROFIT_YOY":108.319227487136,"HOLDER_PROFIT":515585412.1,"HOLDER_PROFIT_YOY":239.5619336798,"GROSS_PROFIT_RATIO":38.225868096641,"EPS_TTM":0.233296566561,"OPERATE_INCOME_QOQ":0.149348221455,"NET_PROFIT_RATIO":21.5857997157,"ROE_AVG":11.038997417456,"GROSS_PROFIT_QOQ":16.244139873976,"ROA":7.035460519371,"HOLDER_PROFIT_QOQ":15.854229432241,"ROE_YEARLY":11.038997417456,"ROIC_YEARLY":7.462284313105,"TOTAL_ASSETS":7393499869.25,"TOTAL_LIABILITIES":2447070478.58,"TAX_EBT":9.80774783617,"OCF_SALES":28.670259476957,"TOTAL_PARENT_EQUITY":4928374576.87,"DEBT_ASSET_RATIO":33.0975927755,"OPERATE_PROFIT":634141122.53,"PRETAX_PROFIT":570184117.13,"NETCASH_OPERATE":683042658.24,"NETCASH_INVEST":-130685155.99,"NETCASH_FINANCE":-439232971.04,"END_CASH":376577078.14,"DIVI_RATIO":0.213370755231,"DIVIDEND_RATE":6.387209302326,"CURRENT_RATIO":1.168270525584,"COMMON_ACS":null,"CURRENTDEBT_DEBT":76.453427277487,"ISSUED_COMMON_SHARES":2210000000,"HK_COMMON_SHARES":950580000,"PER_SHARES":1000,"TOTAL_MARKET_CAP":1900600000,"HKSK_MARKET_CAP":817498800,"PE_TTM":12.296975799028,"PB_TTM":0.312744972974,"REPORT_DATE_SQ":"2020-12-31 00:00:00","REPORT_TYPE_SQ":"2020年年报","OPERATE_INCOME_SQ":1853908865.04,"DPS_HKD":0.05493,"OPERATE_INCOME_QOQ_SQ":9.357623021031,"NET_PROFIT_RATIO_SQ":9.6644862425,"HOLDER_PROFIT_SQ":151838401.47,"HOLDER_PROFIT_QOQ_SQ":525.295087781787,"ROE_AVG_SQ":3.501105699022,"PE_TTM_SQ":6.001237644114,"PB_TTM_SQ":0.306711490697,"ROA_SQ":2.046851250157,"START_DATE":"2021-01-01 00:00:00","FISCAL_YEAR":"12-31","CURRENCY":"HKD","IS_CNY_CODE":0,"DPS_HKD_LY":null,"ORG_TYPE":"一般企业","PREMIUM_INCOME":null,"PREMIUM_INCOME_YOY":null,"NET_INTEREST_INCOME":null,"NET_INTEREST_INCOME_YOY":null,"FEE_COMMISSION_INCOME":null,"FEE_COMMISSION_INCOME_YOY":null,"ACCOUNTS_RECE_TDAYS":15.387810502915,"INVENTORY_TDAYS":1.047009213934,"CURRENT_ASSETS_TDAYS":1.120110240749,"TOTAL_ASSETS_TDAYS":0.325093370667,"PREMIUM_EXPENSE":null,"LOAN_DEPOSIT":null,"LOAN_EQUITY":null,"LOAN_ASSETS":null,"DEPOSIT_EQUITY":null,"DEPOSIT_ASSETS":null,"EQUITY_MULTIPLIER":1.494714527452,"EQUITY_RATIO":0.496526885368},{"SECUCODE":"03833.HK","SECURITY_CODE":"03833","SECURITY_NAME_ABBR":"新疆新鑫矿业","ORG_CODE":"10096949","STD_REPORT_DATE":"2021-06-30 00:00:00","REPORT_DATE":"2021-06-30 00:00:00","DATE_TYPE_CODE":"002","REPORT_TYPE":"2021年中报","PER_NETCASH_OPERATE":0.13650723548,"PER_OI":0.52357059162,"BPS":2.103116973457,"BASIC_EPS":0.104,"DILUTED_EPS":0.104,"OPERATE_INCOME":1157091007.48,"OPERATE_INCOME_YOY":83.0422296836,"GROSS_PROFIT":398116829.72,"GROSS_PROFIT_YOY":667.875958075109,"HOLDER_PROFIT":230880351.78,"HOLDER_PROFIT_YOY":470.5309893715,"GROSS_PROFIT_RATIO":34.40669983142,"EPS_TTM":0.201370780941,"OPERATE_INCOME_QOQ":28.315669937134,"NET_PROFIT_RATIO":19.7693852576,"ROE_AVG":5.096315309588,"GROSS_PROFIT_QOQ":79.208369310471,"ROA":3.162956604415,"HOLDER_PROFIT_QOQ":193.094119518855,"ROE_YEARLY":10.192630619176,"ROIC_YEARLY":6.759159071722,"TOTAL_ASSETS":7335757307.09,"TOTAL_LIABILITIES":2670606883.77,"TAX_EBT":16.146708334399,"OCF_SALES":26.072364961769,"TOTAL_PARENT_EQUITY":4647888511.34,"DEBT_ASSET_RATIO":36.4053331098,"OPERATE_PROFIT":310483344.65,"PRETAX_PROFIT":272797614.15,"NETCASH_OPERATE":301680990.41,"NETCASH_INVEST":-30806266.06,"NETCASH_FINANCE":-62026769.33,"END_CASH":472300501.95,"DIVI_RATIO":0.247199044307,"DIVIDEND_RATE":6.387209302326,"CURRENT_RATIO":1.080070133249,"COMMON_ACS":null,"CURRENTDEBT_DEBT":76.020703998337,"ISSUED_COMMON_SHARES":2210000000,"HK_COMMON_SHARES":950580000,"PER_SHARES":1000,"TOTAL_MARKET_CAP":1900600000,"HKSK_MARKET_CAP":817498800,"PE_TTM":12.296975799028,"PB_TTM":0.312744972974,"REPORT_DATE_SQ":"2020-06-30 00:00:00","REPORT_TYPE_SQ":"2020年中报","OPERATE_INCOME_SQ":632144292.32,"DPS_HKD":0.05493,"OPERATE_INCOME_QOQ_SQ":2.278300049037,"NET_PROFIT_RATIO_SQ":-9.9021384074,"HOLDER_PROFIT_SQ":-62310672.63,"HOLDER_PROFIT_QOQ_SQ":-11.443538320984,"ROE_AVG_SQ":-1.471800241879,"PE_TTM_SQ":6.001237644114,"PB_TTM_SQ":0.306711490697,"ROA_SQ":-0.817404165211,"START_DATE":"2021-01-01 00:00:00","FISCAL_YEAR":"12-31","CURRENCY":"HKD","IS_CNY_CODE":0,"DPS_HKD_LY":null,"ORG_TYPE":"一般企业","PREMIUM_INCOME":null,"PREMIUM_INCOME_YOY":null,"NET_INTEREST_INCOME":null,"NET_INTEREST_INCOME_YOY":null,"FEE_COMMISSION_INCOME":null,"FEE_COMMISSION_INCOME_YOY":null,"ACCOUNTS_RECE_TDAYS":11.604630618394,"INVENTORY_TDAYS":0.560741854599,"CURRENT_ASSETS_TDAYS":0.543111012491,"TOTAL_ASSETS_TDAYS":0.158516245137,"PREMIUM_EXPENSE":null,"LOAN_DEPOSIT":null,"LOAN_EQUITY":null,"LOAN_ASSETS":null,"DEPOSIT_EQUITY":null,"DEPOSIT_ASSETS":null,"EQUITY_MULTIPLIER":1.57245890088,"EQUITY_RATIO":0.574584970628},{"SECUCODE":"03833.HK","SECURITY_CODE":"03833","SECURITY_NAME_ABBR":"新疆新鑫矿业","ORG_CODE":"10096949","STD_REPORT_DATE":"2020-12-31 00:00:00","REPORT_DATE":"2020-12-31 00:00:00","DATE_TYPE_CODE":"001","REPORT_TYPE":"2020年年报","PER_NETCASH_OPERATE":0.159418348163,"PER_OI":0.838872789611,"BPS":1.996737178629,"BASIC_EPS":0.069,"DILUTED_EPS":0.069,"OPERATE_INCOME":1853908865.04,"OPERATE_INCOME_YOY":11.8491177999,"GROSS_PROFIT":437163812.34,"GROSS_PROFIT_YOY":40.481553262481,"HOLDER_PROFIT":151838401.47,"HOLDER_PROFIT_YOY":453.7392047922,"GROSS_PROFIT_RATIO":23.580652780932,"EPS_TTM":0.068705159036,"OPERATE_INCOME_QOQ":9.357623021031,"NET_PROFIT_RATIO":9.6644862425,"ROE_AVG":3.501105699022,"GROSS_PROFIT_QOQ":47.382143058221,"ROA":2.046851250157,"HOLDER_PROFIT_QOQ":525.295087781787,"ROE_YEARLY":3.501105699022,"ROIC_YEARLY":2.157025598781,"TOTAL_ASSETS":7263263840.26,"TOTAL_LIABILITIES":2831096346.31,"TAX_EBT":-4.45643702851,"OCF_SALES":19.003876408585,"TOTAL_PARENT_EQUITY":4412789164.77,"DEBT_ASSET_RATIO":38.9782941743,"OPERATE_PROFIT":268598933.05,"PRETAX_PROFIT":171526784.09,"NETCASH_OPERATE":352314549.44,"NETCASH_INVEST":-18926000.7,"NETCASH_FINANCE":-337165064.03,"END_CASH":263452546.93,"DIVI_RATIO":0.72452586237,"DIVIDEND_RATE":6.387209302326,"CURRENT_RATIO":1.091312404821,"COMMON_ACS":null,"CURRENTDEBT_DEBT":66.940492729614,"ISSUED_COMMON_SHARES":2210000000,"HK_COMMON_SHARES":950580000,"PER_SHARES":1000,"TOTAL_MARKET_CAP":1900600000,"HKSK_MARKET_CAP":817498800,"PE_TTM":12.296975799028,"PB_TTM":0.312744972974,"REPORT_DATE_SQ":"2019-12-31 00:00:00","REPORT_TYPE_SQ":"2019年年报","OPERATE_INCOME_SQ":1657508705.93,"DPS_HKD":0.05493,"OPERATE_INCOME_QOQ_SQ":12.122759912298,"NET_PROFIT_RATIO_SQ":1.4988130597,"HOLDER_PROFIT_SQ":27420561.91,"HOLDER_PROFIT_QOQ_SQ":122.457920113583,"ROE_AVG_SQ":0.645608884733,"PE_TTM_SQ":6.001237644114,"PB_TTM_SQ":0.306711490697,"ROA_SQ":0.35438424966,"START_DATE":"2020-01-01 00:00:00","FISCAL_YEAR":"12-31","CURRENCY":"HKD","IS_CNY_CODE":0,"DPS_HKD_LY":null,"ORG_TYPE":"一般企业","PREMIUM_INCOME":null,"PREMIUM_INCOME_YOY":null,"NET_INTEREST_INCOME":null,"NET_INTEREST_INCOME_YOY":null,"FEE_COMMISSION_INCOME":null,"FEE_COMMISSION_INCOME_YOY":null,"ACCOUNTS_RECE_TDAYS":17.646459656896,"INVENTORY_TDAYS":1.002168728292,"CURRENT_ASSETS_TDAYS":0.831286995047,"TOTAL_ASSETS_TDAYS":0.249915412791,"PREMIUM_EXPENSE":null,"LOAN_DEPOSIT":null,"LOAN_EQUITY":null,"LOAN_ASSETS":null,"DEPOSIT_EQUITY":null,"DEPOSIT_ASSETS":null,"EQUITY_MULTIPLIER":1.638761136662,"EQUITY_RATIO":0.641566193307},{"SECUCODE":"03833.HK","SECURITY_CODE":"03833","SECURITY_NAME_ABBR":"新疆新鑫矿业","ORG_CODE":"10096949","STD_REPORT_DATE":"2020-06-30 00:00:00","REPORT_DATE":"2020-06-30 00:00:00","DATE_TYPE_CODE":"002","REPORT_TYPE":"2020年中报","PER_NETCASH_OPERATE":0.068499146796,"PER_OI":0.286038141321,"BPS":1.90331325281,"BASIC_EPS":-0.028,"DILUTED_EPS":-0.028,"OPERATE_INCOME":632144292.32,"OPERATE_INCOME_YOY":6.3533330413,"GROSS_PROFIT":51846502.75,"GROSS_PROFIT_YOY":-21.937582949341,"HOLDER_PROFIT":-62310672.63,"HOLDER_PROFIT_YOY":-5.3029145721,"GROSS_PROFIT_RATIO":8.201688029124,"EPS_TTM":0.010987637738,"OPERATE_INCOME_QOQ":2.278300049037,"NET_PROFIT_RATIO":-9.9021384074,"ROE_AVG":-1.471800241879,"GROSS_PROFIT_QOQ":-4.682107107788,"ROA":-0.817404165211,"HOLDER_PROFIT_QOQ":-11.443538320984,"ROE_YEARLY":-2.943600483757,"ROIC_YEARLY":-1.712510251743,"TOTAL_ASSETS":7672961606.77,"TOTAL_LIABILITIES":3474843383.72,"TAX_EBT":19.643260664537,"OCF_SALES":23.94755695166,"TOTAL_PARENT_EQUITY":4206322288.71,"DEBT_ASSET_RATIO":45.2868600392,"OPERATE_PROFIT":-27771503.73,"PRETAX_PROFIT":-77897390.16,"NETCASH_OPERATE":151383114.42,"NETCASH_INVEST":-53786315.59,"NETCASH_FINANCE":-132361566.84,"END_CASH":232464294.21,"DIVI_RATIO":4.530424627111,"DIVIDEND_RATE":6.387209302326,"CURRENT_RATIO":1.248205038036,"COMMON_ACS":null,"CURRENTDEBT_DEBT":57.870658122646,"ISSUED_COMMON_SHARES":2210000000,"HK_COMMON_SHARES":950580000,"PER_SHARES":1000,"TOTAL_MARKET_CAP":1900600000,"HKSK_MARKET_CAP":817498800,"PE_TTM":12.296975799028,"PB_TTM":0.312744972974,"REPORT_DATE_SQ":"2019-06-30 00:00:00","REPORT_TYPE_SQ":"2019年中报","OPERATE_INCOME_SQ":594381270.66,"DPS_HKD":0.05493,"OPERATE_INCOME_QOQ_SQ":-15.524769468127,"NET_PROFIT_RATIO_SQ":-10.2468917102,"HOLDER_PROFIT_SQ":-59172790.12,"HOLDER_PROFIT_QOQ_SQ":-125.299408641773,"ROE_AVG_SQ":-1.406534778247,"PE_TTM_SQ":6.001237644114,"PB_TTM_SQ":0.306711490697,"ROA_SQ":-0.761075068645,"START_DATE":"2020-01-01 00:00:00","FISCAL_YEAR":"12-31","CURRENCY":"HKD","IS_CNY_CODE":0,"DPS_HKD_LY":null,"ORG_TYPE":"一般企业","PREMIUM_INCOME":null,"PREMIUM_INCOME_YOY":null,"NET_INTEREST_INCOME":null,"NET_INTEREST_INCOME_YOY":null,"FEE_COMMISSION_INCOME":null,"FEE_COMMISSION_INCOME_YOY":null,"ACCOUNTS_RECE_TDAYS":3.645716141844,"INVENTORY_TDAYS":0.394908220261,"CURRENT_ASSETS_TDAYS":0.257903997109,"TOTAL_ASSETS_TDAYS":0.082925982941,"PREMIUM_EXPENSE":null,"LOAN_DEPOSIT":null,"LOAN_EQUITY":null,"LOAN_ASSETS":null,"DEPOSIT_EQUITY":null,"DEPOSIT_ASSETS":null,"EQUITY_MULTIPLIER":1.827714513765,"EQUITY_RATIO":0.82610012862}],"count":54},"success":true,"message":"ok","code":0}