{"version":"15a69d4f2a0d26ac6e185f2ff9675864","result":{"pages":3,"data":[{"SECUCODE":"03848.HK","SECURITY_CODE":"03848","SECURITY_NAME_ABBR":"浩森金融科技","ORG_CODE":"10535001","STD_REPORT_DATE":"2024-06-30 00:00:00","REPORT_DATE":"2024-06-30 00:00:00","DATE_TYPE_CODE":"002","REPORT_TYPE":"2024年中报","PER_NETCASH_OPERATE":-0.025860140486,"PER_OI":0.350358245396,"BPS":3.668586256927,"BASIC_EPS":0.0492,"DILUTED_EPS":0.0491,"OPERATE_INCOME":54816000,"OPERATE_INCOME_YOY":-0.5136209369,"GROSS_PROFIT":54816000,"GROSS_PROFIT_YOY":-0.513620936859,"HOLDER_PROFIT":7694000,"HOLDER_PROFIT_YOY":-62.1656176239,"GROSS_PROFIT_RATIO":null,"EPS_TTM":0.067309228734,"OPERATE_INCOME_QOQ":-0.250150266945,"NET_PROFIT_RATIO":14.0360478692,"ROE_AVG":1.340796531425,"GROSS_PROFIT_QOQ":-0.250150266945,"ROA":0.976544031741,"HOLDER_PROFIT_QOQ":-54.554869891684,"ROE_YEARLY":2.68159306285,"ROIC_YEARLY":2.006912292142,"TOTAL_ASSETS":791079000,"TOTAL_LIABILITIES":217103000,"TAX_EBT":14.416017797553,"OCF_SALES":-7.381056625803,"TOTAL_PARENT_EQUITY":573976000,"DEBT_ASSET_RATIO":27.443908889,"OPERATE_PROFIT":15260000,"PRETAX_PROFIT":8990000,"NETCASH_OPERATE":-4046000,"NETCASH_INVEST":66000,"NETCASH_FINANCE":-2249000,"END_CASH":15076000,"DIVI_RATIO":0.403905980078,"DIVIDEND_RATE":0.313152400835,"CURRENT_RATIO":1.927692537844,"COMMON_ACS":20000000000,"CURRENTDEBT_DEBT":98.527427073785,"ISSUED_COMMON_SHARES":156457000,"HK_COMMON_SHARES":156457000,"PER_SHARES":1000,"TOTAL_MARKET_CAP":1498858060,"HKSK_MARKET_CAP":1498858060,"PE_TTM":125.487374866932,"PB_TTM":2.383336192107,"REPORT_DATE_SQ":"2023-06-30 00:00:00","REPORT_TYPE_SQ":"2023年中报","OPERATE_INCOME_SQ":55099000,"DPS_HKD":0.03,"OPERATE_INCOME_QOQ_SQ":5.969594730289,"NET_PROFIT_RATIO_SQ":36.908110855,"HOLDER_PROFIT_SQ":20336000,"HOLDER_PROFIT_QOQ_SQ":16.688785666888,"ROE_AVG_SQ":3.601303028505,"PE_TTM_SQ":32.438943388378,"PB_TTM_SQ":1.559205868795,"ROA_SQ":2.756259559522,"START_DATE":"2024-01-01 00:00:00","FISCAL_YEAR":"12-31","CURRENCY":"HKD","IS_CNY_CODE":0,"DPS_HKD_LY":0.03,"ORG_TYPE":"一般企业","PREMIUM_INCOME":null,"PREMIUM_INCOME_YOY":null,"NET_INTEREST_INCOME":null,"NET_INTEREST_INCOME_YOY":null,"FEE_COMMISSION_INCOME":null,"FEE_COMMISSION_INCOME_YOY":null,"ACCOUNTS_RECE_TDAYS":null,"INVENTORY_TDAYS":null,"CURRENT_ASSETS_TDAYS":0.146340291367,"TOTAL_ASSETS_TDAYS":0.069574002656,"PREMIUM_EXPENSE":null,"LOAN_DEPOSIT":null,"LOAN_EQUITY":null,"LOAN_ASSETS":null,"DEPOSIT_EQUITY":null,"DEPOSIT_ASSETS":null,"EQUITY_MULTIPLIER":1.378244038078,"EQUITY_RATIO":0.378244038078},{"SECUCODE":"03848.HK","SECURITY_CODE":"03848","SECURITY_NAME_ABBR":"浩森金融科技","ORG_CODE":"10535001","STD_REPORT_DATE":"2023-12-31 00:00:00","REPORT_DATE":"2023-12-31 00:00:00","DATE_TYPE_CODE":"001","REPORT_TYPE":"2023年年报","PER_NETCASH_OPERATE":-0.397591053946,"PER_OI":0.72250499735,"BPS":3.666822193957,"BASIC_EPS":0.148,"DILUTED_EPS":0.1479,"OPERATE_INCOME":113132000,"OPERATE_INCOME_YOY":13.6000321324,"GROSS_PROFIT":113132000,"GROSS_PROFIT_YOY":13.600032132385,"HOLDER_PROFIT":23173000,"HOLDER_PROFIT_YOY":-3.8943264764,"GROSS_PROFIT_RATIO":null,"EPS_TTM":0.147991799876,"OPERATE_INCOME_QOQ":7.200591284243,"NET_PROFIT_RATIO":20.4831524237,"ROE_AVG":4.108371074217,"GROSS_PROFIT_QOQ":7.200591284243,"ROA":3.060687409814,"HOLDER_PROFIT_QOQ":-17.639323286892,"ROE_YEARLY":4.108371074217,"ROIC_YEARLY":3.24186996846,"TOTAL_ASSETS":784682000,"TOTAL_LIABILITIES":210982000,"TAX_EBT":14.648250460405,"OCF_SALES":-55.029523035039,"TOTAL_PARENT_EQUITY":573700000,"DEBT_ASSET_RATIO":26.8875799368,"OPERATE_PROFIT":37578000,"PRETAX_PROFIT":27150000,"NETCASH_OPERATE":-62256000,"NETCASH_INVEST":163000,"NETCASH_FINANCE":37615000,"END_CASH":25840000,"DIVI_RATIO":0.18370342156,"DIVIDEND_RATE":1.052631578947,"CURRENT_RATIO":1.609666226989,"COMMON_ACS":20000000000,"CURRENTDEBT_DEBT":99.176233043577,"ISSUED_COMMON_SHARES":156457000,"HK_COMMON_SHARES":156457000,"PER_SHARES":1000,"TOTAL_MARKET_CAP":445902450,"HKSK_MARKET_CAP":445902450,"PE_TTM":37.331839078367,"PB_TTM":0.709030078028,"REPORT_DATE_SQ":"2022-12-31 00:00:00","REPORT_TYPE_SQ":"2022年年报","OPERATE_INCOME_SQ":99588000,"DPS_HKD":0.03,"OPERATE_INCOME_QOQ_SQ":-7.382400535684,"NET_PROFIT_RATIO_SQ":24.21175242,"HOLDER_PROFIT_SQ":24112000,"HOLDER_PROFIT_QOQ_SQ":-11.509101585437,"ROE_AVG_SQ":4.402233249714,"PE_TTM_SQ":31.759867278799,"PB_TTM_SQ":1.526565488289,"ROA_SQ":3.160907109026,"START_DATE":"2023-01-01 00:00:00","FISCAL_YEAR":"12-31","CURRENCY":"HKD","IS_CNY_CODE":0,"DPS_HKD_LY":0.03,"ORG_TYPE":"一般企业","PREMIUM_INCOME":null,"PREMIUM_INCOME_YOY":null,"NET_INTEREST_INCOME":null,"NET_INTEREST_INCOME_YOY":null,"FEE_COMMISSION_INCOME":null,"FEE_COMMISSION_INCOME_YOY":null,"ACCOUNTS_RECE_TDAYS":null,"INVENTORY_TDAYS":null,"CURRENT_ASSETS_TDAYS":0.325115310008,"TOTAL_ASSETS_TDAYS":0.149424626957,"PREMIUM_EXPENSE":null,"LOAN_DEPOSIT":null,"LOAN_EQUITY":null,"LOAN_ASSETS":null,"DEPOSIT_EQUITY":null,"DEPOSIT_ASSETS":null,"EQUITY_MULTIPLIER":1.367756667247,"EQUITY_RATIO":0.367756667248},{"SECUCODE":"03848.HK","SECURITY_CODE":"03848","SECURITY_NAME_ABBR":"浩森金融科技","ORG_CODE":"10535001","STD_REPORT_DATE":"2023-06-30 00:00:00","REPORT_DATE":"2023-06-30 00:00:00","DATE_TYPE_CODE":"002","REPORT_TYPE":"2023年中报","PER_NETCASH_OPERATE":-0.179099902288,"PER_OI":0.351883665532,"BPS":3.67501613862,"BASIC_EPS":0.1299,"DILUTED_EPS":0.1299,"OPERATE_INCOME":55099000,"OPERATE_INCOME_YOY":12.0946413313,"GROSS_PROFIT":55099000,"GROSS_PROFIT_YOY":12.094641331326,"HOLDER_PROFIT":20336000,"HOLDER_PROFIT_YOY":24.6689553703,"GROSS_PROFIT_RATIO":null,"EPS_TTM":0.179687450106,"OPERATE_INCOME_QOQ":5.969594730289,"NET_PROFIT_RATIO":36.908110855,"ROE_AVG":3.601303028505,"GROSS_PROFIT_QOQ":5.969594730289,"ROA":2.756259559522,"HOLDER_PROFIT_QOQ":16.688785666888,"ROE_YEARLY":7.202606057011,"ROIC_YEARLY":5.826437431193,"TOTAL_ASSETS":746070000,"TOTAL_LIABILITIES":171088000,"TAX_EBT":15.509576633844,"OCF_SALES":-50.897475453275,"TOTAL_PARENT_EQUITY":574982000,"DEBT_ASSET_RATIO":22.9318964708,"OPERATE_PROFIT":29023000,"PRETAX_PROFIT":24069000,"NETCASH_OPERATE":-28044000,"NETCASH_INVEST":179000,"NETCASH_FINANCE":-918000,"END_CASH":20533000,"DIVI_RATIO":0.151299381142,"DIVIDEND_RATE":1.052631578947,"CURRENT_RATIO":1.940143935405,"COMMON_ACS":20000000000,"CURRENTDEBT_DEBT":99.895959973815,"ISSUED_COMMON_SHARES":156457000,"HK_COMMON_SHARES":156457000,"PER_SHARES":1000,"TOTAL_MARKET_CAP":445902450,"HKSK_MARKET_CAP":445902450,"PE_TTM":37.331839078367,"PB_TTM":0.709030078028,"REPORT_DATE_SQ":"2022-06-30 00:00:00","REPORT_TYPE_SQ":"2022年中报","OPERATE_INCOME_SQ":49154000,"DPS_HKD":0.03,"OPERATE_INCOME_QOQ_SQ":-5.572094738783,"NET_PROFIT_RATIO_SQ":33.1854986369,"HOLDER_PROFIT_SQ":16312000,"HOLDER_PROFIT_QOQ_SQ":-10.901837682297,"ROE_AVG_SQ":2.994076823254,"PE_TTM_SQ":31.759867278799,"PB_TTM_SQ":1.526565488289,"ROA_SQ":2.024979547856,"START_DATE":"2023-01-01 00:00:00","FISCAL_YEAR":"12-31","CURRENCY":"HKD","IS_CNY_CODE":0,"DPS_HKD_LY":0.03,"ORG_TYPE":"一般企业","PREMIUM_INCOME":null,"PREMIUM_INCOME_YOY":null,"NET_INTEREST_INCOME":null,"NET_INTEREST_INCOME_YOY":null,"FEE_COMMISSION_INCOME":null,"FEE_COMMISSION_INCOME_YOY":null,"ACCOUNTS_RECE_TDAYS":null,"INVENTORY_TDAYS":null,"CURRENT_ASSETS_TDAYS":0.159539152227,"TOTAL_ASSETS_TDAYS":0.074678966104,"PREMIUM_EXPENSE":null,"LOAN_DEPOSIT":null,"LOAN_EQUITY":null,"LOAN_ASSETS":null,"DEPOSIT_EQUITY":null,"DEPOSIT_ASSETS":null,"EQUITY_MULTIPLIER":1.297553662549,"EQUITY_RATIO":0.297553662549},{"SECUCODE":"03848.HK","SECURITY_CODE":"03848","SECURITY_NAME_ABBR":"浩森金融科技","ORG_CODE":"10535001","STD_REPORT_DATE":"2022-12-31 00:00:00","REPORT_DATE":"2022-12-31 00:00:00","DATE_TYPE_CODE":"001","REPORT_TYPE":"2022年年报","PER_NETCASH_OPERATE":0.178569831974,"PER_OI":0.636007740304,"BPS":3.543382526828,"BASIC_EPS":0.154,"DILUTED_EPS":0.1539,"OPERATE_INCOME":99588000,"OPERATE_INCOME_YOY":-12.5431409226,"GROSS_PROFIT":99588000,"GROSS_PROFIT_YOY":-12.543140922623,"HOLDER_PROFIT":24112000,"HOLDER_PROFIT_YOY":-21.1562356942,"GROSS_PROFIT_RATIO":null,"EPS_TTM":0.153988619454,"OPERATE_INCOME_QOQ":-7.382400535684,"NET_PROFIT_RATIO":24.21175242,"ROE_AVG":4.402233249714,"GROSS_PROFIT_QOQ":-7.382400535684,"ROA":3.160907109026,"HOLDER_PROFIT_QOQ":-11.509101585437,"ROE_YEARLY":4.402233249714,"ROIC_YEARLY":3.527337892696,"TOTAL_ASSETS":729553000,"TOTAL_LIABILITIES":175166000,"TAX_EBT":31.015935685063,"OCF_SALES":28.076675904728,"TOTAL_PARENT_EQUITY":554387000,"DEBT_ASSET_RATIO":24.0100445067,"OPERATE_PROFIT":54034000,"PRETAX_PROFIT":34953000,"NETCASH_OPERATE":27961000,"NETCASH_INVEST":38596000,"NETCASH_FINANCE":-100354000,"END_CASH":49560000,"DIVI_RATIO":0.176549410576,"DIVIDEND_RATE":1.052631578947,"CURRENT_RATIO":2.06984652093,"COMMON_ACS":20000000000,"CURRENTDEBT_DEBT":99.054040167612,"ISSUED_COMMON_SHARES":156457000,"HK_COMMON_SHARES":156457000,"PER_SHARES":1000,"TOTAL_MARKET_CAP":445902450,"HKSK_MARKET_CAP":445902450,"PE_TTM":37.331839078367,"PB_TTM":0.709030078028,"REPORT_DATE_SQ":"2021-12-31 00:00:00","REPORT_TYPE_SQ":"2021年年报","OPERATE_INCOME_SQ":113871000,"DPS_HKD":0.03,"OPERATE_INCOME_QOQ_SQ":-13.436364465662,"NET_PROFIT_RATIO_SQ":35.3197916941,"HOLDER_PROFIT_SQ":30582000,"HOLDER_PROFIT_QOQ_SQ":129.803241304708,"ROE_AVG_SQ":5.856898402481,"PE_TTM_SQ":31.759867278799,"PB_TTM_SQ":1.526565488289,"ROA_SQ":2.825163558697,"START_DATE":"2022-01-01 00:00:00","FISCAL_YEAR":"12-31","CURRENCY":"HKD","IS_CNY_CODE":0,"DPS_HKD_LY":0.03,"ORG_TYPE":"一般企业","PREMIUM_INCOME":null,"PREMIUM_INCOME_YOY":null,"NET_INTEREST_INCOME":null,"NET_INTEREST_INCOME_YOY":null,"FEE_COMMISSION_INCOME":null,"FEE_COMMISSION_INCOME_YOY":null,"ACCOUNTS_RECE_TDAYS":null,"INVENTORY_TDAYS":null,"CURRENT_ASSETS_TDAYS":0.259509322354,"TOTAL_ASSETS_TDAYS":0.130552595045,"PREMIUM_EXPENSE":null,"LOAN_DEPOSIT":null,"LOAN_EQUITY":null,"LOAN_ASSETS":null,"DEPOSIT_EQUITY":null,"DEPOSIT_ASSETS":null,"EQUITY_MULTIPLIER":1.31596339741,"EQUITY_RATIO":0.31596339741},{"SECUCODE":"03848.HK","SECURITY_CODE":"03848","SECURITY_NAME_ABBR":"浩森金融科技","ORG_CODE":"10535001","STD_REPORT_DATE":"2022-06-30 00:00:00","REPORT_DATE":"2022-06-30 00:00:00","DATE_TYPE_CODE":"002","REPORT_TYPE":"2022年中报","PER_NETCASH_OPERATE":-0.090520682322,"PER_OI":0.313916580983,"BPS":3.506145458497,"BASIC_EPS":0.1044,"DILUTED_EPS":0.1044,"OPERATE_INCOME":49154000,"OPERATE_INCOME_YOY":-11.4326384259,"GROSS_PROFIT":49154000,"GROSS_PROFIT_YOY":-11.432638425918,"HOLDER_PROFIT":16312000,"HOLDER_PROFIT_YOY":-16.970375649,"GROSS_PROFIT_RATIO":null,"EPS_TTM":0.174016336384,"OPERATE_INCOME_QOQ":-5.572094738783,"NET_PROFIT_RATIO":33.1854986369,"ROE_AVG":2.994076823254,"GROSS_PROFIT_QOQ":-5.572094738783,"ROA":2.024979547856,"HOLDER_PROFIT_QOQ":-10.901837682297,"ROE_YEARLY":5.988153646507,"ROIC_YEARLY":4.680164603386,"TOTAL_ASSETS":814993000,"TOTAL_LIABILITIES":266432000,"TAX_EBT":18.801334063418,"OCF_SALES":-28.835903487,"TOTAL_PARENT_EQUITY":548561000,"DEBT_ASSET_RATIO":32.6913237292,"OPERATE_PROFIT":29535000,"PRETAX_PROFIT":20089000,"NETCASH_OPERATE":-14174000,"NETCASH_INVEST":32198000,"NETCASH_FINANCE":-3477000,"END_CASH":101508000,"DIVI_RATIO":0.156230159564,"DIVIDEND_RATE":1.052631578947,"CURRENT_RATIO":2.630670742633,"COMMON_ACS":20000000000,"CURRENTDEBT_DEBT":69.124204299784,"ISSUED_COMMON_SHARES":156457000,"HK_COMMON_SHARES":156457000,"PER_SHARES":1000,"TOTAL_MARKET_CAP":445902450,"HKSK_MARKET_CAP":445902450,"PE_TTM":37.331839078367,"PB_TTM":0.709030078028,"REPORT_DATE_SQ":"2021-06-30 00:00:00","REPORT_TYPE_SQ":"2021年中报","OPERATE_INCOME_SQ":55499000,"DPS_HKD":0.03,"OPERATE_INCOME_QOQ_SQ":-25.29785228344,"NET_PROFIT_RATIO_SQ":48.88736734,"HOLDER_PROFIT_SQ":19646000,"HOLDER_PROFIT_QOQ_SQ":8.087458125078,"ROE_AVG_SQ":3.834330982823,"PE_TTM_SQ":31.759867278799,"PB_TTM_SQ":1.526565488289,"ROA_SQ":1.674600975984,"START_DATE":"2022-01-01 00:00:00","FISCAL_YEAR":"12-31","CURRENCY":"HKD","IS_CNY_CODE":0,"DPS_HKD_LY":0.03,"ORG_TYPE":"一般企业","PREMIUM_INCOME":null,"PREMIUM_INCOME_YOY":null,"NET_INTEREST_INCOME":null,"NET_INTEREST_INCOME_YOY":null,"FEE_COMMISSION_INCOME":null,"FEE_COMMISSION_INCOME_YOY":null,"ACCOUNTS_RECE_TDAYS":null,"INVENTORY_TDAYS":null,"CURRENT_ASSETS_TDAYS":0.110104484349,"TOTAL_ASSETS_TDAYS":0.061020012687,"PREMIUM_EXPENSE":null,"LOAN_DEPOSIT":null,"LOAN_EQUITY":null,"LOAN_ASSETS":null,"DEPOSIT_EQUITY":null,"DEPOSIT_ASSETS":null,"EQUITY_MULTIPLIER":1.485692566552,"EQUITY_RATIO":0.485692566551},{"SECUCODE":"03848.HK","SECURITY_CODE":"03848","SECURITY_NAME_ABBR":"浩森金融科技","ORG_CODE":"10535001","STD_REPORT_DATE":"2021-12-31 00:00:00","REPORT_DATE":"2021-12-31 00:00:00","DATE_TYPE_CODE":"001","REPORT_TYPE":"2021年年报","PER_NETCASH_OPERATE":3.028151204154,"PER_OI":0.727224539062,"BPS":3.458183398633,"BASIC_EPS":0.1958,"DILUTED_EPS":0.1878,"OPERATE_INCOME":113871000,"OPERATE_INCOME_YOY":-35.3351051143,"GROSS_PROFIT":113871000,"GROSS_PROFIT_YOY":-35.335105114314,"HOLDER_PROFIT":30582000,"HOLDER_PROFIT_YOY":127.3929166443,"GROSS_PROFIT_RATIO":null,"EPS_TTM":0.1953085584,"OPERATE_INCOME_QOQ":-13.436364465662,"NET_PROFIT_RATIO":35.3197916941,"ROE_AVG":5.856898402481,"GROSS_PROFIT_QOQ":-13.436364465662,"ROA":2.825163558697,"HOLDER_PROFIT_QOQ":129.803241304708,"ROE_YEARLY":5.856898402481,"ROIC_YEARLY":3.444863540847,"TOTAL_ASSETS":796085000,"TOTAL_LIABILITIES":255028000,"TAX_EBT":30.389255239974,"OCF_SALES":416.398380623688,"TOTAL_PARENT_EQUITY":541057000,"DEBT_ASSET_RATIO":32.0352726154,"OPERATE_PROFIT":82630000,"PRETAX_PROFIT":57777000,"NETCASH_OPERATE":474157000,"NETCASH_INVEST":39096000,"NETCASH_FINANCE":-525067000,"END_CASH":83675000,"DIVI_RATIO":0.139198201158,"DIVIDEND_RATE":1.052631578947,"CURRENT_RATIO":2.380156667094,"COMMON_ACS":20000000000,"CURRENTDEBT_DEBT":67.276534341327,"ISSUED_COMMON_SHARES":156457000,"HK_COMMON_SHARES":156457000,"PER_SHARES":1000,"TOTAL_MARKET_CAP":445902450,"HKSK_MARKET_CAP":445902450,"PE_TTM":37.331839078367,"PB_TTM":0.709030078028,"REPORT_DATE_SQ":"2020-12-31 00:00:00","REPORT_TYPE_SQ":"2020年年报","OPERATE_INCOME_SQ":176094000,"DPS_HKD":0.03,"OPERATE_INCOME_QOQ_SQ":-21.257244043786,"NET_PROFIT_RATIO_SQ":-60.668165866,"HOLDER_PROFIT_SQ":-111642000,"HOLDER_PROFIT_QOQ_SQ":-396.651963649891,"ROE_AVG_SQ":-19.941537546453,"PE_TTM_SQ":31.759867278799,"PB_TTM_SQ":1.526565488289,"ROA_SQ":-7.250596358011,"START_DATE":"2021-01-01 00:00:00","FISCAL_YEAR":"12-31","CURRENCY":"HKD","IS_CNY_CODE":0,"DPS_HKD_LY":null,"ORG_TYPE":"一般企业","PREMIUM_INCOME":null,"PREMIUM_INCOME_YOY":null,"NET_INTEREST_INCOME":null,"NET_INTEREST_INCOME_YOY":null,"FEE_COMMISSION_INCOME":null,"FEE_COMMISSION_INCOME_YOY":null,"ACCOUNTS_RECE_TDAYS":null,"INVENTORY_TDAYS":null,"CURRENT_ASSETS_TDAYS":0.153470750918,"TOTAL_ASSETS_TDAYS":0.105193970176,"PREMIUM_EXPENSE":null,"LOAN_DEPOSIT":null,"LOAN_EQUITY":null,"LOAN_ASSETS":null,"DEPOSIT_EQUITY":null,"DEPOSIT_ASSETS":null,"EQUITY_MULTIPLIER":1.471351447261,"EQUITY_RATIO":0.47135144726},{"SECUCODE":"03848.HK","SECURITY_CODE":"03848","SECURITY_NAME_ABBR":"浩森金融科技","ORG_CODE":"10535001","STD_REPORT_DATE":"2021-06-30 00:00:00","REPORT_DATE":"2021-06-30 00:00:00","DATE_TYPE_CODE":"002","REPORT_TYPE":"2021年中报","PER_NETCASH_OPERATE":2.059948824174,"PER_OI":0.355915681735,"BPS":3.333133065315,"BASIC_EPS":0.1263,"DILUTED_EPS":0.1252,"OPERATE_INCOME":55499000,"OPERATE_INCOME_YOY":-44.527072276,"GROSS_PROFIT":55499000,"GROSS_PROFIT_YOY":-44.52707227603,"HOLDER_PROFIT":19646000,"HOLDER_PROFIT_YOY":85.0428557973,"GROSS_PROFIT_RATIO":null,"EPS_TTM":-0.658058268615,"OPERATE_INCOME_QOQ":-25.29785228344,"NET_PROFIT_RATIO":48.88736734,"ROE_AVG":3.834330982823,"GROSS_PROFIT_QOQ":-25.29785228344,"ROA":1.674600975984,"HOLDER_PROFIT_QOQ":8.087458125078,"ROE_YEARLY":7.668661965646,"ROIC_YEARLY":4.287090611324,"TOTAL_ASSETS":977463000,"TOTAL_LIABILITIES":280524000,"TAX_EBT":25.504516625024,"OCF_SALES":578.774392331393,"TOTAL_PARENT_EQUITY":521492000,"DEBT_ASSET_RATIO":28.6991937291,"OPERATE_PROFIT":50934000,"PRETAX_PROFIT":36421000,"NETCASH_OPERATE":321214000,"NETCASH_INVEST":38894000,"NETCASH_FINANCE":-432219000,"END_CASH":25060000,"DIVI_RATIO":-0.041313362808,"DIVIDEND_RATE":1.052631578947,"CURRENT_RATIO":2.670511931391,"COMMON_ACS":20000000000,"CURRENTDEBT_DEBT":72.989833311945,"ISSUED_COMMON_SHARES":156457000,"HK_COMMON_SHARES":156457000,"PER_SHARES":1000,"TOTAL_MARKET_CAP":445902450,"HKSK_MARKET_CAP":445902450,"PE_TTM":37.331839078367,"PB_TTM":0.709030078028,"REPORT_DATE_SQ":"2020-06-30 00:00:00","REPORT_TYPE_SQ":"2020年中报","OPERATE_INCOME_SQ":100047000,"DPS_HKD":0.03,"OPERATE_INCOME_QOQ_SQ":8.414495212701,"NET_PROFIT_RATIO_SQ":11.4416518387,"HOLDER_PROFIT_SQ":10617000,"HOLDER_PROFIT_QOQ_SQ":3.760683760684,"ROE_AVG_SQ":1.692940976682,"PE_TTM_SQ":31.759867278799,"PB_TTM_SQ":1.526565488289,"ROA_SQ":0.621611676253,"START_DATE":"2021-01-01 00:00:00","FISCAL_YEAR":"12-31","CURRENCY":"HKD","IS_CNY_CODE":0,"DPS_HKD_LY":null,"ORG_TYPE":"一般企业","PREMIUM_INCOME":null,"PREMIUM_INCOME_YOY":null,"NET_INTEREST_INCOME":null,"NET_INTEREST_INCOME_YOY":null,"FEE_COMMISSION_INCOME":null,"FEE_COMMISSION_INCOME_YOY":null,"ACCOUNTS_RECE_TDAYS":null,"INVENTORY_TDAYS":null,"CURRENT_ASSETS_TDAYS":0.068417234304,"TOTAL_ASSETS_TDAYS":0.047306667803,"PREMIUM_EXPENSE":null,"LOAN_DEPOSIT":null,"LOAN_EQUITY":null,"LOAN_ASSETS":null,"DEPOSIT_EQUITY":null,"DEPOSIT_ASSETS":null,"EQUITY_MULTIPLIER":1.402508684405,"EQUITY_RATIO":0.537925797519},{"SECUCODE":"03848.HK","SECURITY_CODE":"03848","SECURITY_NAME_ABBR":"浩森金融科技","ORG_CODE":"10535001","STD_REPORT_DATE":"2020-12-31 00:00:00","REPORT_DATE":"2020-12-31 00:00:00","DATE_TYPE_CODE":"001","REPORT_TYPE":"2020年年报","PER_NETCASH_OPERATE":3.352693813777,"PER_OI":1.132269825042,"BPS":3.216538729491,"BASIC_EPS":-0.7178,"DILUTED_EPS":-0.7178,"OPERATE_INCOME":176094000,"OPERATE_INCOME_YOY":-10.4380597812,"GROSS_PROFIT":176094000,"GROSS_PROFIT_YOY":-10.438059781199,"HOLDER_PROFIT":-111642000,"HOLDER_PROFIT_YOY":-407.8081058726,"GROSS_PROFIT_RATIO":null,"EPS_TTM":-0.717848806929,"OPERATE_INCOME_QOQ":-21.257244043786,"NET_PROFIT_RATIO":-60.668165866,"ROE_AVG":-19.941537546453,"GROSS_PROFIT_QOQ":-21.257244043786,"ROA":-7.250596358011,"HOLDER_PROFIT_QOQ":-396.651963649891,"ROE_YEARLY":-19.941537546453,"ROIC_YEARLY":-8.68909753384,"TOTAL_ASSETS":1368887000,"TOTAL_LIABILITIES":695011000,"TAX_EBT":24.222241137166,"OCF_SALES":296.10378547821,"TOTAL_PARENT_EQUITY":503250000,"DEBT_ASSET_RATIO":50.7719775263,"OPERATE_PROFIT":-85899000,"PRETAX_PROFIT":-140982000,"NETCASH_OPERATE":521421000,"NETCASH_INVEST":-97423000,"NETCASH_FINANCE":-365148000,"END_CASH":96171000,"DIVI_RATIO":-0.037872320379,"DIVIDEND_RATE":1.052631578947,"CURRENT_RATIO":2.025725295505,"COMMON_ACS":20000000000,"CURRENTDEBT_DEBT":76.39533762775,"ISSUED_COMMON_SHARES":156457000,"HK_COMMON_SHARES":156457000,"PER_SHARES":1000,"TOTAL_MARKET_CAP":445902450,"HKSK_MARKET_CAP":445902450,"PE_TTM":37.331839078367,"PB_TTM":0.709030078028,"REPORT_DATE_SQ":"2019-12-31 00:00:00","REPORT_TYPE_SQ":"2019年年报","OPERATE_INCOME_SQ":196617000,"DPS_HKD":0.03,"OPERATE_INCOME_QOQ_SQ":55.341597132271,"NET_PROFIT_RATIO_SQ":20.0528420797,"HOLDER_PROFIT_SQ":36270000,"HOLDER_PROFIT_QOQ_SQ":49.118118653127,"ROE_AVG_SQ":6.476276863961,"PE_TTM_SQ":31.759867278799,"PB_TTM_SQ":1.526565488289,"ROA_SQ":2.214287066109,"START_DATE":"2020-01-01 00:00:00","FISCAL_YEAR":"12-31","CURRENCY":"HKD","IS_CNY_CODE":0,"DPS_HKD_LY":0.05,"ORG_TYPE":"一般企业","PREMIUM_INCOME":null,"PREMIUM_INCOME_YOY":null,"NET_INTEREST_INCOME":null,"NET_INTEREST_INCOME_YOY":null,"FEE_COMMISSION_INCOME":null,"FEE_COMMISSION_INCOME_YOY":null,"ACCOUNTS_RECE_TDAYS":null,"INVENTORY_TDAYS":null,"CURRENT_ASSETS_TDAYS":0.144934168345,"TOTAL_ASSETS_TDAYS":0.114364353475,"PREMIUM_EXPENSE":null,"LOAN_DEPOSIT":null,"LOAN_EQUITY":null,"LOAN_ASSETS":null,"DEPOSIT_EQUITY":null,"DEPOSIT_ASSETS":null,"EQUITY_MULTIPLIER":2.031363336876,"EQUITY_RATIO":1.38104520616},{"SECUCODE":"03848.HK","SECURITY_CODE":"03848","SECURITY_NAME_ABBR":"浩森金融科技","ORG_CODE":"10535001","STD_REPORT_DATE":"2020-06-30 00:00:00","REPORT_DATE":"2020-06-30 00:00:00","DATE_TYPE_CODE":"002","REPORT_TYPE":"2020年中报","PER_NETCASH_OPERATE":0.467995087543,"PER_OI":0.643293917941,"BPS":4.076672823843,"BASIC_EPS":0.0683,"DILUTED_EPS":0.068,"OPERATE_INCOME":100047000,"OPERATE_INCOME_YOY":19.1690503275,"GROSS_PROFIT":100047000,"GROSS_PROFIT_YOY":10.49178879477,"HOLDER_PROFIT":10617000,"HOLDER_PROFIT_YOY":14.7411650276,"GROSS_PROFIT_RATIO":null,"EPS_TTM":0.241983500833,"OPERATE_INCOME_QOQ":8.414495212701,"NET_PROFIT_RATIO":11.4416518387,"ROE_AVG":1.692940976682,"GROSS_PROFIT_QOQ":8.414495212701,"ROA":0.621611676253,"HOLDER_PROFIT_QOQ":3.760683760684,"ROE_YEARLY":3.385881953364,"ROIC_YEARLY":1.45641955638,"TOTAL_ASSETS":1705320000,"TOTAL_LIABILITIES":887869000,"TAX_EBT":39.298883917597,"OCF_SALES":67.452550415184,"TOTAL_PARENT_EQUITY":637824000,"DEBT_ASSET_RATIO":52.0646564868,"OPERATE_PROFIT":75470000,"PRETAX_PROFIT":20339000,"NETCASH_OPERATE":72784000,"NETCASH_INVEST":19347000,"NETCASH_FINANCE":-50617000,"END_CASH":79670000,"DIVI_RATIO":0.112348982085,"DIVIDEND_RATE":1.052631578947,"CURRENT_RATIO":2.852725658686,"COMMON_ACS":20000000000,"CURRENTDEBT_DEBT":57.854706043347,"ISSUED_COMMON_SHARES":156457000,"HK_COMMON_SHARES":156457000,"PER_SHARES":1000,"TOTAL_MARKET_CAP":445902450,"HKSK_MARKET_CAP":445902450,"PE_TTM":37.331839078367,"PB_TTM":0.709030078028,"REPORT_DATE_SQ":"2019-06-30 00:00:00","REPORT_TYPE_SQ":"2019年中报","OPERATE_INCOME_SQ":90547000,"DPS_HKD":0.03,"OPERATE_INCOME_QOQ_SQ":59.896924596007,"NET_PROFIT_RATIO_SQ":14.4073239371,"HOLDER_PROFIT_SQ":9253000,"HOLDER_PROFIT_QOQ_SQ":2.884818747092,"ROE_AVG_SQ":1.7072632955,"PE_TTM_SQ":31.759867278799,"PB_TTM_SQ":1.526565488289,"ROA_SQ":0.573614774253,"START_DATE":"2020-01-01 00:00:00","FISCAL_YEAR":"12-31","CURRENCY":"HKD","IS_CNY_CODE":0,"DPS_HKD_LY":0.05,"ORG_TYPE":"一般企业","PREMIUM_INCOME":null,"PREMIUM_INCOME_YOY":null,"NET_INTEREST_INCOME":null,"NET_INTEREST_INCOME_YOY":null,"FEE_COMMISSION_INCOME":null,"FEE_COMMISSION_INCOME_YOY":null,"ACCOUNTS_RECE_TDAYS":null,"INVENTORY_TDAYS":null,"CURRENT_ASSETS_TDAYS":0.076533467433,"TOTAL_ASSETS_TDAYS":0.063176402293,"PREMIUM_EXPENSE":null,"LOAN_DEPOSIT":null,"LOAN_EQUITY":null,"LOAN_ASSETS":null,"DEPOSIT_EQUITY":null,"DEPOSIT_ASSETS":null,"EQUITY_MULTIPLIER":2.086143389636,"EQUITY_RATIO":1.392028208409}],"count":21},"success":true,"message":"ok","code":0}