{"version":"2118b5cc0668071e4788a697753345aa","result":{"pages":5,"data":[{"SECUCODE":"03866.HK","SECURITY_CODE":"03866","SECURITY_NAME_ABBR":"青岛银行","ORG_CODE":"10030726","STD_REPORT_DATE":"2024-09-30 00:00:00","REPORT_DATE":"2024-09-30 00:00:00","DATE_TYPE_CODE":"004","REPORT_TYPE":"2024年三季报","PER_NETCASH_OPERATE":3.960287146238,"PER_OI":1.786603307376,"BPS":6.222622798342,"BASIC_EPS":0.55,"DILUTED_EPS":0.55,"OPERATE_INCOME":10398665000,"OPERATE_INCOME_YOY":7.1785228718,"GROSS_PROFIT":null,"GROSS_PROFIT_YOY":null,"HOLDER_PROFIT":3454928000,"HOLDER_PROFIT_YOY":15.5982223935,"GROSS_PROFIT_RATIO":null,"EPS_TTM":0.689784246903,"OPERATE_INCOME_QOQ":0.303991045135,"NET_PROFIT_RATIO":34.2370775479,"ROE_AVG":8.459916191949,"GROSS_PROFIT_QOQ":null,"ROA":0.541114569937,"HOLDER_PROFIT_QOQ":4.177084922669,"ROE_YEARLY":11.279888255931,"ROIC_YEARLY":0.576634495611,"TOTAL_ASSETS":668981907000,"TOTAL_LIABILITIES":625436134000,"TAX_EBT":15.218661710887,"OCF_SALES":221.665723436614,"TOTAL_PARENT_EQUITY":42613655000,"DEBT_ASSET_RATIO":93.4907398026,"OPERATE_PROFIT":4199272000,"PRETAX_PROFIT":4199272000,"NETCASH_OPERATE":23050276000,"NETCASH_INVEST":-5177220000,"NETCASH_FINANCE":-4674714000,"END_CASH":28776910000,"DIVI_RATIO":0.230975765445,"DIVIDEND_RATE":5.409569230769,"CURRENT_RATIO":null,"COMMON_ACS":null,"CURRENTDEBT_DEBT":null,"ISSUED_COMMON_SHARES":5820354724,"HK_COMMON_SHARES":2291945474,"PER_SHARES":500,"TOTAL_MARKET_CAP":18916152853,"HKSK_MARKET_CAP":7448822790.5,"PE_TTM":4.21295583087,"PB_TTM":0.470993919281,"REPORT_DATE_SQ":"2023-09-30 00:00:00","REPORT_TYPE_SQ":"2023年三季报","OPERATE_INCOME_SQ":9702191000,"DPS_HKD":0.175811,"OPERATE_INCOME_QOQ_SQ":0.162354516482,"NET_PROFIT_RATIO_SQ":31.8438793877,"HOLDER_PROFIT_SQ":2988738000,"HOLDER_PROFIT_QOQ_SQ":2.248562094348,"ROE_AVG_SQ":8.061855089465,"PE_TTM_SQ":3.092886084578,"PB_TTM_SQ":0.341198026729,"ROA_SQ":0.538124250944,"START_DATE":"2024-01-01 00:00:00","FISCAL_YEAR":"12-31","CURRENCY":"HKD","IS_CNY_CODE":0,"DPS_HKD_LY":0.175811,"ORG_TYPE":"银行","PREMIUM_INCOME":null,"PREMIUM_INCOME_YOY":null,"NET_INTEREST_INCOME":7266640000,"NET_INTEREST_INCOME_YOY":5.579944773737,"FEE_COMMISSION_INCOME":1276674000,"FEE_COMMISSION_INCOME_YOY":null,"ACCOUNTS_RECE_TDAYS":null,"INVENTORY_TDAYS":null,"CURRENT_ASSETS_TDAYS":null,"TOTAL_ASSETS_TDAYS":0.016286501888,"PREMIUM_EXPENSE":null,"LOAN_DEPOSIT":77.515165969221,"LOAN_EQUITY":7.819195952728,"LOAN_ASSETS":50.897180990576,"DEPOSIT_EQUITY":10.087311115134,"DEPOSIT_ASSETS":65.660932740293,"EQUITY_MULTIPLIER":15.362728938066,"EQUITY_RATIO":14.676894859171},{"SECUCODE":"03866.HK","SECURITY_CODE":"03866","SECURITY_NAME_ABBR":"青岛银行","ORG_CODE":"10030726","STD_REPORT_DATE":"2024-06-30 00:00:00","REPORT_DATE":"2024-06-30 00:00:00","DATE_TYPE_CODE":"002","REPORT_TYPE":"2024年中报","PER_NETCASH_OPERATE":0.836838342501,"PER_OI":1.207374349715,"BPS":6.11004684188,"BASIC_EPS":0.45,"DILUTED_EPS":0.45,"OPERATE_INCOME":7027347000,"OPERATE_INCOME_YOY":10.3053755636,"GROSS_PROFIT":null,"GROSS_PROFIT_YOY":null,"HOLDER_PROFIT":2640917000,"HOLDER_PROFIT_YOY":13.0672807856,"GROSS_PROFIT_RATIO":null,"EPS_TTM":0.662126654259,"OPERATE_INCOME_QOQ":0.440495528035,"NET_PROFIT_RATIO":38.5833231232,"ROE_AVG":6.518982993855,"GROSS_PROFIT_QOQ":null,"ROA":0.418525611306,"HOLDER_PROFIT_QOQ":3.620272060848,"ROE_YEARLY":13.037965987711,"ROIC_YEARLY":0.893073461642,"TOTAL_ASSETS":654024373000,"TOTAL_LIABILITIES":611168636000,"TAX_EBT":16.140445942218,"OCF_SALES":69.310594737957,"TOTAL_PARENT_EQUITY":41958423000,"DEBT_ASSET_RATIO":93.4473792156,"OPERATE_PROFIT":3233244000,"PRETAX_PROFIT":3233244000,"NETCASH_OPERATE":4870696000,"NETCASH_INVEST":7870690000,"NETCASH_FINANCE":1380424000,"END_CASH":29717434000,"DIVI_RATIO":0.240623819318,"DIVIDEND_RATE":6.416459854015,"CURRENT_RATIO":null,"COMMON_ACS":null,"CURRENTDEBT_DEBT":null,"ISSUED_COMMON_SHARES":5820354724,"HK_COMMON_SHARES":2291945474,"PER_SHARES":500,"TOTAL_MARKET_CAP":15947771943.76,"HKSK_MARKET_CAP":6279930598.76,"PE_TTM":3.551845838949,"PB_TTM":0.397084104256,"REPORT_DATE_SQ":"2023-06-30 00:00:00","REPORT_TYPE_SQ":"2023年中报","OPERATE_INCOME_SQ":6370811000,"DPS_HKD":0.175811,"OPERATE_INCOME_QOQ_SQ":-2.081129022736,"NET_PROFIT_RATIO_SQ":37.7901023904,"HOLDER_PROFIT_SQ":2335704000,"HOLDER_PROFIT_QOQ_SQ":6.015018839027,"ROE_AVG_SQ":6.333679018147,"PE_TTM_SQ":3.017080053093,"PB_TTM_SQ":0.332835329995,"ROA_SQ":0.425441221631,"START_DATE":"2024-01-01 00:00:00","FISCAL_YEAR":"12-31","CURRENCY":"HKD","IS_CNY_CODE":0,"DPS_HKD_LY":0.175811,"ORG_TYPE":"银行","PREMIUM_INCOME":null,"PREMIUM_INCOME_YOY":null,"NET_INTEREST_INCOME":4778993000,"NET_INTEREST_INCOME_YOY":5.978208684017,"FEE_COMMISSION_INCOME":931139000,"FEE_COMMISSION_INCOME_YOY":null,"ACCOUNTS_RECE_TDAYS":null,"INVENTORY_TDAYS":null,"CURRENT_ASSETS_TDAYS":null,"TOTAL_ASSETS_TDAYS":0.011136755525,"PREMIUM_EXPENSE":null,"LOAN_DEPOSIT":78.555325746804,"LOAN_EQUITY":7.731863927576,"LOAN_ASSETS":50.663972273706,"DEPOSIT_EQUITY":9.842571275813,"DEPOSIT_ASSETS":64.49463711347,"EQUITY_MULTIPLIER":15.261069317192,"EQUITY_RATIO":14.566053543051},{"SECUCODE":"03866.HK","SECURITY_CODE":"03866","SECURITY_NAME_ABBR":"青岛银行","ORG_CODE":"10030726","STD_REPORT_DATE":"2024-03-31 00:00:00","REPORT_DATE":"2024-03-31 00:00:00","DATE_TYPE_CODE":"003","REPORT_TYPE":"2024年一季报","PER_NETCASH_OPERATE":-0.719954057563,"PER_OI":0.63366893856,"BPS":5.898687559099,"BASIC_EPS":0.19,"DILUTED_EPS":0.19,"OPERATE_INCOME":3688178000,"OPERATE_INCOME_YOY":19.3871024129,"GROSS_PROFIT":null,"GROSS_PROFIT_YOY":null,"HOLDER_PROFIT":1080635000,"HOLDER_PROFIT_YOY":18.7424868086,"GROSS_PROFIT_RATIO":null,"EPS_TTM":0.638993356309,"OPERATE_INCOME_QOQ":4.79850298257,"NET_PROFIT_RATIO":30.3628783643,"ROE_AVG":2.708623963332,"GROSS_PROFIT_QOQ":null,"ROA":0.175562295464,"HOLDER_PROFIT_QOQ":4.806657500608,"ROE_YEARLY":10.834495853328,"ROIC_YEARLY":0.741857884502,"TOTAL_ASSETS":623070530000,"TOTAL_LIABILITIES":581427787000,"TAX_EBT":14.345735632465,"OCF_SALES":-113.616750601517,"TOTAL_PARENT_EQUITY":40728237000,"DEBT_ASSET_RATIO":93.3165282267,"OPERATE_PROFIT":1307392000,"PRETAX_PROFIT":1307392000,"NETCASH_OPERATE":-4190388000,"NETCASH_INVEST":5410740000,"NETCASH_FINANCE":1764486000,"END_CASH":18580681000,"DIVI_RATIO":0.249335056221,"DIVIDEND_RATE":6.416459854015,"CURRENT_RATIO":null,"COMMON_ACS":null,"CURRENTDEBT_DEBT":null,"ISSUED_COMMON_SHARES":5820354724,"HK_COMMON_SHARES":2291945474,"PER_SHARES":500,"TOTAL_MARKET_CAP":15947771943.76,"HKSK_MARKET_CAP":6279930598.76,"PE_TTM":3.551845838949,"PB_TTM":0.397084104256,"REPORT_DATE_SQ":"2023-03-31 00:00:00","REPORT_TYPE_SQ":"2023年一季报","OPERATE_INCOME_SQ":3089260000,"DPS_HKD":0.175811,"OPERATE_INCOME_QOQ_SQ":3.523392697645,"NET_PROFIT_RATIO_SQ":30.6602552067,"HOLDER_PROFIT_SQ":910066000,"HOLDER_PROFIT_QOQ_SQ":4.035228000746,"ROE_AVG_SQ":2.509146658236,"PE_TTM_SQ":3.017080053093,"PB_TTM_SQ":0.332835329995,"ROA_SQ":0.168234580274,"START_DATE":"2024-01-01 00:00:00","FISCAL_YEAR":"12-31","CURRENCY":"HKD","IS_CNY_CODE":0,"DPS_HKD_LY":0.175811,"ORG_TYPE":"银行","PREMIUM_INCOME":null,"PREMIUM_INCOME_YOY":null,"NET_INTEREST_INCOME":2366896000,"NET_INTEREST_INCOME_YOY":7.703774757713,"FEE_COMMISSION_INCOME":530598000,"FEE_COMMISSION_INCOME_YOY":null,"ACCOUNTS_RECE_TDAYS":null,"INVENTORY_TDAYS":null,"CURRENT_ASSETS_TDAYS":null,"TOTAL_ASSETS_TDAYS":0.005991893616,"PREMIUM_EXPENSE":null,"LOAN_DEPOSIT":80.666912215417,"LOAN_EQUITY":7.751351946244,"LOAN_ASSETS":51.805941937264,"DEPOSIT_EQUITY":9.609084732963,"DEPOSIT_ASSETS":64.222046579542,"EQUITY_MULTIPLIER":14.962283584333,"EQUITY_RATIO":14.275790700197},{"SECUCODE":"03866.HK","SECURITY_CODE":"03866","SECURITY_NAME_ABBR":"青岛银行","ORG_CODE":"10030726","STD_REPORT_DATE":"2023-12-31 00:00:00","REPORT_DATE":"2023-12-31 00:00:00","DATE_TYPE_CODE":"001","REPORT_TYPE":"2023年年报","PER_NETCASH_OPERATE":1.741634398708,"PER_OI":2.144431326244,"BPS":5.612743131496,"BASIC_EPS":0.57,"DILUTED_EPS":0.57,"OPERATE_INCOME":12481351000,"OPERATE_INCOME_YOY":7.1429117141,"GROSS_PROFIT":null,"GROSS_PROFIT_YOY":null,"HOLDER_PROFIT":3548599000,"HOLDER_PROFIT_YOY":15.1105416386,"GROSS_PROFIT_RATIO":null,"EPS_TTM":0.609687754145,"OPERATE_INCOME_QOQ":5.524675643973,"NET_PROFIT_RATIO":29.4152451926,"ROE_AVG":9.478063848905,"GROSS_PROFIT_QOQ":null,"ROA":0.623874997173,"HOLDER_PROFIT_QOQ":2.072809810452,"ROE_YEARLY":9.478063848905,"ROIC_YEARLY":0.658930671218,"TOTAL_ASSETS":607985372000,"TOTAL_LIABILITIES":568046129000,"TAX_EBT":6.660324396444,"OCF_SALES":81.216608682826,"TOTAL_PARENT_EQUITY":39063939000,"DEBT_ASSET_RATIO":93.4308875116,"OPERATE_PROFIT":3933397000,"PRETAX_PROFIT":3933397000,"NETCASH_OPERATE":10136930000,"NETCASH_INVEST":-17053561000,"NETCASH_FINANCE":10992295000,"END_CASH":15596772000,"DIVI_RATIO":0.261319738402,"DIVIDEND_RATE":6.416459854015,"CURRENT_RATIO":null,"COMMON_ACS":null,"CURRENTDEBT_DEBT":null,"ISSUED_COMMON_SHARES":5820354724,"HK_COMMON_SHARES":2291945474,"PER_SHARES":500,"TOTAL_MARKET_CAP":15947771943.76,"HKSK_MARKET_CAP":6279930598.76,"PE_TTM":3.551845838949,"PB_TTM":0.397084104256,"REPORT_DATE_SQ":"2022-12-31 00:00:00","REPORT_TYPE_SQ":"2022年年报","OPERATE_INCOME_SQ":11649255000,"DPS_HKD":0.175811,"OPERATE_INCOME_QOQ_SQ":-6.628958383829,"NET_PROFIT_RATIO_SQ":27.1907946045,"HOLDER_PROFIT_SQ":3082775000,"HOLDER_PROFIT_QOQ_SQ":-0.530424810936,"ROE_AVG_SQ":9.007139869953,"PE_TTM_SQ":3.017080053093,"PB_TTM_SQ":0.332835329995,"ROA_SQ":0.586154895775,"START_DATE":"2023-01-01 00:00:00","FISCAL_YEAR":"12-31","CURRENCY":"HKD","IS_CNY_CODE":0,"DPS_HKD_LY":0.1772519,"ORG_TYPE":"银行","PREMIUM_INCOME":null,"PREMIUM_INCOME_YOY":null,"NET_INTEREST_INCOME":9281969000,"NET_INTEREST_INCOME_YOY":11.988626396152,"FEE_COMMISSION_INCOME":1586519000,"FEE_COMMISSION_INCOME_YOY":null,"ACCOUNTS_RECE_TDAYS":null,"INVENTORY_TDAYS":null,"CURRENT_ASSETS_TDAYS":null,"TOTAL_ASSETS_TDAYS":0.021943315714,"PREMIUM_EXPENSE":null,"LOAN_DEPOSIT":77.633246844021,"LOAN_EQUITY":7.687029796734,"LOAN_ASSETS":50.496963436811,"DEPOSIT_EQUITY":9.901723951052,"DEPOSIT_ASSETS":65.045538464041,"EQUITY_MULTIPLIER":15.222756525571,"EQUITY_RATIO":14.541445218824},{"SECUCODE":"03866.HK","SECURITY_CODE":"03866","SECURITY_NAME_ABBR":"青岛银行","ORG_CODE":"10030726","STD_REPORT_DATE":"2023-09-30 00:00:00","REPORT_DATE":"2023-09-30 00:00:00","DATE_TYPE_CODE":"004","REPORT_TYPE":"2023年三季报","PER_NETCASH_OPERATE":1.353080245698,"PER_OI":1.666941528494,"BPS":5.486447908119,"BASIC_EPS":0.47,"DILUTED_EPS":0.47,"OPERATE_INCOME":9702191000,"OPERATE_INCOME_YOY":1.8758030096,"GROSS_PROFIT":null,"GROSS_PROFIT_YOY":null,"HOLDER_PROFIT":2988738000,"HOLDER_PROFIT_YOY":15.1740131701,"GROSS_PROFIT_RATIO":null,"EPS_TTM":0.597306721816,"OPERATE_INCOME_QOQ":0.162354516482,"NET_PROFIT_RATIO":31.8438793877,"ROE_AVG":8.061855089465,"GROSS_PROFIT_QOQ":null,"ROA":0.538124250944,"HOLDER_PROFIT_QOQ":2.248562094348,"ROE_YEARLY":10.749140119286,"ROIC_YEARLY":0.571053348055,"TOTAL_ASSETS":581184488000,"TOTAL_LIABILITIES":541977833000,"TAX_EBT":11.653246411217,"OCF_SALES":81.171428185654,"TOTAL_PARENT_EQUITY":38328856000,"DEBT_ASSET_RATIO":93.2540086996,"OPERATE_PROFIT":3497077000,"PRETAX_PROFIT":3497077000,"NETCASH_OPERATE":7875407000,"NETCASH_INVEST":-5573074000,"NETCASH_FINANCE":4292856000,"END_CASH":18127361000,"DIVI_RATIO":0.266736399576,"DIVIDEND_RATE":6.416459854015,"CURRENT_RATIO":null,"COMMON_ACS":null,"CURRENTDEBT_DEBT":null,"ISSUED_COMMON_SHARES":5820354724,"HK_COMMON_SHARES":2291945474,"PER_SHARES":500,"TOTAL_MARKET_CAP":15947771943.76,"HKSK_MARKET_CAP":6279930598.76,"PE_TTM":3.551845838949,"PB_TTM":0.397084104256,"REPORT_DATE_SQ":"2022-09-30 00:00:00","REPORT_TYPE_SQ":"2022年三季报","OPERATE_INCOME_SQ":9523548000,"DPS_HKD":0.175811,"OPERATE_INCOME_QOQ_SQ":3.773215634506,"NET_PROFIT_RATIO_SQ":27.9418027819,"HOLDER_PROFIT_SQ":2594976000,"HOLDER_PROFIT_QOQ_SQ":-1.407839555599,"ROE_AVG_SQ":7.537689120953,"PE_TTM_SQ":3.017080053093,"PB_TTM_SQ":0.332835329995,"ROA_SQ":0.492630308666,"START_DATE":"2023-01-01 00:00:00","FISCAL_YEAR":"12-31","CURRENCY":"HKD","IS_CNY_CODE":0,"DPS_HKD_LY":0.1772519,"ORG_TYPE":"银行","PREMIUM_INCOME":null,"PREMIUM_INCOME_YOY":null,"NET_INTEREST_INCOME":6882595000,"NET_INTEREST_INCOME_YOY":12.380640589384,"FEE_COMMISSION_INCOME":1337739000,"FEE_COMMISSION_INCOME_YOY":null,"ACCOUNTS_RECE_TDAYS":null,"INVENTORY_TDAYS":null,"CURRENT_ASSETS_TDAYS":null,"TOTAL_ASSETS_TDAYS":0.017468858978,"PREMIUM_EXPENSE":null,"LOAN_DEPOSIT":77.899367180126,"LOAN_EQUITY":7.705807164625,"LOAN_ASSETS":51.983308095449,"DEPOSIT_EQUITY":9.892002263391,"DEPOSIT_ASSETS":66.731361212793,"EQUITY_MULTIPLIER":14.823618286325,"EQUITY_RATIO":14.140203741014},{"SECUCODE":"03866.HK","SECURITY_CODE":"03866","SECURITY_NAME_ABBR":"青岛银行","ORG_CODE":"10030726","STD_REPORT_DATE":"2023-06-30 00:00:00","REPORT_DATE":"2023-06-30 00:00:00","DATE_TYPE_CODE":"002","REPORT_TYPE":"2023年中报","PER_NETCASH_OPERATE":0.858551623906,"PER_OI":1.094574351926,"BPS":5.419421065512,"BASIC_EPS":0.4,"DILUTED_EPS":0.4,"OPERATE_INCOME":6370811000,"OPERATE_INCOME_YOY":2.5674170147,"GROSS_PROFIT":null,"GROSS_PROFIT_YOY":null,"HOLDER_PROFIT":2335704000,"HOLDER_PROFIT_YOY":15.7208574139,"GROSS_PROFIT_RATIO":null,"EPS_TTM":0.584171268115,"OPERATE_INCOME_QOQ":-2.081129022736,"NET_PROFIT_RATIO":37.7901023904,"ROE_AVG":6.333679018147,"GROSS_PROFIT_QOQ":null,"ROA":0.425441221631,"HOLDER_PROFIT_QOQ":6.015018839027,"ROE_YEARLY":12.667358036293,"ROIC_YEARLY":0.895508316145,"TOTAL_ASSETS":568400907000,"TOTAL_LIABILITIES":529613356000,"TAX_EBT":13.593891260211,"OCF_SALES":78.437031015361,"TOTAL_PARENT_EQUITY":37938736000,"DEBT_ASSET_RATIO":93.1760223247,"OPERATE_PROFIT":2786303000,"PRETAX_PROFIT":2786303000,"NETCASH_OPERATE":4997075000,"NETCASH_INVEST":-3873245000,"NETCASH_FINANCE":-2540675000,"END_CASH":10113817000,"DIVI_RATIO":0.272734133149,"DIVIDEND_RATE":6.416459854015,"CURRENT_RATIO":null,"COMMON_ACS":null,"CURRENTDEBT_DEBT":null,"ISSUED_COMMON_SHARES":5820354724,"HK_COMMON_SHARES":2291945474,"PER_SHARES":500,"TOTAL_MARKET_CAP":15947771943.76,"HKSK_MARKET_CAP":6279930598.76,"PE_TTM":3.551845838949,"PB_TTM":0.397084104256,"REPORT_DATE_SQ":"2022-06-30 00:00:00","REPORT_TYPE_SQ":"2022年中报","OPERATE_INCOME_SQ":6211340000,"DPS_HKD":0.175811,"OPERATE_INCOME_QOQ_SQ":9.536602449797,"NET_PROFIT_RATIO_SQ":33.1705235907,"HOLDER_PROFIT_SQ":2018395000,"HOLDER_PROFIT_QOQ_SQ":2.629609726125,"ROE_AVG_SQ":5.731355775955,"PE_TTM_SQ":3.017080053093,"PB_TTM_SQ":0.332835329995,"ROA_SQ":0.381311513696,"START_DATE":"2023-01-01 00:00:00","FISCAL_YEAR":"12-31","CURRENCY":"HKD","IS_CNY_CODE":0,"DPS_HKD_LY":0.1772519,"ORG_TYPE":"银行","PREMIUM_INCOME":null,"PREMIUM_INCOME_YOY":null,"NET_INTEREST_INCOME":4509411000,"NET_INTEREST_INCOME_YOY":13.451437197308,"FEE_COMMISSION_INCOME":940033000,"FEE_COMMISSION_INCOME_YOY":null,"ACCOUNTS_RECE_TDAYS":null,"INVENTORY_TDAYS":null,"CURRENT_ASSETS_TDAYS":null,"TOTAL_ASSETS_TDAYS":0.011604234161,"PREMIUM_EXPENSE":null,"LOAN_DEPOSIT":78.005677887819,"LOAN_EQUITY":7.596663939933,"LOAN_ASSETS":51.839465133014,"DEPOSIT_EQUITY":9.738603837092,"DEPOSIT_ASSETS":66.456015173107,"EQUITY_MULTIPLIER":14.654209723159,"EQUITY_RATIO":13.959699553512},{"SECUCODE":"03866.HK","SECURITY_CODE":"03866","SECURITY_NAME_ABBR":"青岛银行","ORG_CODE":"10030726","STD_REPORT_DATE":"2023-03-31 00:00:00","REPORT_DATE":"2023-03-31 00:00:00","DATE_TYPE_CODE":"003","REPORT_TYPE":"2023年一季报","PER_NETCASH_OPERATE":1.019019506757,"PER_OI":0.530768337411,"BPS":5.210642209648,"BASIC_EPS":0.16,"DILUTED_EPS":0.16,"OPERATE_INCOME":3089260000,"OPERATE_INCOME_YOY":15.3220589284,"GROSS_PROFIT":null,"GROSS_PROFIT_YOY":null,"HOLDER_PROFIT":910066000,"HOLDER_PROFIT_YOY":15.833258026,"GROSS_PROFIT_RATIO":null,"EPS_TTM":0.551026896484,"OPERATE_INCOME_QOQ":3.523392697645,"NET_PROFIT_RATIO":30.6602552067,"ROE_AVG":2.509146658236,"GROSS_PROFIT_QOQ":null,"ROA":0.168234580274,"HOLDER_PROFIT_QOQ":4.035228000746,"ROE_YEARLY":10.036586632945,"ROIC_YEARLY":0.711898136259,"TOTAL_ASSETS":552287242000,"TOTAL_LIABILITIES":514749581000,"TAX_EBT":9.324105949614,"OCF_SALES":191.989505577388,"TOTAL_PARENT_EQUITY":36723569000,"DEBT_ASSET_RATIO":93.2032358988,"OPERATE_PROFIT":1044572000,"PRETAX_PROFIT":1044572000,"NETCASH_OPERATE":5931055000,"NETCASH_INVEST":-503604000,"NETCASH_FINANCE":-739025000,"END_CASH":16180501000,"DIVI_RATIO":0.289139142638,"DIVIDEND_RATE":6.416459854015,"CURRENT_RATIO":null,"COMMON_ACS":null,"CURRENTDEBT_DEBT":null,"ISSUED_COMMON_SHARES":5820354724,"HK_COMMON_SHARES":2291945474,"PER_SHARES":500,"TOTAL_MARKET_CAP":15947771943.76,"HKSK_MARKET_CAP":6279930598.76,"PE_TTM":3.551845838949,"PB_TTM":0.397084104256,"REPORT_DATE_SQ":"2022-03-31 00:00:00","REPORT_TYPE_SQ":"2022年一季报","OPERATE_INCOME_SQ":2678811000,"DPS_HKD":0.175811,"OPERATE_INCOME_QOQ_SQ":-1.458390736241,"NET_PROFIT_RATIO_SQ":29.7446516384,"HOLDER_PROFIT_SQ":785669000,"HOLDER_PROFIT_QOQ_SQ":4.799114780214,"ROE_AVG_SQ":2.240463488828,"PE_TTM_SQ":3.017080053093,"PB_TTM_SQ":0.332835329995,"ROA_SQ":0.149726019397,"START_DATE":"2023-01-01 00:00:00","FISCAL_YEAR":"12-31","CURRENCY":"HKD","IS_CNY_CODE":0,"DPS_HKD_LY":0.1772519,"ORG_TYPE":"银行","PREMIUM_INCOME":null,"PREMIUM_INCOME_YOY":null,"NET_INTEREST_INCOME":2197598000,"NET_INTEREST_INCOME_YOY":14.674677620676,"FEE_COMMISSION_INCOME":474576000,"FEE_COMMISSION_INCOME_YOY":null,"ACCOUNTS_RECE_TDAYS":null,"INVENTORY_TDAYS":null,"CURRENT_ASSETS_TDAYS":null,"TOTAL_ASSETS_TDAYS":0.005710798552,"PREMIUM_EXPENSE":null,"LOAN_DEPOSIT":78.638556596737,"LOAN_EQUITY":7.64486612525,"LOAN_ASSETS":51.960351638903,"DEPOSIT_EQUITY":9.721523964959,"DEPOSIT_ASSETS":66.074905094404,"EQUITY_MULTIPLIER":14.71288373571,"EQUITY_RATIO":14.016872406928},{"SECUCODE":"03866.HK","SECURITY_CODE":"03866","SECURITY_NAME_ABBR":"青岛银行","ORG_CODE":"10030726","STD_REPORT_DATE":"2022-12-31 00:00:00","REPORT_DATE":"2022-12-31 00:00:00","DATE_TYPE_CODE":"001","REPORT_TYPE":"2022年年报","PER_NETCASH_OPERATE":-0.28773589917,"PER_OI":2.001468218417,"BPS":5.054765627718,"BASIC_EPS":0.45,"DILUTED_EPS":0.45,"OPERATE_INCOME":11649255000,"OPERATE_INCOME_YOY":4.5866842491,"GROSS_PROFIT":null,"GROSS_PROFIT_YOY":null,"HOLDER_PROFIT":3082775000,"HOLDER_PROFIT_YOY":5.4782554546,"GROSS_PROFIT_RATIO":null,"EPS_TTM":0.529654144152,"OPERATE_INCOME_QOQ":-6.628958383829,"NET_PROFIT_RATIO":27.1907946045,"ROE_AVG":9.007139869953,"GROSS_PROFIT_QOQ":null,"ROA":0.586154895775,"HOLDER_PROFIT_QOQ":-0.530424810936,"ROE_YEARLY":9.007139869953,"ROIC_YEARLY":0.636064572285,"TOTAL_ASSETS":529613992000,"TOTAL_LIABILITIES":493020697000,"TAX_EBT":-1.006582037584,"OCF_SALES":-14.376241227443,"TOTAL_PARENT_EQUITY":35816312000,"DEBT_ASSET_RATIO":93.0905724636,"OPERATE_PROFIT":3135959000,"PRETAX_PROFIT":3135959000,"NETCASH_OPERATE":-1674725000,"NETCASH_INVEST":-10266728000,"NETCASH_FINANCE":-19448920000,"END_CASH":11508997000,"DIVI_RATIO":0.300806566283,"DIVIDEND_RATE":6.416459854015,"CURRENT_RATIO":null,"COMMON_ACS":null,"CURRENTDEBT_DEBT":null,"ISSUED_COMMON_SHARES":5820354724,"HK_COMMON_SHARES":2291945474,"PER_SHARES":500,"TOTAL_MARKET_CAP":15947771943.76,"HKSK_MARKET_CAP":6279930598.76,"PE_TTM":3.551845838949,"PB_TTM":0.397084104256,"REPORT_DATE_SQ":"2021-12-31 00:00:00","REPORT_TYPE_SQ":"2021年年报","OPERATE_INCOME_SQ":11138373000,"DPS_HKD":0.175811,"OPERATE_INCOME_QOQ_SQ":8.174064869051,"NET_PROFIT_RATIO_SQ":26.8729822569,"HOLDER_PROFIT_SQ":2922664000,"HOLDER_PROFIT_QOQ_SQ":4.204008054901,"ROE_AVG_SQ":9.28999658284,"PE_TTM_SQ":3.017080053093,"PB_TTM_SQ":0.332835329995,"ROA_SQ":0.595200449692,"START_DATE":"2022-01-01 00:00:00","FISCAL_YEAR":"12-31","CURRENCY":"HKD","IS_CNY_CODE":0,"DPS_HKD_LY":0.189006,"ORG_TYPE":"银行","PREMIUM_INCOME":null,"PREMIUM_INCOME_YOY":null,"NET_INTEREST_INCOME":8288314000,"NET_INTEREST_INCOME_YOY":8.405970734897,"FEE_COMMISSION_INCOME":1445130000,"FEE_COMMISSION_INCOME_YOY":null,"ACCOUNTS_RECE_TDAYS":null,"INVENTORY_TDAYS":null,"CURRENT_ASSETS_TDAYS":null,"TOTAL_ASSETS_TDAYS":0.022149744468,"PREMIUM_EXPENSE":null,"LOAN_DEPOSIT":77.8497039163,"LOAN_EQUITY":7.404380611257,"LOAN_ASSETS":51.160031285578,"DEPOSIT_EQUITY":9.511122379113,"DEPOSIT_ASSETS":65.716410868541,"EQUITY_MULTIPLIER":14.472979052633,"EQUITY_RATIO":13.765255814166},{"SECUCODE":"03866.HK","SECURITY_CODE":"03866","SECURITY_NAME_ABBR":"青岛银行","ORG_CODE":"10030726","STD_REPORT_DATE":"2022-09-30 00:00:00","REPORT_DATE":"2022-09-30 00:00:00","DATE_TYPE_CODE":"004","REPORT_TYPE":"2022年三季报","PER_NETCASH_OPERATE":-4.519263901827,"PER_OI":1.636248725654,"BPS":5.123756268158,"BASIC_EPS":0.37,"DILUTED_EPS":0.37,"OPERATE_INCOME":9523548000,"OPERATE_INCOME_YOY":16.3449010624,"GROSS_PROFIT":null,"GROSS_PROFIT_YOY":null,"HOLDER_PROFIT":2594976000,"HOLDER_PROFIT_YOY":7.3002026938,"GROSS_PROFIT_RATIO":null,"EPS_TTM":0.532478542454,"OPERATE_INCOME_QOQ":3.773215634506,"NET_PROFIT_RATIO":27.9418027819,"ROE_AVG":7.537689120953,"GROSS_PROFIT_QOQ":null,"ROA":0.492630308666,"HOLDER_PROFIT_QOQ":-1.407839555599,"ROE_YEARLY":10.050252161271,"ROIC_YEARLY":0.534979347725,"TOTAL_ASSETS":531269004000,"TOTAL_LIABILITIES":494292834000,"TAX_EBT":5.652381247839,"OCF_SALES":-276.196633859566,"TOTAL_PARENT_EQUITY":36217862000,"DEBT_ASSET_RATIO":93.0400287384,"OPERATE_PROFIT":2820475000,"PRETAX_PROFIT":2820475000,"NETCASH_OPERATE":-26303719000,"NETCASH_INVEST":-1537485000,"NETCASH_FINANCE":-448880000,"END_CASH":14649511000,"DIVI_RATIO":0.299211013623,"DIVIDEND_RATE":6.416459854015,"CURRENT_RATIO":null,"COMMON_ACS":null,"CURRENTDEBT_DEBT":null,"ISSUED_COMMON_SHARES":5820354724,"HK_COMMON_SHARES":2291945474,"PER_SHARES":500,"TOTAL_MARKET_CAP":15947771943.76,"HKSK_MARKET_CAP":6279930598.76,"PE_TTM":3.551845838949,"PB_TTM":0.397084104256,"REPORT_DATE_SQ":"2021-09-30 00:00:00","REPORT_TYPE_SQ":"2021年三季报","OPERATE_INCOME_SQ":8185617000,"DPS_HKD":0.175811,"OPERATE_INCOME_QOQ_SQ":5.380501556394,"NET_PROFIT_RATIO_SQ":30.1886711777,"HOLDER_PROFIT_SQ":2418426000,"HOLDER_PROFIT_QOQ_SQ":5.39643649632,"ROE_AVG_SQ":7.758087817441,"PE_TTM_SQ":3.017080053093,"PB_TTM_SQ":0.332835329995,"ROA_SQ":0.501757472548,"START_DATE":"2022-01-01 00:00:00","FISCAL_YEAR":"12-31","CURRENCY":"HKD","IS_CNY_CODE":0,"DPS_HKD_LY":0.189006,"ORG_TYPE":"银行","PREMIUM_INCOME":null,"PREMIUM_INCOME_YOY":null,"NET_INTEREST_INCOME":6124360000,"NET_INTEREST_INCOME_YOY":6.054886238404,"FEE_COMMISSION_INCOME":1251784000,"FEE_COMMISSION_INCOME_YOY":null,"ACCOUNTS_RECE_TDAYS":null,"INVENTORY_TDAYS":null,"CURRENT_ASSETS_TDAYS":null,"TOTAL_ASSETS_TDAYS":0.018079505902,"PREMIUM_EXPENSE":null,"LOAN_DEPOSIT":80.255677883532,"LOAN_EQUITY":7.333386042957,"LOAN_ASSETS":51.040156108938,"DEPOSIT_EQUITY":9.137529251948,"DEPOSIT_ASSETS":63.596940995263,"EQUITY_MULTIPLIER":14.367875418068,"EQUITY_RATIO":13.647764023177}],"count":37},"success":true,"message":"ok","code":0}