{"version":"ccfd33b35e622a5414626f6642801716","result":{"pages":3,"data":[{"SECUCODE":"03860.HK","SECURITY_CODE":"03860","SECURITY_NAME_ABBR":"EPS创健科技","ORG_CODE":"10545691","STD_REPORT_DATE":"2024-06-30 00:00:00","REPORT_DATE":"2024-09-30 00:00:00","DATE_TYPE_CODE":"002","REPORT_TYPE":"2024年中报","PER_NETCASH_OPERATE":-0.010620927482,"PER_OI":0.599051395633,"BPS":0.169074803635,"BASIC_EPS":0.025520657,"DILUTED_EPS":0.025520657,"OPERATE_INCOME":312811111.62,"OPERATE_INCOME_YOY":-3.0604003588,"GROSS_PROFIT":44684596.29,"GROSS_PROFIT_YOY":-0.277164901197,"HOLDER_PROFIT":13241884.36,"HOLDER_PROFIT_YOY":380.4966571156,"GROSS_PROFIT_RATIO":14.284849428329,"EPS_TTM":-0.038308688909,"OPERATE_INCOME_QOQ":0,"NET_PROFIT_RATIO":4.9198853776,"ROE_AVG":17.988815180972,"GROSS_PROFIT_QOQ":0,"ROA":3.245674625761,"HOLDER_PROFIT_QOQ":0,"ROE_YEARLY":35.977630361945,"ROIC_YEARLY":10.740061475223,"TOTAL_ASSETS":428305160.5,"TOTAL_LIABILITIES":269411566.08,"TAX_EBT":11.584291783235,"OCF_SALES":-1.772957639285,"TOTAL_PARENT_EQUITY":88287044.58,"DEBT_ASSET_RATIO":62.9017791346,"OPERATE_PROFIT":21686245.92,"PRETAX_PROFIT":17406350.58,"NETCASH_OPERATE":-5546008.5,"NETCASH_INVEST":3764071.46,"NETCASH_FINANCE":-13920030.44,"END_CASH":82319900.15,"DIVI_RATIO":null,"DIVIDEND_RATE":null,"CURRENT_RATIO":1.416705735271,"COMMON_ACS":1000000000,"CURRENTDEBT_DEBT":59.973489717224,"ISSUED_COMMON_SHARES":522177419,"HK_COMMON_SHARES":522177419,"PER_SHARES":5000,"TOTAL_MARKET_CAP":245423386.93,"HKSK_MARKET_CAP":245423386.93,"PE_TTM":-114.309914732184,"PB_TTM":2.506827101898,"REPORT_DATE_SQ":"2023-06-30 00:00:00","REPORT_TYPE_SQ":"2023年中报","OPERATE_INCOME_SQ":328354625.27,"DPS_HKD":null,"OPERATE_INCOME_QOQ_SQ":0,"NET_PROFIT_RATIO_SQ":-2.4262985951,"HOLDER_PROFIT_SQ":-4803793.05,"HOLDER_PROFIT_QOQ_SQ":0,"ROE_AVG_SQ":-6.163972259181,"PE_TTM_SQ":-16.381166339043,"PB_TTM_SQ":6.385385373211,"ROA_SQ":-1.738050693975,"START_DATE":"2024-04-01 00:00:00","FISCAL_YEAR":"3-31","CURRENCY":"HKD","IS_CNY_CODE":0,"DPS_HKD_LY":null,"ORG_TYPE":"一般企业","PREMIUM_INCOME":null,"PREMIUM_INCOME_YOY":null,"NET_INTEREST_INCOME":null,"NET_INTEREST_INCOME_YOY":null,"FEE_COMMISSION_INCOME":null,"FEE_COMMISSION_INCOME_YOY":null,"ACCOUNTS_RECE_TDAYS":3.429749451245,"INVENTORY_TDAYS":14.556300793107,"CURRENT_ASSETS_TDAYS":1.48950431872,"TOTAL_ASSETS_TDAYS":0.766721004382,"PREMIUM_EXPENSE":null,"LOAN_DEPOSIT":null,"LOAN_EQUITY":null,"LOAN_ASSETS":null,"DEPOSIT_EQUITY":null,"DEPOSIT_ASSETS":null,"EQUITY_MULTIPLIER":2.695547055014,"EQUITY_RATIO":3.051541337256},{"SECUCODE":"03860.HK","SECURITY_CODE":"03860","SECURITY_NAME_ABBR":"EPS创健科技","ORG_CODE":"10545691","STD_REPORT_DATE":"2023-12-31 00:00:00","REPORT_DATE":"2024-03-31 00:00:00","DATE_TYPE_CODE":"001","REPORT_TYPE":"2023年年报","PER_NETCASH_OPERATE":-0.0517912015,"PER_OI":1.1687514565,"BPS":0.113462538008,"BASIC_EPS":-0.039978855,"DILUTED_EPS":-0.039978855,"OPERATE_INCOME":584375728.25,"OPERATE_INCOME_YOY":42.3286509783,"GROSS_PROFIT":89981433.35,"GROSS_PROFIT_YOY":51.499344732754,"HOLDER_PROFIT":-20003932.3,"HOLDER_PROFIT_YOY":51.7545969346,"GROSS_PROFIT_RATIO":15.397873149089,"EPS_TTM":-0.0554554042,"OPERATE_INCOME_QOQ":0,"NET_PROFIT_RATIO":-4.1103604477,"ROE_AVG":-28.845575643489,"GROSS_PROFIT_QOQ":0,"ROA":-6.713326711075,"HOLDER_PROFIT_QOQ":0,"ROE_YEARLY":-28.845575643489,"ROIC_YEARLY":-13.23155521443,"TOTAL_ASSETS":389712246.75,"TOTAL_LIABILITIES":264443354.65,"TAX_EBT":-10.161317146183,"OCF_SALES":-4.431327226329,"TOTAL_PARENT_EQUITY":59247575.25,"DEBT_ASSET_RATIO":67.8560545262,"OPERATE_PROFIT":-15395032.1,"PRETAX_PROFIT":-21804340.6,"NETCASH_OPERATE":-25895600.75,"NETCASH_INVEST":-18496339.65,"NETCASH_FINANCE":30513566.45,"END_CASH":104742787,"DIVI_RATIO":null,"DIVIDEND_RATE":null,"CURRENT_RATIO":1.033648734332,"COMMON_ACS":1000000000,"CURRENTDEBT_DEBT":70.287244217578,"ISSUED_COMMON_SHARES":522177419,"HK_COMMON_SHARES":522177419,"PER_SHARES":5000,"TOTAL_MARKET_CAP":266310483.69,"HKSK_MARKET_CAP":266310483.69,"PE_TTM":-124.038418113647,"PB_TTM":2.720174089293,"REPORT_DATE_SQ":"2022-12-31 00:00:00","REPORT_TYPE_SQ":"2022年年报","OPERATE_INCOME_SQ":396478441.46,"DPS_HKD":null,"OPERATE_INCOME_QOQ_SQ":0,"NET_PROFIT_RATIO_SQ":-11.1029661784,"HOLDER_PROFIT_SQ":-40038627.17,"HOLDER_PROFIT_QOQ_SQ":0,"ROE_AVG_SQ":-41.776961791759,"PE_TTM_SQ":-9.838861315784,"PB_TTM_SQ":5.473187462752,"ROA_SQ":-19.200527272498,"START_DATE":"2023-04-01 00:00:00","FISCAL_YEAR":"3-31","CURRENCY":"HKD","IS_CNY_CODE":0,"DPS_HKD_LY":null,"ORG_TYPE":"一般企业","PREMIUM_INCOME":null,"PREMIUM_INCOME_YOY":null,"NET_INTEREST_INCOME":null,"NET_INTEREST_INCOME_YOY":null,"FEE_COMMISSION_INCOME":null,"FEE_COMMISSION_INCOME_YOY":null,"ACCOUNTS_RECE_TDAYS":10.13984033977,"INVENTORY_TDAYS":33.439082715065,"CURRENT_ASSETS_TDAYS":3.007574750211,"TOTAL_ASSETS_TDAYS":1.961166998033,"PREMIUM_EXPENSE":null,"LOAN_DEPOSIT":null,"LOAN_EQUITY":null,"LOAN_ASSETS":null,"DEPOSIT_EQUITY":null,"DEPOSIT_ASSETS":null,"EQUITY_MULTIPLIER":3.111005774991,"EQUITY_RATIO":4.463361640272},{"SECUCODE":"03860.HK","SECURITY_CODE":"03860","SECURITY_NAME_ABBR":"EPS创健科技","ORG_CODE":"10545691","STD_REPORT_DATE":"2023-06-30 00:00:00","REPORT_DATE":"2023-09-30 00:00:00","DATE_TYPE_CODE":"002","REPORT_TYPE":"2023年中报","PER_NETCASH_OPERATE":0.00960391558,"PER_OI":0.65670925054,"BPS":0.144484648751,"BASIC_EPS":-0.009635115,"DILUTED_EPS":-0.009635115,"OPERATE_INCOME":328354625.27,"OPERATE_INCOME_YOY":38.4856823292,"GROSS_PROFIT":44808790.53,"GROSS_PROFIT_YOY":9.304002664207,"HOLDER_PROFIT":-4803793.05,"HOLDER_PROFIT_YOY":72.3352533953,"GROSS_PROFIT_RATIO":13.646462416406,"EPS_TTM":-0.08007725434,"OPERATE_INCOME_QOQ":0,"NET_PROFIT_RATIO":-2.4262985951,"ROE_AVG":-6.163972259181,"GROSS_PROFIT_QOQ":0,"ROA":-1.738050693975,"HOLDER_PROFIT_QOQ":0,"ROE_YEARLY":-12.327944518362,"ROIC_YEARLY":-7.020790794516,"TOTAL_ASSETS":344024075.15,"TOTAL_LIABILITIES":235396871.01,"TAX_EBT":-6.11097531166,"OCF_SALES":1.462430378756,"TOTAL_PARENT_EQUITY":75446620.97,"DEBT_ASSET_RATIO":68.4245342153,"OPERATE_PROFIT":-4616596.53,"PRETAX_PROFIT":-7508048.66,"NETCASH_OPERATE":4801957.79,"NETCASH_INVEST":-1038757.16,"NETCASH_FINANCE":-2338121.24,"END_CASH":121592398.41,"DIVI_RATIO":null,"DIVIDEND_RATE":null,"CURRENT_RATIO":1.338599237788,"COMMON_ACS":1000000000,"CURRENTDEBT_DEBT":73.953618917307,"ISSUED_COMMON_SHARES":522177419,"HK_COMMON_SHARES":522177419,"PER_SHARES":5000,"TOTAL_MARKET_CAP":266310483.69,"HKSK_MARKET_CAP":266310483.69,"PE_TTM":-124.038418113647,"PB_TTM":2.720174089293,"REPORT_DATE_SQ":"2022-06-30 00:00:00","REPORT_TYPE_SQ":"2022年中报","OPERATE_INCOME_SQ":233695538.28,"DPS_HKD":null,"OPERATE_INCOME_QOQ_SQ":0,"NET_PROFIT_RATIO_SQ":-3.6869856644,"HOLDER_PROFIT_SQ":-17114718.12,"HOLDER_PROFIT_QOQ_SQ":0,"ROE_AVG_SQ":-6.363167952094,"PE_TTM_SQ":-14.197010827171,"PB_TTM_SQ":5.534000656782,"ROA_SQ":-3.101241168759,"START_DATE":"2023-04-01 00:00:00","FISCAL_YEAR":"3-31","CURRENCY":"HKD","IS_CNY_CODE":0,"DPS_HKD_LY":null,"ORG_TYPE":"一般企业","PREMIUM_INCOME":null,"PREMIUM_INCOME_YOY":null,"NET_INTEREST_INCOME":null,"NET_INTEREST_INCOME_YOY":null,"FEE_COMMISSION_INCOME":null,"FEE_COMMISSION_INCOME_YOY":null,"ACCOUNTS_RECE_TDAYS":5.070446284973,"INVENTORY_TDAYS":14.101448944666,"CURRENT_ASSETS_TDAYS":1.520479987422,"TOTAL_ASSETS_TDAYS":1.188013260314,"PREMIUM_EXPENSE":null,"LOAN_DEPOSIT":null,"LOAN_EQUITY":null,"LOAN_ASSETS":null,"DEPOSIT_EQUITY":null,"DEPOSIT_ASSETS":null,"EQUITY_MULTIPLIER":3.167015830641,"EQUITY_RATIO":3.120045245016},{"SECUCODE":"03860.HK","SECURITY_CODE":"03860","SECURITY_NAME_ABBR":"EPS创健科技","ORG_CODE":"10545691","STD_REPORT_DATE":"2022-12-31 00:00:00","REPORT_DATE":"2023-03-31 00:00:00","DATE_TYPE_CODE":"001","REPORT_TYPE":"2022年年报","PER_NETCASH_OPERATE":-0.06671849774,"PER_OI":0.79295688292,"BPS":0.146923352482,"BASIC_EPS":-0.080100015,"DILUTED_EPS":-0.080100015,"OPERATE_INCOME":396478441.46,"OPERATE_INCOME_YOY":-12.8938141772,"GROSS_PROFIT":59393942.27,"GROSS_PROFIT_YOY":-4.618932398705,"HOLDER_PROFIT":-40038627.17,"HOLDER_PROFIT_YOY":-102.3761061947,"GROSS_PROFIT_RATIO":14.980371202855,"EPS_TTM":-0.03375248068,"OPERATE_INCOME_QOQ":0,"NET_PROFIT_RATIO":-11.1029661784,"ROE_AVG":-41.776961791759,"GROSS_PROFIT_QOQ":0,"ROA":-19.200527272498,"HOLDER_PROFIT_QOQ":0,"ROE_YEARLY":-41.776961791759,"ROIC_YEARLY":-64.574744451347,"TOTAL_ASSETS":199150522.54,"TOTAL_LIABILITIES":118924448.5,"TAX_EBT":-4.412283798094,"OCF_SALES":-8.413887208383,"TOTAL_PARENT_EQUITY":76720056.99,"DEBT_ASSET_RATIO":59.7158606381,"OPERATE_PROFIT":-37087620.06,"PRETAX_PROFIT":-42160621.01,"NETCASH_OPERATE":-33359248.87,"NETCASH_INVEST":-9964792.03,"NETCASH_FINANCE":-24297004.55,"END_CASH":115091028.11,"DIVI_RATIO":null,"DIVIDEND_RATE":null,"CURRENT_RATIO":1.881615502153,"COMMON_ACS":1000000000,"CURRENTDEBT_DEBT":84.787633419212,"ISSUED_COMMON_SHARES":522177419,"HK_COMMON_SHARES":522177419,"PER_SHARES":5000,"TOTAL_MARKET_CAP":271532257.88,"HKSK_MARKET_CAP":271532257.88,"PE_TTM":-126.470543959013,"PB_TTM":2.773510836142,"REPORT_DATE_SQ":"2021-12-31 00:00:00","REPORT_TYPE_SQ":"2021年年报","OPERATE_INCOME_SQ":421682216.47,"DPS_HKD":null,"OPERATE_INCOME_QOQ_SQ":0,"NET_PROFIT_RATIO_SQ":-4.336451151,"HOLDER_PROFIT_SQ":-18328826,"HOLDER_PROFIT_QOQ_SQ":0,"ROE_AVG_SQ":-13.643976991842,"PE_TTM_SQ":-10.166823359643,"PB_TTM_SQ":5.655627044844,"ROA_SQ":-8.816082502056,"START_DATE":"2022-04-01 00:00:00","FISCAL_YEAR":"3-31","CURRENCY":"HKD","IS_CNY_CODE":0,"DPS_HKD_LY":null,"ORG_TYPE":"一般企业","PREMIUM_INCOME":null,"PREMIUM_INCOME_YOY":null,"NET_INTEREST_INCOME":null,"NET_INTEREST_INCOME_YOY":null,"FEE_COMMISSION_INCOME":null,"FEE_COMMISSION_INCOME_YOY":null,"ACCOUNTS_RECE_TDAYS":8.098670505244,"INVENTORY_TDAYS":29.307683525517,"CURRENT_ASSETS_TDAYS":1.988767498639,"TOTAL_ASSETS_TDAYS":1.901312723807,"PREMIUM_EXPENSE":null,"LOAN_DEPOSIT":null,"LOAN_EQUITY":null,"LOAN_ASSETS":null,"DEPOSIT_EQUITY":null,"DEPOSIT_ASSETS":null,"EQUITY_MULTIPLIER":2.48236654882,"EQUITY_RATIO":1.550108969751},{"SECUCODE":"03860.HK","SECURITY_CODE":"03860","SECURITY_NAME_ABBR":"EPS创健科技","ORG_CODE":"10545691","STD_REPORT_DATE":"2022-06-30 00:00:00","REPORT_DATE":"2022-09-30 00:00:00","DATE_TYPE_CODE":"002","REPORT_TYPE":"2022年中报","PER_NETCASH_OPERATE":-0.00539408016,"PER_OI":0.46739107656,"BPS":0.199466915822,"BASIC_EPS":-0.034187832,"DILUTED_EPS":null,"OPERATE_INCOME":233695538.28,"OPERATE_INCOME_YOY":-7.244230331,"GROSS_PROFIT":40994647.44,"GROSS_PROFIT_YOY":60.816070965394,"HOLDER_PROFIT":-17114718.12,"HOLDER_PROFIT_YOY":-44.5529953917,"GROSS_PROFIT_RATIO":18.868768752961,"EPS_TTM":-0.02860594472,"OPERATE_INCOME_QOQ":0,"NET_PROFIT_RATIO":-3.6869856644,"ROE_AVG":-6.363167952094,"GROSS_PROFIT_QOQ":0,"ROA":-3.101241168759,"HOLDER_PROFIT_QOQ":0,"ROE_YEARLY":-12.726335904187,"ROIC_YEARLY":-22.423492912238,"TOTAL_ASSETS":232271949.72,"TOTAL_LIABILITIES":124884170.76,"TAX_EBT":-11.418288892524,"OCF_SALES":-1.308101279149,"TOTAL_PARENT_EQUITY":104157119.28,"DEBT_ASSET_RATIO":53.7663591796,"OPERATE_PROFIT":-13771003.44,"PRETAX_PROFIT":-16586525.16,"NETCASH_OPERATE":-18283254.6,"NETCASH_INVEST":-4681381.44,"NETCASH_FINANCE":-27779874.6,"END_CASH":150641717.52,"DIVI_RATIO":null,"DIVIDEND_RATE":null,"CURRENT_RATIO":2.904317883302,"COMMON_ACS":1000000000,"CURRENTDEBT_DEBT":61.203369085813,"ISSUED_COMMON_SHARES":522177419,"HK_COMMON_SHARES":522177419,"PER_SHARES":5000,"TOTAL_MARKET_CAP":271532257.88,"HKSK_MARKET_CAP":271532257.88,"PE_TTM":-126.470543959013,"PB_TTM":2.773510836142,"REPORT_DATE_SQ":"2021-06-30 00:00:00","REPORT_TYPE_SQ":"2021年中报","OPERATE_INCOME_SQ":204739490.08,"DPS_HKD":null,"OPERATE_INCOME_QOQ_SQ":0,"NET_PROFIT_RATIO_SQ":-2.2761303343,"HOLDER_PROFIT_SQ":-4519350.5,"HOLDER_PROFIT_QOQ_SQ":0,"ROE_AVG_SQ":-4.158043994788,"PE_TTM_SQ":-10.166823359643,"PB_TTM_SQ":5.655627044844,"ROA_SQ":-2.269413947379,"START_DATE":"2022-04-01 00:00:00","FISCAL_YEAR":"3-31","CURRENCY":"HKD","IS_CNY_CODE":0,"DPS_HKD_LY":null,"ORG_TYPE":"一般企业","PREMIUM_INCOME":null,"PREMIUM_INCOME_YOY":null,"NET_INTEREST_INCOME":null,"NET_INTEREST_INCOME_YOY":null,"FEE_COMMISSION_INCOME":null,"FEE_COMMISSION_INCOME_YOY":null,"ACCOUNTS_RECE_TDAYS":4.339393226914,"INVENTORY_TDAYS":16.044242029928,"CURRENT_ASSETS_TDAYS":0.941663413697,"TOTAL_ASSETS_TDAYS":0.90151918107,"PREMIUM_EXPENSE":null,"LOAN_DEPOSIT":null,"LOAN_EQUITY":null,"LOAN_ASSETS":null,"DEPOSIT_EQUITY":null,"DEPOSIT_ASSETS":null,"EQUITY_MULTIPLIER":2.162927215455,"EQUITY_RATIO":1.198997933346},{"SECUCODE":"03860.HK","SECURITY_CODE":"03860","SECURITY_NAME_ABBR":"EPS创健科技","ORG_CODE":"10545691","STD_REPORT_DATE":"2021-12-31 00:00:00","REPORT_DATE":"2022-03-31 00:00:00","DATE_TYPE_CODE":"001","REPORT_TYPE":"2021年年报","PER_NETCASH_OPERATE":0.01629481292,"PER_OI":0.84336443294,"BPS":0.19471915487,"BASIC_EPS":-0.036657652,"DILUTED_EPS":-0.036657652,"OPERATE_INCOME":421682216.47,"OPERATE_INCOME_YOY":4.7382505642,"GROSS_PROFIT":62270158.81,"GROSS_PROFIT_YOY":36.360239800513,"HOLDER_PROFIT":-18328826,"HOLDER_PROFIT_YOY":-371.1145272867,"GROSS_PROFIT_RATIO":14.73074676915,"EPS_TTM":-0.00585824488,"OPERATE_INCOME_QOQ":0,"NET_PROFIT_RATIO":-4.336451151,"ROE_AVG":-13.643976991842,"GROSS_PROFIT_QOQ":0,"ROA":-8.816082502056,"HOLDER_PROFIT_QOQ":0,"ROE_YEARLY":-13.643976991842,"ROIC_YEARLY":-30.520031149952,"TOTAL_ASSETS":240513125.6,"TOTAL_LIABILITIES":127082022.96,"TAX_EBT":-15.516180091453,"OCF_SALES":2.365679514713,"TOTAL_PARENT_EQUITY":106501022.19,"DEBT_ASSET_RATIO":49.0985055439,"OPERATE_PROFIT":-14703611.3,"PRETAX_PROFIT":-18445611.44,"NETCASH_OPERATE":3261882.22,"NETCASH_INVEST":3528704.51,"NETCASH_FINANCE":91203751.57,"END_CASH":168804432.41,"DIVI_RATIO":null,"DIVIDEND_RATE":null,"CURRENT_RATIO":4.993557563588,"COMMON_ACS":1000000000,"CURRENTDEBT_DEBT":52.51442283147,"ISSUED_COMMON_SHARES":522177419,"HK_COMMON_SHARES":522177419,"PER_SHARES":5000,"TOTAL_MARKET_CAP":271532257.88,"HKSK_MARKET_CAP":271532257.88,"PE_TTM":-126.470543959013,"PB_TTM":2.773510836142,"REPORT_DATE_SQ":"2020-12-31 00:00:00","REPORT_TYPE_SQ":"2020年年报","OPERATE_INCOME_SQ":342674005.1,"DPS_HKD":null,"OPERATE_INCOME_QOQ_SQ":0,"NET_PROFIT_RATIO_SQ":1.6044099693,"HOLDER_PROFIT_SQ":5497895.9,"HOLDER_PROFIT_QOQ_SQ":0,"ROE_AVG_SQ":5.010108789833,"PE_TTM_SQ":-10.166823359643,"PB_TTM_SQ":5.655627044844,"ROA_SQ":4.202929451519,"START_DATE":"2021-04-01 00:00:00","FISCAL_YEAR":"3-31","CURRENCY":"HKD","IS_CNY_CODE":0,"DPS_HKD_LY":null,"ORG_TYPE":"一般企业","PREMIUM_INCOME":null,"PREMIUM_INCOME_YOY":null,"NET_INTEREST_INCOME":null,"NET_INTEREST_INCOME_YOY":null,"FEE_COMMISSION_INCOME":null,"FEE_COMMISSION_INCOME_YOY":null,"ACCOUNTS_RECE_TDAYS":10.427302262153,"INVENTORY_TDAYS":47.139360801927,"CURRENT_ASSETS_TDAYS":2.202075776472,"TOTAL_ASSETS_TDAYS":2.122818287023,"PREMIUM_EXPENSE":null,"LOAN_DEPOSIT":null,"LOAN_EQUITY":null,"LOAN_ASSETS":null,"DEPOSIT_EQUITY":null,"DEPOSIT_ASSETS":null,"EQUITY_MULTIPLIER":1.964578860965,"EQUITY_RATIO":1.193246978731},{"SECUCODE":"03860.HK","SECURITY_CODE":"03860","SECURITY_NAME_ABBR":"EPS创健科技","ORG_CODE":"10545691","STD_REPORT_DATE":"2021-06-30 00:00:00","REPORT_DATE":"2021-09-30 00:00:00","DATE_TYPE_CODE":"002","REPORT_TYPE":"2021年中报","PER_NETCASH_OPERATE":0.16446770356,"PER_OI":0.40947898016,"BPS":0.203878794498,"BASIC_EPS":-0.00916366,"DILUTED_EPS":null,"OPERATE_INCOME":204739490.08,"OPERATE_INCOME_YOY":19.1128860283,"GROSS_PROFIT":25491636,"GROSS_PROFIT_YOY":8.064684275691,"HOLDER_PROFIT":-4519350.5,"HOLDER_PROFIT_YOY":-221.9923543962,"GROSS_PROFIT_RATIO":12.450766576609,"EPS_TTM":0.0109957918,"OPERATE_INCOME_QOQ":0,"NET_PROFIT_RATIO":-2.2761303343,"ROE_AVG":-4.158043994788,"GROSS_PROFIT_QOQ":0,"ROA":-2.269413947379,"HOLDER_PROFIT_QOQ":0,"ROE_YEARLY":-8.316087989576,"ROIC_YEARLY":-10.48973021574,"TOTAL_ASSETS":272352305.8,"TOTAL_LIABILITIES":164321918.06,"TAX_EBT":-25.792669215201,"OCF_SALES":40.165115067869,"TOTAL_PARENT_EQUITY":106460902.7,"DEBT_ASSET_RATIO":60.334322332,"OPERATE_PROFIT":-3500518.12,"PRETAX_PROFIT":-3704617.82,"NETCASH_OPERATE":82233851.78,"NETCASH_INVEST":1751925.18,"NETCASH_FINANCE":-1635296.78,"END_CASH":153373843.54,"DIVI_RATIO":null,"DIVIDEND_RATE":null,"CURRENT_RATIO":2.109503769375,"COMMON_ACS":1000000000,"CURRENTDEBT_DEBT":77.940796244379,"ISSUED_COMMON_SHARES":522177419,"HK_COMMON_SHARES":522177419,"PER_SHARES":5000,"TOTAL_MARKET_CAP":271532257.88,"HKSK_MARKET_CAP":271532257.88,"PE_TTM":-126.470543959013,"PB_TTM":2.773510836142,"REPORT_DATE_SQ":"2020-06-30 00:00:00","REPORT_TYPE_SQ":"2020年中报","OPERATE_INCOME_SQ":181308055.04,"DPS_HKD":null,"OPERATE_INCOME_QOQ_SQ":0,"NET_PROFIT_RATIO_SQ":2.1552643313,"HOLDER_PROFIT_SQ":3907667.84,"HOLDER_PROFIT_QOQ_SQ":0,"ROE_AVG_SQ":3.453564813556,"PE_TTM_SQ":-10.166823359643,"PB_TTM_SQ":5.655627044844,"ROA_SQ":2.412593008526,"START_DATE":"2021-04-01 00:00:00","FISCAL_YEAR":"3-31","CURRENCY":"HKD","IS_CNY_CODE":0,"DPS_HKD_LY":null,"ORG_TYPE":"一般企业","PREMIUM_INCOME":null,"PREMIUM_INCOME_YOY":null,"NET_INTEREST_INCOME":null,"NET_INTEREST_INCOME_YOY":null,"FEE_COMMISSION_INCOME":null,"FEE_COMMISSION_INCOME_YOY":null,"ACCOUNTS_RECE_TDAYS":3.552818555703,"INVENTORY_TDAYS":15.208906167167,"CURRENT_ASSETS_TDAYS":1.043007375846,"TOTAL_ASSETS_TDAYS":1.028109358561,"PREMIUM_EXPENSE":null,"LOAN_DEPOSIT":null,"LOAN_EQUITY":null,"LOAN_ASSETS":null,"DEPOSIT_EQUITY":null,"DEPOSIT_ASSETS":null,"EQUITY_MULTIPLIER":2.521071260574,"EQUITY_RATIO":1.543495441919},{"SECUCODE":"03860.HK","SECURITY_CODE":"03860","SECURITY_NAME_ABBR":"EPS创健科技","ORG_CODE":"10545691","STD_REPORT_DATE":"2020-12-31 00:00:00","REPORT_DATE":"2021-03-31 00:00:00","DATE_TYPE_CODE":"001","REPORT_TYPE":"2020年年报","PER_NETCASH_OPERATE":-0.02093003752,"PER_OI":0.6853480102,"BPS":0.215504322871,"BASIC_EPS":0.01098734,"DILUTED_EPS":0.01098734,"OPERATE_INCOME":342674005.1,"OPERATE_INCOME_YOY":-24.5554587948,"GROSS_PROFIT":45665920.58,"GROSS_PROFIT_YOY":-45.793301041021,"HOLDER_PROFIT":5497895.9,"HOLDER_PROFIT_YOY":-71.3877281724,"GROSS_PROFIT_RATIO":13.326345126959,"EPS_TTM":0.01556295998,"OPERATE_INCOME_QOQ":0,"NET_PROFIT_RATIO":1.6044099693,"ROE_AVG":5.010108789833,"GROSS_PROFIT_QOQ":0,"ROA":4.202929451519,"HOLDER_PROFIT_QOQ":0,"ROE_YEARLY":5.010108789833,"ROIC_YEARLY":10.424011281328,"TOTAL_ASSETS":127763325.06,"TOTAL_LIABILITIES":15231833.96,"TAX_EBT":8.842488789238,"OCF_SALES":-3.05392839966,"TOTAL_PARENT_EQUITY":112531491.1,"DEBT_ASSET_RATIO":11.9219141744,"OPERATE_PROFIT":6146148.96,"PRETAX_PROFIT":6031204.48,"NETCASH_OPERATE":-10465018.76,"NETCASH_INVEST":-197772.12,"NETCASH_FINANCE":-1531466.16,"END_CASH":72038917.3,"DIVI_RATIO":null,"DIVIDEND_RATE":null,"CURRENT_RATIO":8.213447350771,"COMMON_ACS":1000000000,"CURRENTDEBT_DEBT":99.278659416269,"ISSUED_COMMON_SHARES":522177419,"HK_COMMON_SHARES":522177419,"PER_SHARES":5000,"TOTAL_MARKET_CAP":271532257.88,"HKSK_MARKET_CAP":271532257.88,"PE_TTM":-126.470543959013,"PB_TTM":2.773510836142,"REPORT_DATE_SQ":"2019-12-31 00:00:00","REPORT_TYPE_SQ":"2019年年报","OPERATE_INCOME_SQ":491029689.6,"DPS_HKD":null,"OPERATE_INCOME_QOQ_SQ":0,"NET_PROFIT_RATIO_SQ":4.2304915446,"HOLDER_PROFIT_SQ":20772969.5,"HOLDER_PROFIT_QOQ_SQ":0,"ROE_AVG_SQ":19.069547019623,"PE_TTM_SQ":-10.166823359643,"PB_TTM_SQ":5.655627044844,"ROA_SQ":15.027480426599,"START_DATE":"2020-04-01 00:00:00","FISCAL_YEAR":"3-31","CURRENCY":"HKD","IS_CNY_CODE":0,"DPS_HKD_LY":null,"ORG_TYPE":"一般企业","PREMIUM_INCOME":null,"PREMIUM_INCOME_YOY":null,"NET_INTEREST_INCOME":null,"NET_INTEREST_INCOME_YOY":null,"FEE_COMMISSION_INCOME":null,"FEE_COMMISSION_INCOME_YOY":null,"ACCOUNTS_RECE_TDAYS":12.022446922073,"INVENTORY_TDAYS":66.656676783005,"CURRENT_ASSETS_TDAYS":2.70759665695,"TOTAL_ASSETS_TDAYS":2.619610655605,"PREMIUM_EXPENSE":null,"LOAN_DEPOSIT":null,"LOAN_EQUITY":null,"LOAN_ASSETS":null,"DEPOSIT_EQUITY":null,"DEPOSIT_ASSETS":null,"EQUITY_MULTIPLIER":1.135356190619,"EQUITY_RATIO":0.135356190619},{"SECUCODE":"03860.HK","SECURITY_CODE":"03860","SECURITY_NAME_ABBR":"EPS创健科技","ORG_CODE":"10545691","STD_REPORT_DATE":"2020-06-30 00:00:00","REPORT_DATE":"2020-09-30 00:00:00","DATE_TYPE_CODE":"002","REPORT_TYPE":"2020年中报","PER_NETCASH_OPERATE":-0.11136721536,"PER_OI":0.36261611008,"BPS":0.220448442486,"BASIC_EPS":0.00790848,"DILUTED_EPS":null,"OPERATE_INCOME":181308055.04,"OPERATE_INCOME_YOY":-31.8280337272,"GROSS_PROFIT":23589238.4,"GROSS_PROFIT_YOY":-51.191005841175,"HOLDER_PROFIT":3907667.84,"HOLDER_PROFIT_YOY":-76.2636776088,"GROSS_PROFIT_RATIO":13.010584882616,"EPS_TTM":0.041545939,"OPERATE_INCOME_QOQ":0,"NET_PROFIT_RATIO":2.1552643313,"ROE_AVG":3.453564813556,"GROSS_PROFIT_QOQ":0,"ROA":2.412593008526,"HOLDER_PROFIT_QOQ":0,"ROE_YEARLY":6.907129627113,"ROIC_YEARLY":7.590097201717,"TOTAL_ASSETS":184768454.4,"TOTAL_LIABILITIES":69655255.68,"TAX_EBT":10.64898533253,"OCF_SALES":-30.712153228777,"TOTAL_PARENT_EQUITY":115113198.72,"DEBT_ASSET_RATIO":37.6986731345,"OPERATE_PROFIT":4283760,"PRETAX_PROFIT":4373389.44,"NETCASH_OPERATE":-55683607.68,"NETCASH_INVEST":-292613.76,"NETCASH_FINANCE":-756577.92,"END_CASH":30568911.36,"DIVI_RATIO":null,"DIVIDEND_RATE":null,"CURRENT_RATIO":2.60837956763,"COMMON_ACS":1000000000,"CURRENTDEBT_DEBT":98.910040495023,"ISSUED_COMMON_SHARES":522177419,"HK_COMMON_SHARES":522177419,"PER_SHARES":5000,"TOTAL_MARKET_CAP":271532257.88,"HKSK_MARKET_CAP":271532257.88,"PE_TTM":-126.470543959013,"PB_TTM":2.773510836142,"REPORT_DATE_SQ":"2019-06-30 00:00:00","REPORT_TYPE_SQ":"2019年中报","OPERATE_INCOME_SQ":273005954.64,"DPS_HKD":null,"OPERATE_INCOME_QOQ_SQ":8.254190130282,"NET_PROFIT_RATIO_SQ":6.1900325113,"HOLDER_PROFIT_SQ":16899157.35,"HOLDER_PROFIT_QOQ_SQ":11.950856824524,"ROE_AVG_SQ":15.983517397592,"PE_TTM_SQ":-10.166823359643,"PB_TTM_SQ":5.655627044844,"ROA_SQ":9.107060827972,"START_DATE":"2020-04-01 00:00:00","FISCAL_YEAR":"3-31","CURRENCY":"HKD","IS_CNY_CODE":0,"DPS_HKD_LY":null,"ORG_TYPE":"一般企业","PREMIUM_INCOME":null,"PREMIUM_INCOME_YOY":null,"NET_INTEREST_INCOME":null,"NET_INTEREST_INCOME_YOY":null,"FEE_COMMISSION_INCOME":null,"FEE_COMMISSION_INCOME_YOY":null,"ACCOUNTS_RECE_TDAYS":2.94665286158,"INVENTORY_TDAYS":19.384092013608,"CURRENT_ASSETS_TDAYS":1.155785593852,"TOTAL_ASSETS_TDAYS":1.119395414066,"PREMIUM_EXPENSE":null,"LOAN_DEPOSIT":null,"LOAN_EQUITY":null,"LOAN_ASSETS":null,"DEPOSIT_EQUITY":null,"DEPOSIT_ASSETS":null,"EQUITY_MULTIPLIER":1.605102251127,"EQUITY_RATIO":0.605102251128}],"count":26},"success":true,"message":"ok","code":0}