{"version":"ee90bab725213d7fbc9134ad83fdcb3b","result":{"pages":3,"data":[{"SECUCODE":"03869.HK","SECURITY_CODE":"03869","SECURITY_NAME_ABBR":"弘和仁爱医疗","ORG_CODE":"10542882","STD_REPORT_DATE":"2024-06-30 00:00:00","REPORT_DATE":"2024-06-30 00:00:00","DATE_TYPE_CODE":"002","REPORT_TYPE":"2024年中报","PER_NETCASH_OPERATE":0.397860978045,"PER_OI":5.206470613775,"BPS":2.607754316396,"BASIC_EPS":-0.14,"DILUTED_EPS":-0.14,"OPERATE_INCOME":719503000,"OPERATE_INCOME_YOY":0.2329239055,"GROSS_PROFIT":152624000,"GROSS_PROFIT_YOY":27.024710161211,"HOLDER_PROFIT":-18718000,"HOLDER_PROFIT_YOY":-114.829897479,"GROSS_PROFIT_RATIO":21.212420240082,"EPS_TTM":-0.098065039003,"OPERATE_INCOME_QOQ":0.117108731114,"NET_PROFIT_RATIO":3.5436961347,"ROE_AVG":-5.062544795597,"GROSS_PROFIT_QOQ":13.56575868984,"ROA":-0.749962387691,"HOLDER_PROFIT_QOQ":-110.314802411253,"ROE_YEARLY":-10.125089591194,"ROIC_YEARLY":-2.229653872383,"TOTAL_ASSETS":2493617000,"TOTAL_LIABILITIES":1881144000,"TAX_EBT":58.504353486858,"OCF_SALES":7.641663759567,"TOTAL_PARENT_EQUITY":360376000,"DEBT_ASSET_RATIO":75.4383692444,"OPERATE_PROFIT":113805000,"PRETAX_PROFIT":61445000,"NETCASH_OPERATE":54982000,"NETCASH_INVEST":5458000,"NETCASH_FINANCE":-38570000,"END_CASH":545053000,"DIVI_RATIO":null,"DIVIDEND_RATE":null,"CURRENT_RATIO":0.589048605676,"COMMON_ACS":500000000,"CURRENTDEBT_DEBT":86.592254500453,"ISSUED_COMMON_SHARES":138194000,"HK_COMMON_SHARES":138194000,"PER_SHARES":200,"TOTAL_MARKET_CAP":967358000,"HKSK_MARKET_CAP":967358000,"PE_TTM":-77.84054080683,"PB_TTM":2.449908704908,"REPORT_DATE_SQ":"2023-06-30 00:00:00","REPORT_TYPE_SQ":"2023年中报","OPERATE_INCOME_SQ":717831000,"DPS_HKD":null,"OPERATE_INCOME_QOQ_SQ":15.478616318635,"NET_PROFIT_RATIO_SQ":24.7852210339,"HOLDER_PROFIT_SQ":126218000,"HOLDER_PROFIT_QOQ_SQ":115.143425068822,"ROE_AVG_SQ":39.881951093122,"PE_TTM_SQ":9.124267696492,"PB_TTM_SQ":2.195316282074,"ROA_SQ":5.172598562985,"START_DATE":"2024-01-01 00:00:00","FISCAL_YEAR":"12-31","CURRENCY":"HKD","IS_CNY_CODE":0,"DPS_HKD_LY":null,"ORG_TYPE":"一般企业","PREMIUM_INCOME":null,"PREMIUM_INCOME_YOY":null,"NET_INTEREST_INCOME":null,"NET_INTEREST_INCOME_YOY":null,"FEE_COMMISSION_INCOME":null,"FEE_COMMISSION_INCOME_YOY":null,"ACCOUNTS_RECE_TDAYS":5.872367341775,"INVENTORY_TDAYS":10.6397207181,"CURRENT_ASSETS_TDAYS":0.753793045646,"TOTAL_ASSETS_TDAYS":0.288278762598,"PREMIUM_EXPENSE":null,"LOAN_DEPOSIT":null,"LOAN_EQUITY":null,"LOAN_ASSETS":null,"DEPOSIT_EQUITY":null,"DEPOSIT_ASSETS":null,"EQUITY_MULTIPLIER":4.071390902137,"EQUITY_RATIO":5.219948054254},{"SECUCODE":"03869.HK","SECURITY_CODE":"03869","SECURITY_NAME_ABBR":"弘和仁爱医疗","ORG_CODE":"10542882","STD_REPORT_DATE":"2023-12-31 00:00:00","REPORT_DATE":"2023-12-31 00:00:00","DATE_TYPE_CODE":"001","REPORT_TYPE":"2023年年报","PER_NETCASH_OPERATE":0.598368959579,"PER_OI":10.331367497865,"BPS":2.743201586176,"BASIC_EPS":0.956,"DILUTED_EPS":0.213,"OPERATE_INCOME":1427733000,"OPERATE_INCOME_YOY":24.9163787424,"GROSS_PROFIT":239360000,"GROSS_PROFIT_YOY":58.644732830499,"HOLDER_PROFIT":131384000,"HOLDER_PROFIT_YOY":127.3177141812,"GROSS_PROFIT_RATIO":16.765039401625,"EPS_TTM":0.950721449556,"OPERATE_INCOME_QOQ":8.172735978858,"NET_PROFIT_RATIO":11.791000138,"ROE_AVG":41.393563997706,"GROSS_PROFIT_QOQ":20.356402984774,"ROA":5.326021390999,"HOLDER_PROFIT_QOQ":80.393233743409,"ROE_YEARLY":41.393563997706,"ROIC_YEARLY":7.589307246967,"TOTAL_ASSETS":2498100000,"TOTAL_LIABILITIES":1906897000,"TAX_EBT":22.13650071229,"OCF_SALES":5.791769189337,"TOTAL_PARENT_EQUITY":379094000,"DEBT_ASSET_RATIO":76.3338937593,"OPERATE_PROFIT":214498000,"PRETAX_PROFIT":216204000,"NETCASH_OPERATE":82691000,"NETCASH_INVEST":-15518000,"NETCASH_FINANCE":-41615000,"END_CASH":523027000,"DIVI_RATIO":null,"DIVIDEND_RATE":null,"CURRENT_RATIO":1.310727350534,"COMMON_ACS":500000000,"CURRENTDEBT_DEBT":87.186617840397,"ISSUED_COMMON_SHARES":138194000,"HK_COMMON_SHARES":138194000,"PER_SHARES":200,"TOTAL_MARKET_CAP":925899800,"HKSK_MARKET_CAP":925899800,"PE_TTM":-74.504517629395,"PB_TTM":2.344912617555,"REPORT_DATE_SQ":"2022-12-31 00:00:00","REPORT_TYPE_SQ":"2022年年报","OPERATE_INCOME_SQ":1142951000,"DPS_HKD":null,"OPERATE_INCOME_QOQ_SQ":33.841280622043,"NET_PROFIT_RATIO_SQ":-46.2484393469,"HOLDER_PROFIT_SQ":-480948000,"HOLDER_PROFIT_QOQ_SQ":-30.988896060921,"ROE_AVG_SQ":-91.28893604623,"PE_TTM_SQ":9.657686423364,"PB_TTM_SQ":2.323657849334,"ROA_SQ":-17.30253460971,"START_DATE":"2023-01-01 00:00:00","FISCAL_YEAR":"12-31","CURRENCY":"HKD","IS_CNY_CODE":0,"DPS_HKD_LY":null,"ORG_TYPE":"一般企业","PREMIUM_INCOME":null,"PREMIUM_INCOME_YOY":null,"NET_INTEREST_INCOME":null,"NET_INTEREST_INCOME_YOY":null,"FEE_COMMISSION_INCOME":null,"FEE_COMMISSION_INCOME_YOY":null,"ACCOUNTS_RECE_TDAYS":13.91586539633,"INVENTORY_TDAYS":21.90690643636,"CURRENT_ASSETS_TDAYS":1.592992423503,"TOTAL_ASSETS_TDAYS":0.578771882317,"PREMIUM_EXPENSE":null,"LOAN_DEPOSIT":null,"LOAN_EQUITY":null,"LOAN_ASSETS":null,"DEPOSIT_EQUITY":null,"DEPOSIT_ASSETS":null,"EQUITY_MULTIPLIER":4.225452171258,"EQUITY_RATIO":5.030142919698},{"SECUCODE":"03869.HK","SECURITY_CODE":"03869","SECURITY_NAME_ABBR":"弘和仁爱医疗","ORG_CODE":"10542882","STD_REPORT_DATE":"2023-06-30 00:00:00","REPORT_DATE":"2023-06-30 00:00:00","DATE_TYPE_CODE":"002","REPORT_TYPE":"2023年中报","PER_NETCASH_OPERATE":0.442551775041,"PER_OI":5.194371680391,"BPS":2.729843553266,"BASIC_EPS":0.91,"DILUTED_EPS":-0.02,"OPERATE_INCOME":717831000,"OPERATE_INCOME_YOY":32.7060663539,"GROSS_PROFIT":120153000,"GROSS_PROFIT_YOY":66.520684637239,"HOLDER_PROFIT":126218000,"HOLDER_PROFIT_YOY":129.5203970418,"GROSS_PROFIT_RATIO":16.738340918684,"EPS_TTM":0.5270272226,"OPERATE_INCOME_QOQ":15.478616318635,"NET_PROFIT_RATIO":24.7852210339,"ROE_AVG":39.881951093122,"GROSS_PROFIT_QOQ":31.812457747319,"ROA":5.172598562985,"HOLDER_PROFIT_QOQ":115.143425068822,"ROE_YEARLY":79.763902186243,"ROIC_YEARLY":15.051293204064,"TOTAL_ASSETS":2444691000,"TOTAL_LIABILITIES":1820669000,"TAX_EBT":11.472244889835,"OCF_SALES":8.519832662563,"TOTAL_PARENT_EQUITY":377248000,"DEBT_ASSET_RATIO":74.4744018774,"OPERATE_PROFIT":72178000,"PRETAX_PROFIT":200972000,"NETCASH_OPERATE":59512000,"NETCASH_INVEST":63402000,"NETCASH_FINANCE":-28088000,"END_CASH":592940000,"DIVI_RATIO":null,"DIVIDEND_RATE":null,"CURRENT_RATIO":1.190764558697,"COMMON_ACS":500000000,"CURRENTDEBT_DEBT":39.75335439885,"ISSUED_COMMON_SHARES":138194000,"HK_COMMON_SHARES":138194000,"PER_SHARES":200,"TOTAL_MARKET_CAP":925899800,"HKSK_MARKET_CAP":925899800,"PE_TTM":-74.504517629395,"PB_TTM":2.344912617555,"REPORT_DATE_SQ":"2022-06-30 00:00:00","REPORT_TYPE_SQ":"2022年中报","OPERATE_INCOME_SQ":540918000,"DPS_HKD":null,"OPERATE_INCOME_QOQ_SQ":64.13154202464,"NET_PROFIT_RATIO_SQ":-80.8427525059,"HOLDER_PROFIT_SQ":-427562000,"HOLDER_PROFIT_QOQ_SQ":-30.799867478421,"ROE_AVG_SQ":-77.242298794924,"PE_TTM_SQ":9.657686423364,"PB_TTM_SQ":2.323657849334,"ROA_SQ":-15.202755797721,"START_DATE":"2023-01-01 00:00:00","FISCAL_YEAR":"12-31","CURRENCY":"HKD","IS_CNY_CODE":0,"DPS_HKD_LY":null,"ORG_TYPE":"一般企业","PREMIUM_INCOME":null,"PREMIUM_INCOME_YOY":null,"NET_INTEREST_INCOME":null,"NET_INTEREST_INCOME_YOY":null,"FEE_COMMISSION_INCOME":null,"FEE_COMMISSION_INCOME_YOY":null,"ACCOUNTS_RECE_TDAYS":11.416522866254,"INVENTORY_TDAYS":11.624132096388,"CURRENT_ASSETS_TDAYS":0.842099150605,"TOTAL_ASSETS_TDAYS":0.294177660798,"PREMIUM_EXPENSE":null,"LOAN_DEPOSIT":null,"LOAN_EQUITY":null,"LOAN_ASSETS":null,"DEPOSIT_EQUITY":null,"DEPOSIT_ASSETS":null,"EQUITY_MULTIPLIER":3.917635916686,"EQUITY_RATIO":4.826185957248},{"SECUCODE":"03869.HK","SECURITY_CODE":"03869","SECURITY_NAME_ABBR":"弘和仁爱医疗","ORG_CODE":"10542882","STD_REPORT_DATE":"2022-12-31 00:00:00","REPORT_DATE":"2022-12-31 00:00:00","DATE_TYPE_CODE":"001","REPORT_TYPE":"2022年年报","PER_NETCASH_OPERATE":1.035754084837,"PER_OI":8.270626800006,"BPS":1.850369770033,"BASIC_EPS":-3.48,"DILUTED_EPS":-3.48,"OPERATE_INCOME":1142951000,"OPERATE_INCOME_YOY":119.6757577505,"GROSS_PROFIT":150878000,"GROSS_PROFIT_YOY":-29.570969112203,"HOLDER_PROFIT":-480948000,"HOLDER_PROFIT_YOY":-71.3333024591,"GROSS_PROFIT_RATIO":13.200740889155,"EPS_TTM":-3.480237926393,"OPERATE_INCOME_QOQ":33.841280622043,"NET_PROFIT_RATIO":-46.2484393469,"ROE_AVG":-91.28893604623,"GROSS_PROFIT_QOQ":-19.374782910733,"ROA":-17.30253460971,"HOLDER_PROFIT_QOQ":-30.988896060921,"ROE_YEARLY":-91.28893604623,"ROIC_YEARLY":-23.490194957951,"TOTAL_ASSETS":2435564000,"TOTAL_LIABILITIES":1992136000,"TAX_EBT":0.756813385703,"OCF_SALES":12.523284025299,"TOTAL_PARENT_EQUITY":255710000,"DEBT_ASSET_RATIO":81.7936215185,"OPERATE_PROFIT":-537988000,"PRETAX_PROFIT":-532628000,"NETCASH_OPERATE":143135000,"NETCASH_INVEST":187163000,"NETCASH_FINANCE":-279343000,"END_CASH":497061000,"DIVI_RATIO":null,"DIVIDEND_RATE":null,"CURRENT_RATIO":0.472083390033,"COMMON_ACS":500000000,"CURRENTDEBT_DEBT":89.638910194886,"ISSUED_COMMON_SHARES":138194000,"HK_COMMON_SHARES":138194000,"PER_SHARES":200,"TOTAL_MARKET_CAP":925899800,"HKSK_MARKET_CAP":925899800,"PE_TTM":-74.504517629395,"PB_TTM":2.344912617555,"REPORT_DATE_SQ":"2021-12-31 00:00:00","REPORT_TYPE_SQ":"2021年年报","OPERATE_INCOME_SQ":520290000,"DPS_HKD":null,"OPERATE_INCOME_QOQ_SQ":22.196048221747,"NET_PROFIT_RATIO_SQ":-69.6526936901,"HOLDER_PROFIT_SQ":-280709000,"HOLDER_PROFIT_QOQ_SQ":-13.292355130078,"ROE_AVG_SQ":-29.892408881392,"PE_TTM_SQ":9.657686423364,"PB_TTM_SQ":2.323657849334,"ROA_SQ":-8.17450062741,"START_DATE":"2022-01-01 00:00:00","FISCAL_YEAR":"12-31","CURRENCY":"HKD","IS_CNY_CODE":0,"DPS_HKD_LY":null,"ORG_TYPE":"一般企业","PREMIUM_INCOME":null,"PREMIUM_INCOME_YOY":null,"NET_INTEREST_INCOME":null,"NET_INTEREST_INCOME_YOY":null,"FEE_COMMISSION_INCOME":null,"FEE_COMMISSION_INCOME_YOY":null,"ACCOUNTS_RECE_TDAYS":12.267568974492,"INVENTORY_TDAYS":18.878469281929,"CURRENT_ASSETS_TDAYS":1.132426230613,"TOTAL_ASSETS_TDAYS":0.411186848364,"PREMIUM_EXPENSE":null,"LOAN_DEPOSIT":null,"LOAN_EQUITY":null,"LOAN_ASSETS":null,"DEPOSIT_EQUITY":null,"DEPOSIT_ASSETS":null,"EQUITY_MULTIPLIER":5.492580531686,"EQUITY_RATIO":7.790606546478},{"SECUCODE":"03869.HK","SECURITY_CODE":"03869","SECURITY_NAME_ABBR":"弘和仁爱医疗","ORG_CODE":"10542882","STD_REPORT_DATE":"2022-06-30 00:00:00","REPORT_DATE":"2022-06-30 00:00:00","DATE_TYPE_CODE":"002","REPORT_TYPE":"2022年中报","PER_NETCASH_OPERATE":0.090988031318,"PER_OI":3.914193090872,"BPS":2.236667293804,"BASIC_EPS":-3.09,"DILUTED_EPS":-3.09,"OPERATE_INCOME":540918000,"OPERATE_INCOME_YOY":161.0003474099,"GROSS_PROFIT":72155000,"GROSS_PROFIT_YOY":-27.297550555684,"HOLDER_PROFIT":-427562000,"HOLDER_PROFIT_YOY":-25.3465218819,"GROSS_PROFIT_RATIO":13.339360124825,"EPS_TTM":-2.65689537896,"OPERATE_INCOME_QOQ":64.13154202464,"NET_PROFIT_RATIO":-80.8427525059,"ROE_AVG":-77.242298794924,"GROSS_PROFIT_QOQ":-12.646398446508,"ROA":-15.202755797721,"HOLDER_PROFIT_QOQ":-30.799867478421,"ROE_YEARLY":-154.484597589848,"ROIC_YEARLY":-40.913731910858,"TOTAL_ASSETS":2501082000,"TOTAL_LIABILITIES":1935947000,"TAX_EBT":3.160134909193,"OCF_SALES":2.324566755035,"TOTAL_PARENT_EQUITY":309094000,"DEBT_ASSET_RATIO":77.4043793846,"OPERATE_PROFIT":-455568000,"PRETAX_PROFIT":-451563000,"NETCASH_OPERATE":12574000,"NETCASH_INVEST":68717000,"NETCASH_FINANCE":-116480000,"END_CASH":409703000,"DIVI_RATIO":null,"DIVIDEND_RATE":null,"CURRENT_RATIO":1.499424204732,"COMMON_ACS":500000000,"CURRENTDEBT_DEBT":35.838946004204,"ISSUED_COMMON_SHARES":138194000,"HK_COMMON_SHARES":138194000,"PER_SHARES":200,"TOTAL_MARKET_CAP":925899800,"HKSK_MARKET_CAP":925899800,"PE_TTM":-74.504517629395,"PB_TTM":2.344912617555,"REPORT_DATE_SQ":"2021-06-30 00:00:00","REPORT_TYPE_SQ":"2021年中报","OPERATE_INCOME_SQ":207248000,"DPS_HKD":null,"OPERATE_INCOME_QOQ_SQ":6.655327718968,"NET_PROFIT_RATIO_SQ":-198.0352041998,"HOLDER_PROFIT_SQ":-341104000,"HOLDER_PROFIT_QOQ_SQ":38.721676204797,"ROE_AVG_SQ":-45.11090765005,"PE_TTM_SQ":9.657686423364,"PB_TTM_SQ":2.323657849334,"ROA_SQ":-11.814919061454,"START_DATE":"2022-01-01 00:00:00","FISCAL_YEAR":"12-31","CURRENCY":"HKD","IS_CNY_CODE":0,"DPS_HKD_LY":null,"ORG_TYPE":"一般企业","PREMIUM_INCOME":null,"PREMIUM_INCOME_YOY":null,"NET_INTEREST_INCOME":null,"NET_INTEREST_INCOME_YOY":null,"FEE_COMMISSION_INCOME":null,"FEE_COMMISSION_INCOME_YOY":null,"ACCOUNTS_RECE_TDAYS":5.774904715642,"INVENTORY_TDAYS":9.900271391913,"CURRENT_ASSETS_TDAYS":0.488212968938,"TOTAL_ASSETS_TDAYS":0.19233337529,"PREMIUM_EXPENSE":null,"LOAN_DEPOSIT":null,"LOAN_EQUITY":null,"LOAN_ASSETS":null,"DEPOSIT_EQUITY":null,"DEPOSIT_ASSETS":null,"EQUITY_MULTIPLIER":4.425636352376,"EQUITY_RATIO":6.263295308223},{"SECUCODE":"03869.HK","SECURITY_CODE":"03869","SECURITY_NAME_ABBR":"弘和仁爱医疗","ORG_CODE":"10542882","STD_REPORT_DATE":"2021-12-31 00:00:00","REPORT_DATE":"2021-12-31 00:00:00","DATE_TYPE_CODE":"001","REPORT_TYPE":"2021年年报","PER_NETCASH_OPERATE":0.962914453594,"PER_OI":3.764924671115,"BPS":5.774295555523,"BASIC_EPS":-2.031,"DILUTED_EPS":-2.031,"OPERATE_INCOME":520290000,"OPERATE_INCOME_YOY":30.3285956905,"GROSS_PROFIT":214227000,"GROSS_PROFIT_YOY":10.239336383144,"HOLDER_PROFIT":-280709000,"HOLDER_PROFIT_YOY":30.5763437882,"GROSS_PROFIT_RATIO":41.174537277288,"EPS_TTM":-2.031267638248,"OPERATE_INCOME_QOQ":22.196048221747,"NET_PROFIT_RATIO":-69.6526936901,"ROE_AVG":-29.892408881392,"GROSS_PROFIT_QOQ":0.635587248795,"ROA":-8.17450062741,"HOLDER_PROFIT_QOQ":-13.292355130078,"ROE_YEARLY":-29.892408881392,"ROIC_YEARLY":-11.362004441037,"TOTAL_ASSETS":3123714000,"TOTAL_LIABILITIES":1987887000,"TAX_EBT":19.306527247708,"OCF_SALES":25.575928808934,"TOTAL_PARENT_EQUITY":797973000,"DEBT_ASSET_RATIO":63.6385725454,"OPERATE_PROFIT":-435074000,"PRETAX_PROFIT":-449102000,"NETCASH_OPERATE":133069000,"NETCASH_INVEST":13955000,"NETCASH_FINANCE":-550820000,"END_CASH":440428000,"DIVI_RATIO":null,"DIVIDEND_RATE":null,"CURRENT_RATIO":2.234844236257,"COMMON_ACS":500000000,"CURRENTDEBT_DEBT":26.461312941832,"ISSUED_COMMON_SHARES":138194000,"HK_COMMON_SHARES":138194000,"PER_SHARES":200,"TOTAL_MARKET_CAP":925899800,"HKSK_MARKET_CAP":925899800,"PE_TTM":-74.504517629395,"PB_TTM":2.344912617555,"REPORT_DATE_SQ":"2020-12-31 00:00:00","REPORT_TYPE_SQ":"2020年年报","OPERATE_INCOME_SQ":399214000,"DPS_HKD":null,"OPERATE_INCOME_QOQ_SQ":4.22498440074,"NET_PROFIT_RATIO_SQ":-105.4745074071,"HOLDER_PROFIT_SQ":-404342000,"HOLDER_PROFIT_QOQ_SQ":20.875039382251,"ROE_AVG_SQ":-31.549018399212,"PE_TTM_SQ":9.657686423364,"PB_TTM_SQ":2.323657849334,"ROA_SQ":-9.862994719102,"START_DATE":"2021-01-01 00:00:00","FISCAL_YEAR":"12-31","CURRENCY":"HKD","IS_CNY_CODE":0,"DPS_HKD_LY":null,"ORG_TYPE":"一般企业","PREMIUM_INCOME":null,"PREMIUM_INCOME_YOY":null,"NET_INTEREST_INCOME":null,"NET_INTEREST_INCOME_YOY":null,"FEE_COMMISSION_INCOME":null,"FEE_COMMISSION_INCOME_YOY":null,"ACCOUNTS_RECE_TDAYS":6.996013150552,"INVENTORY_TDAYS":11.212536405766,"CURRENT_ASSETS_TDAYS":0.426206947397,"TOTAL_ASSETS_TDAYS":0.151513165999,"PREMIUM_EXPENSE":null,"LOAN_DEPOSIT":null,"LOAN_EQUITY":null,"LOAN_ASSETS":null,"DEPOSIT_EQUITY":null,"DEPOSIT_ASSETS":null,"EQUITY_MULTIPLIER":2.750167058894,"EQUITY_RATIO":2.491170753898},{"SECUCODE":"03869.HK","SECURITY_CODE":"03869","SECURITY_NAME_ABBR":"弘和仁爱医疗","ORG_CODE":"10542882","STD_REPORT_DATE":"2021-06-30 00:00:00","REPORT_DATE":"2021-06-30 00:00:00","DATE_TYPE_CODE":"002","REPORT_TYPE":"2021年中报","PER_NETCASH_OPERATE":0.699321244048,"PER_OI":1.49968884322,"BPS":5.350926957755,"BASIC_EPS":-2.47,"DILUTED_EPS":-2.47,"OPERATE_INCOME":207248000,"OPERATE_INCOME_YOY":14.7050847082,"GROSS_PROFIT":99247000,"GROSS_PROFIT_YOY":22.979603975118,"HOLDER_PROFIT":-341104000,"HOLDER_PROFIT_YOY":27.6137934927,"GROSS_PROFIT_RATIO":47.888037520266,"EPS_TTM":-1.792943253687,"OPERATE_INCOME_QOQ":6.655327718968,"NET_PROFIT_RATIO":-198.0352041998,"ROE_AVG":-45.11090765005,"GROSS_PROFIT_QOQ":9.543094442929,"ROA":-11.814919061454,"HOLDER_PROFIT_QOQ":38.721676204797,"ROE_YEARLY":-90.221815300101,"ROIC_YEARLY":-34.149125770266,"TOTAL_ASSETS":3203351000,"TOTAL_LIABILITIES":2246121000,"TAX_EBT":16.750202331426,"OCF_SALES":46.631089322937,"TOTAL_PARENT_EQUITY":739466000,"DEBT_ASSET_RATIO":70.117854709,"OPERATE_PROFIT":-483835000,"PRETAX_PROFIT":-493003000,"NETCASH_OPERATE":96642000,"NETCASH_INVEST":-114584000,"NETCASH_FINANCE":-65013000,"END_CASH":769696000,"DIVI_RATIO":null,"DIVIDEND_RATE":null,"CURRENT_RATIO":2.875786948458,"COMMON_ACS":500000000,"CURRENTDEBT_DEBT":19.709134102749,"ISSUED_COMMON_SHARES":138194000,"HK_COMMON_SHARES":138194000,"PER_SHARES":200,"TOTAL_MARKET_CAP":925899800,"HKSK_MARKET_CAP":925899800,"PE_TTM":-74.504517629395,"PB_TTM":2.344912617555,"REPORT_DATE_SQ":"2020-06-30 00:00:00","REPORT_TYPE_SQ":"2020年中报","OPERATE_INCOME_SQ":180679000,"DPS_HKD":null,"OPERATE_INCOME_QOQ_SQ":-6.778572002249,"NET_PROFIT_RATIO_SQ":-313.8117877562,"HOLDER_PROFIT_SQ":-566992000,"HOLDER_PROFIT_QOQ_SQ":-438.646123260437,"ROE_AVG_SQ":-46.635090892417,"PE_TTM_SQ":9.657686423364,"PB_TTM_SQ":2.323657849334,"ROA_SQ":-13.687560487439,"START_DATE":"2021-01-01 00:00:00","FISCAL_YEAR":"12-31","CURRENCY":"HKD","IS_CNY_CODE":0,"DPS_HKD_LY":null,"ORG_TYPE":"一般企业","PREMIUM_INCOME":null,"PREMIUM_INCOME_YOY":null,"NET_INTEREST_INCOME":null,"NET_INTEREST_INCOME_YOY":null,"FEE_COMMISSION_INCOME":null,"FEE_COMMISSION_INCOME_YOY":null,"ACCOUNTS_RECE_TDAYS":6.317766126082,"INVENTORY_TDAYS":16.501298701299,"CURRENT_ASSETS_TDAYS":0.163251673887,"TOTAL_ASSETS_TDAYS":0.059660700779,"PREMIUM_EXPENSE":null,"LOAN_DEPOSIT":null,"LOAN_EQUITY":null,"LOAN_ASSETS":null,"DEPOSIT_EQUITY":null,"DEPOSIT_ASSETS":null,"EQUITY_MULTIPLIER":3.346479947346,"EQUITY_RATIO":3.037490567518},{"SECUCODE":"03869.HK","SECURITY_CODE":"03869","SECURITY_NAME_ABBR":"弘和仁爱医疗","ORG_CODE":"10542882","STD_REPORT_DATE":"2020-12-31 00:00:00","REPORT_DATE":"2020-12-31 00:00:00","DATE_TYPE_CODE":"001","REPORT_TYPE":"2020年年报","PER_NETCASH_OPERATE":0.604114505695,"PER_OI":2.888794014212,"BPS":7.816229358728,"BASIC_EPS":-2.926,"DILUTED_EPS":-2.926,"OPERATE_INCOME":399214000,"OPERATE_INCOME_YOY":-2.8399812112,"GROSS_PROFIT":194329000,"GROSS_PROFIT_YOY":11.769408625033,"HOLDER_PROFIT":-404342000,"HOLDER_PROFIT_YOY":-367.9536116634,"GROSS_PROFIT_RATIO":48.677902077583,"EPS_TTM":-2.92590126923,"OPERATE_INCOME_QOQ":4.22498440074,"NET_PROFIT_RATIO":-105.4745074071,"ROE_AVG":-31.549018399212,"GROSS_PROFIT_QOQ":14.227185892726,"ROA":-9.862994719102,"HOLDER_PROFIT_QOQ":20.875039382251,"ROE_YEARLY":-31.549018399212,"ROIC_YEARLY":-14.074754139447,"TOTAL_ASSETS":3744204000,"TOTAL_LIABILITIES":2376964000,"TAX_EBT":3.38531926952,"OCF_SALES":20.912342753511,"TOTAL_PARENT_EQUITY":1080156000,"DEBT_ASSET_RATIO":63.4838272701,"OPERATE_PROFIT":-399841000,"PRETAX_PROFIT":-435823000,"NETCASH_OPERATE":83485000,"NETCASH_INVEST":104825000,"NETCASH_FINANCE":-119147000,"END_CASH":860726000,"DIVI_RATIO":null,"DIVIDEND_RATE":null,"CURRENT_RATIO":2.631052242156,"COMMON_ACS":500000000,"CURRENTDEBT_DEBT":20.24195570484,"ISSUED_COMMON_SHARES":138194000,"HK_COMMON_SHARES":138194000,"PER_SHARES":200,"TOTAL_MARKET_CAP":925899800,"HKSK_MARKET_CAP":925899800,"PE_TTM":-74.504517629395,"PB_TTM":2.344912617555,"REPORT_DATE_SQ":"2019-12-31 00:00:00","REPORT_TYPE_SQ":"2019年年报","OPERATE_INCOME_SQ":410883000,"DPS_HKD":null,"OPERATE_INCOME_QOQ_SQ":-1.62779339306,"NET_PROFIT_RATIO_SQ":41.2394769314,"HOLDER_PROFIT_SQ":150900000,"HOLDER_PROFIT_QOQ_SQ":116.164336465735,"ROE_AVG_SQ":10.749746750499,"PE_TTM_SQ":9.657686423364,"PB_TTM_SQ":2.323657849334,"ROA_SQ":3.653390341395,"START_DATE":"2020-01-01 00:00:00","FISCAL_YEAR":"12-31","CURRENCY":"HKD","IS_CNY_CODE":0,"DPS_HKD_LY":null,"ORG_TYPE":"一般企业","PREMIUM_INCOME":null,"PREMIUM_INCOME_YOY":null,"NET_INTEREST_INCOME":null,"NET_INTEREST_INCOME_YOY":null,"FEE_COMMISSION_INCOME":null,"FEE_COMMISSION_INCOME_YOY":null,"ACCOUNTS_RECE_TDAYS":12.421674938158,"INVENTORY_TDAYS":35.382954839824,"CURRENT_ASSETS_TDAYS":0.313916215146,"TOTAL_ASSETS_TDAYS":0.09737908933,"PREMIUM_EXPENSE":null,"LOAN_DEPOSIT":null,"LOAN_EQUITY":null,"LOAN_ASSETS":null,"DEPOSIT_EQUITY":null,"DEPOSIT_ASSETS":null,"EQUITY_MULTIPLIER":2.738512623973,"EQUITY_RATIO":2.200574731798},{"SECUCODE":"03869.HK","SECURITY_CODE":"03869","SECURITY_NAME_ABBR":"弘和仁爱医疗","ORG_CODE":"10542882","STD_REPORT_DATE":"2020-06-30 00:00:00","REPORT_DATE":"2020-06-30 00:00:00","DATE_TYPE_CODE":"002","REPORT_TYPE":"2020年中报","PER_NETCASH_OPERATE":0.154377179907,"PER_OI":1.307430134449,"BPS":6.863575842656,"BASIC_EPS":-3.87,"DILUTED_EPS":-3.87,"OPERATE_INCOME":180679000,"OPERATE_INCOME_YOY":-13.3562875544,"GROSS_PROFIT":80702000,"GROSS_PROFIT_YOY":-4.43020735881,"HOLDER_PROFIT":-566992000,"HOLDER_PROFIT_YOY":-697.3052409797,"GROSS_PROFIT_RATIO":44.665954538159,"EPS_TTM":-3.697823349784,"OPERATE_INCOME_QOQ":-6.778572002249,"NET_PROFIT_RATIO":-313.8117877562,"ROE_AVG":-46.635090892417,"GROSS_PROFIT_QOQ":-2.151657023225,"ROA":-13.687560487439,"HOLDER_PROFIT_QOQ":-438.646123260437,"ROE_YEARLY":-93.270181784833,"ROIC_YEARLY":-39.439862577616,"TOTAL_ASSETS":3829809000,"TOTAL_LIABILITIES":2580454000,"TAX_EBT":5.801825509957,"OCF_SALES":11.807681025465,"TOTAL_PARENT_EQUITY":948505000,"DEBT_ASSET_RATIO":67.3781381787,"OPERATE_PROFIT":-611942000,"PRETAX_PROFIT":-601914000,"NETCASH_OPERATE":21334000,"NETCASH_INVEST":62873000,"NETCASH_FINANCE":-13033000,"END_CASH":922493000,"DIVI_RATIO":null,"DIVIDEND_RATE":null,"CURRENT_RATIO":1.44636673716,"COMMON_ACS":500000000,"CURRENTDEBT_DEBT":35.879810296948,"ISSUED_COMMON_SHARES":138194000,"HK_COMMON_SHARES":138194000,"PER_SHARES":200,"TOTAL_MARKET_CAP":925899800,"HKSK_MARKET_CAP":925899800,"PE_TTM":-74.504517629395,"PB_TTM":2.344912617555,"REPORT_DATE_SQ":"2019-06-30 00:00:00","REPORT_TYPE_SQ":"2019年中报","OPERATE_INCOME_SQ":208531000,"DPS_HKD":null,"OPERATE_INCOME_QOQ_SQ":8.881937384323,"NET_PROFIT_RATIO_SQ":45.5208098556,"HOLDER_PROFIT_SQ":94925000,"HOLDER_PROFIT_QOQ_SQ":238.261041790454,"ROE_AVG_SQ":5.993062925005,"PE_TTM_SQ":9.657686423364,"PB_TTM_SQ":2.323657849334,"ROA_SQ":1.981003100623,"START_DATE":"2020-01-01 00:00:00","FISCAL_YEAR":"12-31","CURRENCY":"HKD","IS_CNY_CODE":0,"DPS_HKD_LY":null,"ORG_TYPE":"一般企业","PREMIUM_INCOME":null,"PREMIUM_INCOME_YOY":null,"NET_INTEREST_INCOME":null,"NET_INTEREST_INCOME_YOY":null,"FEE_COMMISSION_INCOME":null,"FEE_COMMISSION_INCOME_YOY":null,"ACCOUNTS_RECE_TDAYS":5.954749192538,"INVENTORY_TDAYS":17.295562667589,"CURRENT_ASSETS_TDAYS":0.138098739464,"TOTAL_ASSETS_TDAYS":0.043617101146,"PREMIUM_EXPENSE":null,"LOAN_DEPOSIT":null,"LOAN_EQUITY":null,"LOAN_ASSETS":null,"DEPOSIT_EQUITY":null,"DEPOSIT_ASSETS":null,"EQUITY_MULTIPLIER":3.065428961345,"EQUITY_RATIO":2.72054865288}],"count":20},"success":true,"message":"ok","code":0}