{"version":"b172cda89dc8f03a0b2f3edccd067da0","result":{"pages":2,"data":[{"SECUCODE":"03868.HK","SECURITY_CODE":"03868","SECURITY_NAME_ABBR":"信义能源","ORG_CODE":"10944998","STD_REPORT_DATE":"2024-06-30 00:00:00","REPORT_DATE":"2024-06-30 00:00:00","DATE_TYPE_CODE":"002","REPORT_TYPE":"2024年中报","PER_NETCASH_OPERATE":0.018833736904,"PER_OI":0.134682000311,"BPS":1.416389185312,"BASIC_EPS":0.043626104,"DILUTED_EPS":0.043626104,"OPERATE_INCOME":1112013875.4,"OPERATE_INCOME_YOY":-5.4440093314,"GROSS_PROFIT":714131942.08,"GROSS_PROFIT_YOY":-14.37324277951,"HOLDER_PROFIT":360072338.96,"HOLDER_PROFIT_YOY":-30.4016018206,"GROSS_PROFIT_RATIO":64.219697062964,"EPS_TTM":0.089299355494,"OPERATE_INCOME_QOQ":-3.331754667359,"NET_PROFIT_RATIO":32.428543875,"ROE_AVG":3.000561480605,"GROSS_PROFIT_QOQ":-7.73934685454,"ROA":1.850581325711,"HOLDER_PROFIT_QOQ":-18.064564340425,"ROE_YEARLY":6.00112296121,"ROIC_YEARLY":3.802684728846,"TOTAL_ASSETS":19626330956.88,"TOTAL_LIABILITIES":7752003648.28,"TAX_EBT":30.792284544216,"OCF_SALES":13.983855942811,"TOTAL_PARENT_EQUITY":11864601790.52,"DEBT_ASSET_RATIO":39.4979768012,"OPERATE_PROFIT":698965938.52,"PRETAX_PROFIT":521054488.08,"NETCASH_OPERATE":155502418.4,"NETCASH_INVEST":-607498061.6,"NETCASH_FINANCE":304836032.68,"END_CASH":430912735.2,"DIVI_RATIO":0.498921406025,"DIVIDEND_RATE":5.975609756098,"CURRENT_RATIO":1.515795314972,"COMMON_ACS":800000000000,"CURRENTDEBT_DEBT":41.265961443527,"ISSUED_COMMON_SHARES":8376653757,"HK_COMMON_SHARES":8376653757,"PER_SHARES":2000,"TOTAL_MARKET_CAP":6868856080.74,"HKSK_MARKET_CAP":6868856080.74,"PE_TTM":8.36997818903,"PB_TTM":0.528384153,"REPORT_DATE_SQ":"2023-06-30 00:00:00","REPORT_TYPE_SQ":"2023年中报","OPERATE_INCOME_SQ":1188021016.92,"DPS_HKD":0.049,"OPERATE_INCOME_QOQ_SQ":5.434386201297,"NET_PROFIT_RATIO_SQ":44.0578353721,"HOLDER_PROFIT_SQ":522628972.9,"HOLDER_PROFIT_QOQ_SQ":-1.178649481219,"ROE_AVG_SQ":4.63680633895,"PE_TTM_SQ":9.833353325627,"PB_TTM_SQ":0.708794069506,"ROA_SQ":2.819990128505,"START_DATE":"2024-01-01 00:00:00","FISCAL_YEAR":"12-31","CURRENCY":"HKD","IS_CNY_CODE":0,"DPS_HKD_LY":0.049,"ORG_TYPE":"一般企业","PREMIUM_INCOME":null,"PREMIUM_INCOME_YOY":null,"NET_INTEREST_INCOME":null,"NET_INTEREST_INCOME_YOY":null,"FEE_COMMISSION_INCOME":null,"FEE_COMMISSION_INCOME_YOY":null,"ACCOUNTS_RECE_TDAYS":0.266625365873,"INVENTORY_TDAYS":null,"CURRENT_ASSETS_TDAYS":0.23696747448,"TOTAL_ASSETS_TDAYS":0.057151630078,"PREMIUM_EXPENSE":null,"LOAN_DEPOSIT":null,"LOAN_EQUITY":null,"LOAN_ASSETS":null,"DEPOSIT_EQUITY":null,"DEPOSIT_ASSETS":null,"EQUITY_MULTIPLIER":1.652837288952,"EQUITY_RATIO":0.6533724254},{"SECUCODE":"03868.HK","SECURITY_CODE":"03868","SECURITY_NAME_ABBR":"信义能源","ORG_CODE":"10944998","STD_REPORT_DATE":"2023-12-31 00:00:00","REPORT_DATE":"2023-12-31 00:00:00","DATE_TYPE_CODE":"001","REPORT_TYPE":"2023年年报","PER_NETCASH_OPERATE":0.082660886507,"PER_OI":0.27629990574,"BPS":1.438501803092,"BASIC_EPS":0.113821232,"DILUTED_EPS":0.113821232,"OPERATE_INCOME":2281294666.28,"OPERATE_INCOME_YOY":8.7289414864,"GROSS_PROFIT":1548885849.84,"GROSS_PROFIT_YOY":6.102173882101,"HOLDER_PROFIT":899864679.14,"HOLDER_PROFIT_YOY":2.2168899924,"GROSS_PROFIT_RATIO":67.895036653274,"EPS_TTM":0.108987466503,"OPERATE_INCOME_QOQ":4.619774589737,"NET_PROFIT_RATIO":39.5134374153,"ROE_AVG":7.928082329862,"GROSS_PROFIT_QOQ":2.457950576242,"ROA":4.835177805766,"HOLDER_PROFIT_QOQ":4.935581232634,"ROE_YEARLY":7.928082329862,"ROIC_YEARLY":5.142603863897,"TOTAL_ASSETS":19151657461.86,"TOTAL_LIABILITIES":7092299743.9,"TAX_EBT":23.374197305659,"OCF_SALES":29.917088203819,"TOTAL_PARENT_EQUITY":12049831533.32,"DEBT_ASSET_RATIO":37.0323025985,"OPERATE_PROFIT":1498112155.68,"PRETAX_PROFIT":1176389556.16,"NETCASH_OPERATE":682496937.5,"NETCASH_INVEST":-2365577657.38,"NETCASH_FINANCE":666368940.16,"END_CASH":584520055.98,"DIVI_RATIO":0.408793427625,"DIVIDEND_RATE":5.764705882353,"CURRENT_RATIO":1.190964593013,"COMMON_ACS":800000000000,"CURRENTDEBT_DEBT":53.326595321256,"ISSUED_COMMON_SHARES":8376653757,"HK_COMMON_SHARES":8376653757,"PER_SHARES":2000,"TOTAL_MARKET_CAP":7120155693.45,"HKSK_MARKET_CAP":7120155693.45,"PE_TTM":8.676196903263,"PB_TTM":0.547715280549,"REPORT_DATE_SQ":"2022-12-31 00:00:00","REPORT_TYPE_SQ":"2022年年报","OPERATE_INCOME_SQ":2068165699.25,"DPS_HKD":0.049,"OPERATE_INCOME_QOQ_SQ":2.002462377123,"NET_PROFIT_RATIO_SQ":42.0671842438,"HOLDER_PROFIT_SQ":867768034.77,"HOLDER_PROFIT_QOQ_SQ":-15.245546382202,"ROE_AVG_SQ":7.993619593132,"PE_TTM_SQ":11.366995587422,"PB_TTM_SQ":0.819339933557,"ROA_SQ":4.722449147255,"START_DATE":"2023-01-01 00:00:00","FISCAL_YEAR":"12-31","CURRENCY":"HKD","IS_CNY_CODE":0,"DPS_HKD_LY":0.108,"ORG_TYPE":"一般企业","PREMIUM_INCOME":null,"PREMIUM_INCOME_YOY":null,"NET_INTEREST_INCOME":null,"NET_INTEREST_INCOME_YOY":null,"FEE_COMMISSION_INCOME":null,"FEE_COMMISSION_INCOME_YOY":null,"ACCOUNTS_RECE_TDAYS":0.652158786009,"INVENTORY_TDAYS":null,"CURRENT_ASSETS_TDAYS":0.495050281829,"TOTAL_ASSETS_TDAYS":0.122579156561,"PREMIUM_EXPENSE":null,"LOAN_DEPOSIT":null,"LOAN_EQUITY":null,"LOAN_ASSETS":null,"DEPOSIT_EQUITY":null,"DEPOSIT_ASSETS":null,"EQUITY_MULTIPLIER":1.588115877295,"EQUITY_RATIO":0.58858082159},{"SECUCODE":"03868.HK","SECURITY_CODE":"03868","SECURITY_NAME_ABBR":"信义能源","ORG_CODE":"10944998","STD_REPORT_DATE":"2023-06-30 00:00:00","REPORT_DATE":"2023-06-30 00:00:00","DATE_TYPE_CODE":"002","REPORT_TYPE":"2023年中报","PER_NETCASH_OPERATE":0.019822730689,"PER_OI":0.145155960604,"BPS":1.397519919543,"BASIC_EPS":0.068964104,"DILUTED_EPS":0.068964104,"OPERATE_INCOME":1188021016.92,"OPERATE_INCOME_YOY":2.4478321087,"GROSS_PROFIT":834005590.38,"GROSS_PROFIT_YOY":6.638981745632,"HOLDER_PROFIT":522628972.9,"HOLDER_PROFIT_YOY":-9.0245969256,"GROSS_PROFIT_RATIO":70.201248841725,"EPS_TTM":0.104776812818,"OPERATE_INCOME_QOQ":5.434386201297,"NET_PROFIT_RATIO":44.0578353721,"ROE_AVG":4.63680633895,"GROSS_PROFIT_QOQ":3.556798945678,"ROA":2.819990128505,"HOLDER_PROFIT_QOQ":-1.178649481219,"ROE_YEARLY":9.273612677899,"ROIC_YEARLY":6.02825892263,"TOTAL_ASSETS":18681843791.14,"TOTAL_LIABILITIES":6966677261.74,"TAX_EBT":21.774830275982,"OCF_SALES":13.656160316137,"TOTAL_PARENT_EQUITY":11706540484.52,"DEBT_ASSET_RATIO":37.2911653669,"OPERATE_PROFIT":816889953.66,"PRETAX_PROFIT":669114999.26,"NETCASH_OPERATE":162238054.66,"NETCASH_INVEST":-1532168491.52,"NETCASH_FINANCE":452256083.46,"END_CASH":719352767.48,"DIVI_RATIO":0.425221561926,"DIVIDEND_RATE":5.764705882353,"CURRENT_RATIO":1.000929004577,"COMMON_ACS":800000000000,"CURRENTDEBT_DEBT":65.785758024555,"ISSUED_COMMON_SHARES":8376653757,"HK_COMMON_SHARES":8376653757,"PER_SHARES":2000,"TOTAL_MARKET_CAP":7120155693.45,"HKSK_MARKET_CAP":7120155693.45,"PE_TTM":8.676196903263,"PB_TTM":0.547715280549,"REPORT_DATE_SQ":"2022-06-30 00:00:00","REPORT_TYPE_SQ":"2022年中报","OPERATE_INCOME_SQ":1075628905.54,"DPS_HKD":0.049,"OPERATE_INCOME_QOQ_SQ":7.97901338796,"NET_PROFIT_RATIO_SQ":49.6194840694,"HOLDER_PROFIT_SQ":532856916.34,"HOLDER_PROFIT_QOQ_SQ":1.623137548361,"ROE_AVG_SQ":4.996507137704,"PE_TTM_SQ":11.366995587422,"PB_TTM_SQ":0.819339933557,"ROA_SQ":2.955151731077,"START_DATE":"2023-01-01 00:00:00","FISCAL_YEAR":"12-31","CURRENCY":"HKD","IS_CNY_CODE":0,"DPS_HKD_LY":0.108,"ORG_TYPE":"一般企业","PREMIUM_INCOME":null,"PREMIUM_INCOME_YOY":null,"NET_INTEREST_INCOME":null,"NET_INTEREST_INCOME_YOY":null,"FEE_COMMISSION_INCOME":null,"FEE_COMMISSION_INCOME_YOY":null,"ACCOUNTS_RECE_TDAYS":0.33906924459,"INVENTORY_TDAYS":null,"CURRENT_ASSETS_TDAYS":0.253272204614,"TOTAL_ASSETS_TDAYS":0.064102981539,"PREMIUM_EXPENSE":null,"LOAN_DEPOSIT":null,"LOAN_EQUITY":null,"LOAN_ASSETS":null,"DEPOSIT_EQUITY":null,"DEPOSIT_ASSETS":null,"EQUITY_MULTIPLIER":1.594671637339,"EQUITY_RATIO":0.595109825226},{"SECUCODE":"03868.HK","SECURITY_CODE":"03868","SECURITY_NAME_ABBR":"信义能源","ORG_CODE":"10944998","STD_REPORT_DATE":"2022-12-31 00:00:00","REPORT_DATE":"2022-12-31 00:00:00","DATE_TYPE_CODE":"001","REPORT_TYPE":"2022年年报","PER_NETCASH_OPERATE":0.348094355351,"PER_OI":0.277964306807,"BPS":1.253323368825,"BASIC_EPS":0.11880491,"DILUTED_EPS":0.11880491,"OPERATE_INCOME":2068165699.25,"OPERATE_INCOME_YOY":0.8110515847,"GROSS_PROFIT":1459805952.29,"GROSS_PROFIT_YOY":6.317562692273,"HOLDER_PROFIT":867768034.77,"HOLDER_PROFIT_YOY":-21.166054655,"GROSS_PROFIT_RATIO":70.584574186652,"EPS_TTM":0.116629214159,"OPERATE_INCOME_QOQ":2.002462377123,"NET_PROFIT_RATIO":42.0671842438,"ROE_AVG":7.993619593132,"GROSS_PROFIT_QOQ":-0.618799766935,"ROA":4.722449147255,"HOLDER_PROFIT_QOQ":-15.245546382202,"ROE_YEARLY":7.993619593132,"ROIC_YEARLY":5.082237922412,"TOTAL_ASSETS":17811696607.6,"TOTAL_LIABILITIES":7304919090.56,"TAX_EBT":23.44331413857,"OCF_SALES":125.22987550075,"TOTAL_PARENT_EQUITY":10498655906.2,"DEBT_ASSET_RATIO":41.011921837,"OPERATE_PROFIT":1376503165.17,"PRETAX_PROFIT":1136437745.94,"NETCASH_OPERATE":2589961330.32,"NETCASH_INVEST":-1367054155.11,"NETCASH_FINANCE":-514842417.39,"END_CASH":1599638438.09,"DIVI_RATIO":0.382008575821,"DIVIDEND_RATE":5.764705882353,"CURRENT_RATIO":1.019834095439,"COMMON_ACS":800000000000,"CURRENTDEBT_DEBT":62.347317005408,"ISSUED_COMMON_SHARES":8376653757,"HK_COMMON_SHARES":8376653757,"PER_SHARES":2000,"TOTAL_MARKET_CAP":7120155693.45,"HKSK_MARKET_CAP":7120155693.45,"PE_TTM":8.676196903263,"PB_TTM":0.547715280549,"REPORT_DATE_SQ":"2021-12-31 00:00:00","REPORT_TYPE_SQ":"2021年年报","OPERATE_INCOME_SQ":1877739404.8,"DPS_HKD":0.049,"OPERATE_INCOME_QOQ_SQ":17.663806109735,"NET_PROFIT_RATIO_SQ":53.7655748726,"HOLDER_PROFIT_SQ":1007508040,"HOLDER_PROFIT_QOQ_SQ":12.848303342422,"ROE_AVG_SQ":10.035678975547,"PE_TTM_SQ":11.366995587422,"PB_TTM_SQ":0.819339933557,"ROA_SQ":6.412122325982,"START_DATE":"2022-01-01 00:00:00","FISCAL_YEAR":"12-31","CURRENCY":"HKD","IS_CNY_CODE":0,"DPS_HKD_LY":0.177,"ORG_TYPE":"一般企业","PREMIUM_INCOME":null,"PREMIUM_INCOME_YOY":null,"NET_INTEREST_INCOME":null,"NET_INTEREST_INCOME_YOY":null,"FEE_COMMISSION_INCOME":null,"FEE_COMMISSION_INCOME_YOY":null,"ACCOUNTS_RECE_TDAYS":0.548759163515,"INVENTORY_TDAYS":null,"CURRENT_ASSETS_TDAYS":0.408395580538,"TOTAL_ASSETS_TDAYS":0.112550900142,"PREMIUM_EXPENSE":null,"LOAN_DEPOSIT":null,"LOAN_EQUITY":null,"LOAN_ASSETS":null,"DEPOSIT_EQUITY":null,"DEPOSIT_ASSETS":null,"EQUITY_MULTIPLIER":1.695257806563,"EQUITY_RATIO":0.695795648112},{"SECUCODE":"03868.HK","SECURITY_CODE":"03868","SECURITY_NAME_ABBR":"信义能源","ORG_CODE":"10944998","STD_REPORT_DATE":"2022-06-30 00:00:00","REPORT_DATE":"2022-06-30 00:00:00","DATE_TYPE_CODE":"002","REPORT_TYPE":"2022年中报","PER_NETCASH_OPERATE":0.070055898988,"PER_OI":0.147378758479,"BPS":1.264743529135,"BASIC_EPS":0.074059454,"DILUTED_EPS":0.074059454,"OPERATE_INCOME":1075628905.54,"OPERATE_INCOME_YOY":13.0435954911,"GROSS_PROFIT":782083227.66,"GROSS_PROFIT_YOY":13.964825654226,"HOLDER_PROFIT":532856916.34,"HOLDER_PROFIT_YOY":0.3782594267,"GROSS_PROFIT_RATIO":72.709391095005,"EPS_TTM":0.140285746985,"OPERATE_INCOME_QOQ":7.97901338796,"NET_PROFIT_RATIO":49.6194840694,"ROE_AVG":4.996507137704,"GROSS_PROFIT_QOQ":6.979551910161,"ROA":2.955151731077,"HOLDER_PROFIT_QOQ":1.623137548361,"ROE_YEARLY":9.993014275408,"ROIC_YEARLY":6.256623681411,"TOTAL_ASSETS":17931218559.94,"TOTAL_LIABILITIES":7329852304.18,"TAX_EBT":20.5602432719,"OCF_SALES":47.534597055414,"TOTAL_PARENT_EQUITY":10594318634.97,"DEBT_ASSET_RATIO":40.8776028226,"OPERATE_PROFIT":759522460.27,"PRETAX_PROFIT":671856933.37,"NETCASH_OPERATE":511295866.06,"NETCASH_INVEST":-449339916.13,"NETCASH_FINANCE":57541459.15,"END_CASH":1037549005.22,"DIVI_RATIO":0.317590068538,"DIVIDEND_RATE":5.764705882353,"CURRENT_RATIO":1.158521180467,"COMMON_ACS":800000000000,"CURRENTDEBT_DEBT":65.309376174743,"ISSUED_COMMON_SHARES":8376653757,"HK_COMMON_SHARES":8376653757,"PER_SHARES":2000,"TOTAL_MARKET_CAP":7120155693.45,"HKSK_MARKET_CAP":7120155693.45,"PE_TTM":8.676196903263,"PB_TTM":0.547715280549,"REPORT_DATE_SQ":"2021-06-30 00:00:00","REPORT_TYPE_SQ":"2021年中报","OPERATE_INCOME_SQ":925803827.04,"DPS_HKD":0.049,"OPERATE_INCOME_QOQ_SQ":10.108298257909,"NET_PROFIT_RATIO_SQ":55.8946395863,"HOLDER_PROFIT_SQ":516503675.04,"HOLDER_PROFIT_QOQ_SQ":15.051663036855,"ROE_AVG_SQ":5.139691143096,"PE_TTM_SQ":11.366995587422,"PB_TTM_SQ":0.819339933557,"ROA_SQ":3.395519632582,"START_DATE":"2022-01-01 00:00:00","FISCAL_YEAR":"12-31","CURRENCY":"HKD","IS_CNY_CODE":0,"DPS_HKD_LY":0.177,"ORG_TYPE":"一般企业","PREMIUM_INCOME":null,"PREMIUM_INCOME_YOY":null,"NET_INTEREST_INCOME":null,"NET_INTEREST_INCOME_YOY":null,"FEE_COMMISSION_INCOME":null,"FEE_COMMISSION_INCOME_YOY":null,"ACCOUNTS_RECE_TDAYS":0.244206159994,"INVENTORY_TDAYS":null,"CURRENT_ASSETS_TDAYS":0.199270483644,"TOTAL_ASSETS_TDAYS":0.05965291103,"PREMIUM_EXPENSE":null,"LOAN_DEPOSIT":null,"LOAN_EQUITY":null,"LOAN_ASSETS":null,"DEPOSIT_EQUITY":null,"DEPOSIT_ASSETS":null,"EQUITY_MULTIPLIER":1.691406383607,"EQUITY_RATIO":0.691866325408},{"SECUCODE":"03868.HK","SECURITY_CODE":"03868","SECURITY_NAME_ABBR":"信义能源","ORG_CODE":"10944998","STD_REPORT_DATE":"2021-12-31 00:00:00","REPORT_DATE":"2021-12-31 00:00:00","DATE_TYPE_CODE":"001","REPORT_TYPE":"2021年年报","PER_NETCASH_OPERATE":0.140872740281,"PER_OI":0.264098425964,"BPS":1.225191592935,"BASIC_EPS":0.14169008,"DILUTED_EPS":0.14169008,"OPERATE_INCOME":1877739404.8,"OPERATE_INCOME_YOY":33.3670141012,"GROSS_PROFIT":1373061905.6,"GROSS_PROFIT_YOY":30.857616076375,"HOLDER_PROFIT":1007508040,"HOLDER_PROFIT_YOY":33.6513714104,"GROSS_PROFIT_RATIO":73.123134237376,"EPS_TTM":0.141702989685,"OPERATE_INCOME_QOQ":17.663806109735,"NET_PROFIT_RATIO":53.7655748726,"ROE_AVG":10.035678975547,"GROSS_PROFIT_QOQ":17.4106247574,"ROA":6.412122325982,"HOLDER_PROFIT_QOQ":12.848303342422,"ROE_YEARLY":10.035678975547,"ROIC_YEARLY":6.844896432666,"TOTAL_ASSETS":17334714320,"TOTAL_LIABILITIES":7065288764.8,"TAX_EBT":15.214664193888,"OCF_SALES":53.340999578516,"TOTAL_PARENT_EQUITY":10263005760,"DEBT_ASSET_RATIO":40.7580340488,"OPERATE_PROFIT":1329161691.2,"PRETAX_PROFIT":1190745281.6,"NETCASH_OPERATE":1001604968,"NETCASH_INVEST":-2541872614.4,"NETCASH_FINANCE":1348232211.2,"END_CASH":903331900.8,"DIVI_RATIO":0.31441369091,"DIVIDEND_RATE":5.764705882353,"CURRENT_RATIO":1.304882867842,"COMMON_ACS":800000000000,"CURRENTDEBT_DEBT":54.43948491338,"ISSUED_COMMON_SHARES":8376653757,"HK_COMMON_SHARES":8376653757,"PER_SHARES":2000,"TOTAL_MARKET_CAP":7120155693.45,"HKSK_MARKET_CAP":7120155693.45,"PE_TTM":8.676196903263,"PB_TTM":0.547715280549,"REPORT_DATE_SQ":"2020-12-31 00:00:00","REPORT_TYPE_SQ":"2020年年报","OPERATE_INCOME_SQ":1449347003.64,"DPS_HKD":0.049,"OPERATE_INCOME_QOQ_SQ":-11.976122215604,"NET_PROFIT_RATIO_SQ":53.565602877,"HOLDER_PROFIT_SQ":775997971.48,"HOLDER_PROFIT_QOQ_SQ":-12.274202945299,"ROE_AVG_SQ":8.306736437317,"PE_TTM_SQ":11.366995587422,"PB_TTM_SQ":0.819339933557,"ROA_SQ":5.726704956624,"START_DATE":"2021-01-01 00:00:00","FISCAL_YEAR":"12-31","CURRENCY":"HKD","IS_CNY_CODE":0,"DPS_HKD_LY":0.159,"ORG_TYPE":"一般企业","PREMIUM_INCOME":null,"PREMIUM_INCOME_YOY":null,"NET_INTEREST_INCOME":null,"NET_INTEREST_INCOME_YOY":null,"FEE_COMMISSION_INCOME":null,"FEE_COMMISSION_INCOME_YOY":null,"ACCOUNTS_RECE_TDAYS":0.513390319377,"INVENTORY_TDAYS":null,"CURRENT_ASSETS_TDAYS":0.404068184509,"TOTAL_ASSETS_TDAYS":0.119505694068,"PREMIUM_EXPENSE":null,"LOAN_DEPOSIT":null,"LOAN_EQUITY":null,"LOAN_ASSETS":null,"DEPOSIT_EQUITY":null,"DEPOSIT_ASSETS":null,"EQUITY_MULTIPLIER":1.68799259772,"EQUITY_RATIO":0.6884229562},{"SECUCODE":"03868.HK","SECURITY_CODE":"03868","SECURITY_NAME_ABBR":"信义能源","ORG_CODE":"10944998","STD_REPORT_DATE":"2021-06-30 00:00:00","REPORT_DATE":"2021-06-30 00:00:00","DATE_TYPE_CODE":"002","REPORT_TYPE":"2021年中报","PER_NETCASH_OPERATE":0.034810325899,"PER_OI":0.130211536728,"BPS":1.206839136168,"BASIC_EPS":0.072640584,"DILUTED_EPS":0.072640584,"OPERATE_INCOME":925803827.04,"OPERATE_INCOME_YOY":30.415590261,"GROSS_PROFIT":686249659.2,"GROSS_PROFIT_YOY":21.229218276634,"HOLDER_PROFIT":516503675.04,"HOLDER_PROFIT_YOY":41.857031857,"GROSS_PROFIT_RATIO":74.124737785335,"EPS_TTM":0.125569446317,"OPERATE_INCOME_QOQ":10.108298257909,"NET_PROFIT_RATIO":55.8946395863,"ROE_AVG":5.139691143096,"GROSS_PROFIT_QOQ":11.452959514319,"ROA":3.395519632582,"HOLDER_PROFIT_QOQ":15.051663036855,"ROE_YEARLY":10.279382286191,"ROIC_YEARLY":7.210477470612,"TOTAL_ASSETS":16082723483.04,"TOTAL_LIABILITIES":5968239414,"TAX_EBT":14.188634466391,"OCF_SALES":26.733672587131,"TOTAL_PARENT_EQUITY":10109273584.08,"DEBT_ASSET_RATIO":37.1096314644,"OPERATE_PROFIT":669572279.76,"PRETAX_PROFIT":603037498.8,"NETCASH_OPERATE":247501363.92,"NETCASH_INVEST":-1519795784.16,"NETCASH_FINANCE":842388639.12,"END_CASH":668293372.8,"DIVI_RATIO":0.354810515668,"DIVIDEND_RATE":5.764705882353,"CURRENT_RATIO":1.358618451166,"COMMON_ACS":800000000000,"CURRENTDEBT_DEBT":57.170762651312,"ISSUED_COMMON_SHARES":8376653757,"HK_COMMON_SHARES":8376653757,"PER_SHARES":2000,"TOTAL_MARKET_CAP":7120155693.45,"HKSK_MARKET_CAP":7120155693.45,"PE_TTM":8.676196903263,"PB_TTM":0.547715280549,"REPORT_DATE_SQ":"2020-06-30 00:00:00","REPORT_TYPE_SQ":"2020年中报","OPERATE_INCOME_SQ":779299509.12,"DPS_HKD":0.049,"OPERATE_INCOME_QOQ_SQ":15.380202596673,"NET_PROFIT_RATIO_SQ":51.2900458068,"HOLDER_PROFIT_SQ":399703075.2,"HOLDER_PROFIT_QOQ_SQ":10.83094119902,"ROE_AVG_SQ":4.372050529466,"PE_TTM_SQ":11.366995587422,"PB_TTM_SQ":0.819339933557,"ROA_SQ":2.936522612442,"START_DATE":"2021-01-01 00:00:00","FISCAL_YEAR":"12-31","CURRENCY":"HKD","IS_CNY_CODE":0,"DPS_HKD_LY":0.159,"ORG_TYPE":"一般企业","PREMIUM_INCOME":null,"PREMIUM_INCOME_YOY":null,"NET_INTEREST_INCOME":null,"NET_INTEREST_INCOME_YOY":null,"FEE_COMMISSION_INCOME":null,"FEE_COMMISSION_INCOME_YOY":null,"ACCOUNTS_RECE_TDAYS":0.256293794889,"INVENTORY_TDAYS":null,"CURRENT_ASSETS_TDAYS":0.206040220359,"TOTAL_ASSETS_TDAYS":0.060862782252,"PREMIUM_EXPENSE":null,"LOAN_DEPOSIT":null,"LOAN_EQUITY":null,"LOAN_ASSETS":null,"DEPOSIT_EQUITY":null,"DEPOSIT_ASSETS":null,"EQUITY_MULTIPLIER":1.590068596011,"EQUITY_RATIO":0.590372727018},{"SECUCODE":"03868.HK","SECURITY_CODE":"03868","SECURITY_NAME_ABBR":"信义能源","ORG_CODE":"10944998","STD_REPORT_DATE":"2020-12-31 00:00:00","REPORT_DATE":"2020-12-31 00:00:00","DATE_TYPE_CODE":"001","REPORT_TYPE":"2020年年报","PER_NETCASH_OPERATE":0.12676450591,"PER_OI":0.203846317204,"BPS":1.20622436504,"BASIC_EPS":0.113116416,"DILUTED_EPS":0.113116416,"OPERATE_INCOME":1449347003.64,"OPERATE_INCOME_YOY":8.0952942905,"GROSS_PROFIT":1049279321.12,"GROSS_PROFIT_YOY":-3.631251671325,"HOLDER_PROFIT":775997971.48,"HOLDER_PROFIT_YOY":3.481648421,"GROSS_PROFIT_RATIO":72.396694406844,"EPS_TTM":0.109141791612,"OPERATE_INCOME_QOQ":-11.976122215604,"NET_PROFIT_RATIO":53.565602877,"ROE_AVG":8.306736437317,"GROSS_PROFIT_QOQ":-15.039062321131,"ROA":5.726704956624,"HOLDER_PROFIT_QOQ":-12.274202945299,"ROE_YEARLY":8.306736437317,"ROIC_YEARLY":6.30397782767,"TOTAL_ASSETS":14504690780.88,"TOTAL_LIABILITIES":4396354513.48,"TAX_EBT":15.268338163497,"OCF_SALES":62.186311555233,"TOTAL_PARENT_EQUITY":10104123859.2,"DEBT_ASSET_RATIO":30.3098809888,"OPERATE_PROFIT":1021078489.64,"PRETAX_PROFIT":916247177.8,"NETCASH_OPERATE":901295443.2,"NETCASH_INVEST":-1055084953.84,"NETCASH_FINANCE":-170631568.68,"END_CASH":1104584327.16,"DIVI_RATIO":0.408215398906,"DIVIDEND_RATE":5.764705882353,"CURRENT_RATIO":1.385114688231,"COMMON_ACS":800000000000,"CURRENTDEBT_DEBT":72.270753434872,"ISSUED_COMMON_SHARES":8376653757,"HK_COMMON_SHARES":8376653757,"PER_SHARES":2000,"TOTAL_MARKET_CAP":7120155693.45,"HKSK_MARKET_CAP":7120155693.45,"PE_TTM":8.676196903263,"PB_TTM":0.547715280549,"REPORT_DATE_SQ":"2019-12-31 00:00:00","REPORT_TYPE_SQ":"2019年年报","OPERATE_INCOME_SQ":1427054577.08,"DPS_HKD":0.049,"OPERATE_INCOME_QOQ_SQ":29.491200618764,"NET_PROFIT_RATIO_SQ":55.9283051888,"HOLDER_PROFIT_SQ":798127439.08,"HOLDER_PROFIT_QOQ_SQ":20.63210208879,"ROE_AVG_SQ":10.750671067794,"PE_TTM_SQ":11.366995587422,"PB_TTM_SQ":0.819339933557,"ROA_SQ":7.627627581353,"START_DATE":"2020-01-01 00:00:00","FISCAL_YEAR":"12-31","CURRENCY":"HKD","IS_CNY_CODE":0,"DPS_HKD_LY":0.145,"ORG_TYPE":"一般企业","PREMIUM_INCOME":null,"PREMIUM_INCOME_YOY":null,"NET_INTEREST_INCOME":null,"NET_INTEREST_INCOME_YOY":null,"FEE_COMMISSION_INCOME":null,"FEE_COMMISSION_INCOME_YOY":null,"ACCOUNTS_RECE_TDAYS":0.494238574408,"INVENTORY_TDAYS":null,"CURRENT_ASSETS_TDAYS":0.347445834254,"TOTAL_ASSETS_TDAYS":0.106958819155,"PREMIUM_EXPENSE":null,"LOAN_DEPOSIT":null,"LOAN_EQUITY":null,"LOAN_ASSETS":null,"DEPOSIT_EQUITY":null,"DEPOSIT_ASSETS":null,"EQUITY_MULTIPLIER":1.434923650854,"EQUITY_RATIO":0.43510497048},{"SECUCODE":"03868.HK","SECURITY_CODE":"03868","SECURITY_NAME_ABBR":"信义能源","ORG_CODE":"10944998","STD_REPORT_DATE":"2020-06-30 00:00:00","REPORT_DATE":"2020-06-30 00:00:00","DATE_TYPE_CODE":"002","REPORT_TYPE":"2020年中报","PER_NETCASH_OPERATE":0.027637583279,"PER_OI":0.115409403002,"BPS":1.071203207274,"BASIC_EPS":0.059190912,"DILUTED_EPS":0.059190912,"OPERATE_INCOME":779299509.12,"OPERATE_INCOME_YOY":34.0584538026,"GROSS_PROFIT":566076123.36,"GROSS_PROFIT_YOY":34.818770122818,"HOLDER_PROFIT":399703075.2,"HOLDER_PROFIT_YOY":22.8767273309,"GROSS_PROFIT_RATIO":72.639096616296,"EPS_TTM":0.130999625767,"OPERATE_INCOME_QOQ":15.380202596673,"NET_PROFIT_RATIO":51.2900458068,"ROE_AVG":4.372050529466,"GROSS_PROFIT_QOQ":13.427124230813,"ROA":2.936522612442,"HOLDER_PROFIT_QOQ":10.83094119902,"ROE_YEARLY":8.744101058932,"ROIC_YEARLY":6.527162575692,"TOTAL_ASSETS":13551957518.88,"TOTAL_LIABILITIES":4578859148.16,"TAX_EBT":16.354766811052,"OCF_SALES":23.947427644442,"TOTAL_PARENT_EQUITY":8973098370.72,"DEBT_ASSET_RATIO":33.7874372893,"OPERATE_PROFIT":554147510.4,"PRETAX_PROFIT":477855174.72,"NETCASH_OPERATE":186622186.08,"NETCASH_INVEST":-49773345.6,"NETCASH_FINANCE":-385853497.92,"END_CASH":1238088450.72,"DIVI_RATIO":0.340102956319,"DIVIDEND_RATE":5.764705882353,"CURRENT_RATIO":1.440712688738,"COMMON_ACS":800000000000,"CURRENTDEBT_DEBT":67.161170962766,"ISSUED_COMMON_SHARES":8376653757,"HK_COMMON_SHARES":8376653757,"PER_SHARES":2000,"TOTAL_MARKET_CAP":7120155693.45,"HKSK_MARKET_CAP":7120155693.45,"PE_TTM":8.676196903263,"PB_TTM":0.547715280549,"REPORT_DATE_SQ":"2019-06-30 00:00:00","REPORT_TYPE_SQ":"2019年中报","OPERATE_INCOME_SQ":559815624,"DPS_HKD":0.049,"OPERATE_INCOME_QOQ_SQ":4.764622842987,"NET_PROFIT_RATIO_SQ":55.957416719,"HOLDER_PROFIT_SQ":313258361.58,"HOLDER_PROFIT_QOQ_SQ":1.352411225819,"ROE_AVG_SQ":4.286985699374,"PE_TTM_SQ":11.366995587422,"PB_TTM_SQ":0.819339933557,"ROA_SQ":2.94182264497,"START_DATE":"2020-01-01 00:00:00","FISCAL_YEAR":"12-31","CURRENCY":"HKD","IS_CNY_CODE":0,"DPS_HKD_LY":0.145,"ORG_TYPE":"一般企业","PREMIUM_INCOME":null,"PREMIUM_INCOME_YOY":null,"NET_INTEREST_INCOME":null,"NET_INTEREST_INCOME_YOY":null,"FEE_COMMISSION_INCOME":null,"FEE_COMMISSION_INCOME_YOY":null,"ACCOUNTS_RECE_TDAYS":0.260649050194,"INVENTORY_TDAYS":null,"CURRENT_ASSETS_TDAYS":0.178969094483,"TOTAL_ASSETS_TDAYS":0.057253265546,"PREMIUM_EXPENSE":null,"LOAN_DEPOSIT":null,"LOAN_EQUITY":null,"LOAN_ASSETS":null,"DEPOSIT_EQUITY":null,"DEPOSIT_ASSETS":null,"EQUITY_MULTIPLIER":1.510287412329,"EQUITY_RATIO":0.510287412328}],"count":17},"success":true,"message":"ok","code":0}