{"version":"7a99b4f27431072c3deddf2ae820e992","result":{"pages":2,"data":[{"SECUCODE":"03877.HK","SECURITY_CODE":"03877","SECURITY_NAME_ABBR":"中国船舶租赁","ORG_CODE":"10328751","STD_REPORT_DATE":"2024-06-30 00:00:00","REPORT_DATE":"2024-06-30 00:00:00","DATE_TYPE_CODE":"002","REPORT_TYPE":"2024年中报","PER_NETCASH_OPERATE":0.633829608628,"PER_OI":0.326460731629,"BPS":1.996055852389,"BASIC_EPS":0.19713888,"DILUTED_EPS":0.19713888,"OPERATE_INCOME":2008740229,"OPERATE_INCOME_YOY":26.8010423274,"GROSS_PROFIT":null,"GROSS_PROFIT_YOY":null,"HOLDER_PROFIT":1211416592.24,"HOLDER_PROFIT_YOY":22.2500782876,"GROSS_PROFIT_RATIO":null,"EPS_TTM":0.314258587881,"OPERATE_INCOME_QOQ":12.034195794736,"NET_PROFIT_RATIO":60.8771312062,"ROE_AVG":10.11369697015,"GROSS_PROFIT_QOQ":null,"ROA":2.985036428735,"HOLDER_PROFIT_QOQ":12.208511333365,"ROE_YEARLY":20.227393940299,"ROIC_YEARLY":6.167457919072,"TOTAL_ASSETS":39964326881.8,"TOTAL_LIABILITIES":27490960229.84,"TAX_EBT":1.482403580533,"OCF_SALES":194.151867964606,"TOTAL_PARENT_EQUITY":12354088502.76,"DEBT_ASSET_RATIO":68.7887483033,"OPERATE_PROFIT":1008585327.08,"PRETAX_PROFIT":1241263966.28,"NETCASH_OPERATE":3900006677.16,"NETCASH_INVEST":-910240406.36,"NETCASH_FINANCE":-2566684330,"END_CASH":1278822573.64,"DIVI_RATIO":0.346657829574,"DIVIDEND_RATE":7.058823529412,"CURRENT_RATIO":126.963312296276,"COMMON_ACS":null,"CURRENTDEBT_DEBT":0.670180522396,"ISSUED_COMMON_SHARES":6189249909,"HK_COMMON_SHARES":6189249909,"PER_SHARES":2000,"TOTAL_MARKET_CAP":10521724845.3,"HKSK_MARKET_CAP":10521724845.3,"PE_TTM":4.909389415608,"PB_TTM":0.777310914493,"REPORT_DATE_SQ":"2023-06-30 00:00:00","REPORT_TYPE_SQ":"2023年中报","OPERATE_INCOME_SQ":1600309267.38,"DPS_HKD":0.12,"OPERATE_INCOME_QOQ_SQ":8.976730720753,"NET_PROFIT_RATIO_SQ":62.833180948,"HOLDER_PROFIT_SQ":1001030565.2,"HOLDER_PROFIT_QOQ_SQ":16.885788013211,"ROE_AVG_SQ":9.190035345248,"PE_TTM_SQ":4.692744848605,"PB_TTM_SQ":0.734874503107,"ROA_SQ":2.660823869237,"START_DATE":"2024-01-01 00:00:00","FISCAL_YEAR":"12-31","CURRENCY":"HKD","IS_CNY_CODE":0,"DPS_HKD_LY":0.12,"ORG_TYPE":"证券","PREMIUM_INCOME":null,"PREMIUM_INCOME_YOY":null,"NET_INTEREST_INCOME":null,"NET_INTEREST_INCOME_YOY":null,"FEE_COMMISSION_INCOME":null,"FEE_COMMISSION_INCOME_YOY":null,"ACCOUNTS_RECE_TDAYS":null,"INVENTORY_TDAYS":null,"CURRENT_ASSETS_TDAYS":0.083128209407,"TOTAL_ASSETS_TDAYS":0.049497116003,"PREMIUM_EXPENSE":null,"LOAN_DEPOSIT":null,"LOAN_EQUITY":null,"LOAN_ASSETS":null,"DEPOSIT_EQUITY":null,"DEPOSIT_ASSETS":null,"EQUITY_MULTIPLIER":3.203972752255,"EQUITY_RATIO":2.225252006548},{"SECUCODE":"03877.HK","SECURITY_CODE":"03877","SECURITY_NAME_ABBR":"中国船舶租赁","ORG_CODE":"10328751","STD_REPORT_DATE":"2023-12-31 00:00:00","REPORT_DATE":"2023-12-31 00:00:00","DATE_TYPE_CODE":"001","REPORT_TYPE":"2023年年报","PER_NETCASH_OPERATE":-0.066771000136,"PER_OI":0.553036859323,"BPS":1.861251817783,"BASIC_EPS":0.2809282,"DILUTED_EPS":0.2809282,"OPERATE_INCOME":3393919864.58,"OPERATE_INCOME_YOY":12.3719135251,"GROSS_PROFIT":null,"GROSS_PROFIT_YOY":null,"HOLDER_PROFIT":1723273389.32,"HOLDER_PROFIT_YOY":12.8610506561,"GROSS_PROFIT_RATIO":null,"EPS_TTM":0.280806189012,"OPERATE_INCOME_QOQ":4.610407849643,"NET_PROFIT_RATIO":51.0439532418,"ROE_AVG":15.699647601155,"GROSS_PROFIT_QOQ":null,"ROA":4.439662011951,"HOLDER_PROFIT_QOQ":-2.043496723279,"ROE_YEARLY":15.699647601155,"ROIC_YEARLY":4.587790684062,"TOTAL_ASSETS":40909996036.98,"TOTAL_LIABILITIES":29283274090.56,"TAX_EBT":1.654164658166,"OCF_SALES":-12.073517164517,"TOTAL_PARENT_EQUITY":11519752643.84,"DEBT_ASSET_RATIO":71.5797529388,"OPERATE_PROFIT":1402332857.66,"PRETAX_PROFIT":1761529466.62,"NETCASH_OPERATE":-409765497.4,"NETCASH_INVEST":-2295537726.02,"NETCASH_FINANCE":2471205754.36,"END_CASH":850038891.1,"DIVI_RATIO":0.387955124434,"DIVIDEND_RATE":6.936416184971,"CURRENT_RATIO":64.492368916731,"COMMON_ACS":null,"CURRENTDEBT_DEBT":1.311093071262,"ISSUED_COMMON_SHARES":6189249909,"HK_COMMON_SHARES":6189249909,"PER_SHARES":2000,"TOTAL_MARKET_CAP":10707402342.57,"HKSK_MARKET_CAP":10707402342.57,"PE_TTM":4.996025699413,"PB_TTM":0.791028165925,"REPORT_DATE_SQ":"2022-12-31 00:00:00","REPORT_TYPE_SQ":"2022年年报","OPERATE_INCOME_SQ":2977096508.89,"DPS_HKD":0.12,"OPERATE_INCOME_QOQ_SQ":18.304026922231,"NET_PROFIT_RATIO_SQ":52.0435176714,"HOLDER_PROFIT_SQ":1505078662.43,"HOLDER_PROFIT_QOQ_SQ":14.478533642697,"ROE_AVG_SQ":15.646312577835,"PE_TTM_SQ":4.854563636488,"PB_TTM_SQ":0.760215003214,"ROA_SQ":4.139615774999,"START_DATE":"2023-01-01 00:00:00","FISCAL_YEAR":"12-31","CURRENCY":"HKD","IS_CNY_CODE":0,"DPS_HKD_LY":0.1,"ORG_TYPE":"证券","PREMIUM_INCOME":null,"PREMIUM_INCOME_YOY":null,"NET_INTEREST_INCOME":null,"NET_INTEREST_INCOME_YOY":null,"FEE_COMMISSION_INCOME":null,"FEE_COMMISSION_INCOME_YOY":null,"ACCOUNTS_RECE_TDAYS":null,"INVENTORY_TDAYS":null,"CURRENT_ASSETS_TDAYS":0.147607338378,"TOTAL_ASSETS_TDAYS":0.087437415257,"PREMIUM_EXPENSE":null,"LOAN_DEPOSIT":null,"LOAN_EQUITY":null,"LOAN_ASSETS":null,"DEPOSIT_EQUITY":null,"DEPOSIT_ASSETS":null,"EQUITY_MULTIPLIER":3.518618250737,"EQUITY_RATIO":2.542005457575},{"SECUCODE":"03877.HK","SECURITY_CODE":"03877","SECURITY_NAME_ABBR":"中国船舶租赁","ORG_CODE":"10328751","STD_REPORT_DATE":"2023-06-30 00:00:00","REPORT_DATE":"2023-06-30 00:00:00","DATE_TYPE_CODE":"002","REPORT_TYPE":"2023年中报","PER_NETCASH_OPERATE":0.257724285719,"PER_OI":0.260803779873,"BPS":1.804809710152,"BASIC_EPS":0.16319046,"DILUTED_EPS":0.16319046,"OPERATE_INCOME":1600309267.38,"OPERATE_INCOME_YOY":11.3510333643,"GROSS_PROFIT":null,"GROSS_PROFIT_YOY":null,"HOLDER_PROFIT":1001030565.2,"HOLDER_PROFIT_YOY":24.3180051228,"GROSS_PROFIT_RATIO":null,"EPS_TTM":0.286702096704,"OPERATE_INCOME_QOQ":8.976730720753,"NET_PROFIT_RATIO":62.833180948,"ROE_AVG":9.190035345248,"GROSS_PROFIT_QOQ":null,"ROA":2.660823869237,"HOLDER_PROFIT_QOQ":16.885788013211,"ROE_YEARLY":18.380070690496,"ROIC_YEARLY":5.518273722722,"TOTAL_ASSETS":37882701471.6,"TOTAL_LIABILITIES":26593887997.56,"TAX_EBT":0.977679880659,"OCF_SALES":98.819229477379,"TOTAL_PARENT_EQUITY":11170418334.32,"DEBT_ASSET_RATIO":70.2006112671,"OPERATE_PROFIT":786887802.48,"PRETAX_PROFIT":1015453098.34,"NETCASH_OPERATE":1581413287.28,"NETCASH_INVEST":-1130530032.04,"NETCASH_FINANCE":-489788967.28,"END_CASH":1036288002.38,"DIVI_RATIO":0.379976990934,"DIVIDEND_RATE":6.936416184971,"CURRENT_RATIO":13.492456381506,"COMMON_ACS":null,"CURRENTDEBT_DEBT":5.846301396857,"ISSUED_COMMON_SHARES":6189249909,"HK_COMMON_SHARES":6189249909,"PER_SHARES":2000,"TOTAL_MARKET_CAP":10707402342.57,"HKSK_MARKET_CAP":10707402342.57,"PE_TTM":4.996025699413,"PB_TTM":0.791028165925,"REPORT_DATE_SQ":"2022-06-30 00:00:00","REPORT_TYPE_SQ":"2022年中报","OPERATE_INCOME_SQ":1333063330.48,"DPS_HKD":0.12,"OPERATE_INCOME_QOQ_SQ":19.54013041363,"NET_PROFIT_RATIO_SQ":58.1398929427,"HOLDER_PROFIT_SQ":746886172.83,"HOLDER_PROFIT_QOQ_SQ":18.97007100161,"ROE_AVG_SQ":8.359002272279,"PE_TTM_SQ":4.854563636488,"PB_TTM_SQ":0.760215003214,"ROA_SQ":2.116849494892,"START_DATE":"2023-01-01 00:00:00","FISCAL_YEAR":"12-31","CURRENCY":"HKD","IS_CNY_CODE":0,"DPS_HKD_LY":0.1,"ORG_TYPE":"证券","PREMIUM_INCOME":null,"PREMIUM_INCOME_YOY":null,"NET_INTEREST_INCOME":null,"NET_INTEREST_INCOME_YOY":null,"FEE_COMMISSION_INCOME":null,"FEE_COMMISSION_INCOME_YOY":null,"ACCOUNTS_RECE_TDAYS":null,"INVENTORY_TDAYS":null,"CURRENT_ASSETS_TDAYS":0.075181639877,"TOTAL_ASSETS_TDAYS":0.042537573225,"PREMIUM_EXPENSE":null,"LOAN_DEPOSIT":null,"LOAN_EQUITY":null,"LOAN_ASSETS":null,"DEPOSIT_EQUITY":null,"DEPOSIT_ASSETS":null,"EQUITY_MULTIPLIER":3.355773532683,"EQUITY_RATIO":2.380742350164},{"SECUCODE":"03877.HK","SECURITY_CODE":"03877","SECURITY_NAME_ABBR":"中国船舶租赁","ORG_CODE":"10328751","STD_REPORT_DATE":"2022-12-31 00:00:00","REPORT_DATE":"2022-12-31 00:00:00","DATE_TYPE_CODE":"001","REPORT_TYPE":"2022年年报","PER_NETCASH_OPERATE":0.559697491147,"PER_OI":0.48517998264,"BPS":1.661618901199,"BASIC_EPS":0.24564925,"DILUTED_EPS":0.24564925,"OPERATE_INCOME":2977096508.89,"OPERATE_INCOME_YOY":29.4408592295,"GROSS_PROFIT":null,"GROSS_PROFIT_YOY":null,"HOLDER_PROFIT":1505078662.43,"HOLDER_PROFIT_YOY":24.6579305222,"GROSS_PROFIT_RATIO":null,"EPS_TTM":0.245283966149,"OPERATE_INCOME_QOQ":18.304026922231,"NET_PROFIT_RATIO":52.0435176714,"ROE_AVG":15.646312577835,"GROSS_PROFIT_QOQ":null,"ROA":4.139615774999,"HOLDER_PROFIT_QOQ":14.478533642697,"ROE_YEARLY":15.646312577835,"ROIC_YEARLY":4.30939842191,"TOTAL_ASSETS":36196095410.3,"TOTAL_LIABILITIES":25796354864.28,"TAX_EBT":1.203605976393,"OCF_SALES":115.358735144279,"TOTAL_PARENT_EQUITY":10284174633.04,"DEBT_ASSET_RATIO":71.2683359127,"OPERATE_PROFIT":1278866967.63,"PRETAX_PROFIT":1568261436.07,"NETCASH_OPERATE":3434340876.68,"NETCASH_INVEST":-1366854955.9,"NETCASH_FINANCE":-2276465544.01,"END_CASH":1055360987.66,"DIVI_RATIO":0.444139100122,"DIVIDEND_RATE":6.936416184971,"CURRENT_RATIO":21.481841694946,"COMMON_ACS":null,"CURRENTDEBT_DEBT":1.415655570686,"ISSUED_COMMON_SHARES":6189249909,"HK_COMMON_SHARES":6189249909,"PER_SHARES":2000,"TOTAL_MARKET_CAP":10707402342.57,"HKSK_MARKET_CAP":10707402342.57,"PE_TTM":4.996025699413,"PB_TTM":0.791028165925,"REPORT_DATE_SQ":"2021-12-31 00:00:00","REPORT_TYPE_SQ":"2021年年报","OPERATE_INCOME_SQ":2105133587.2,"DPS_HKD":0.12,"OPERATE_INCOME_QOQ_SQ":20.841866872706,"NET_PROFIT_RATIO_SQ":53.893781663,"HOLDER_PROFIT_SQ":1105089417.6,"HOLDER_PROFIT_QOQ_SQ":9.460928919903,"ROE_AVG_SQ":14.248754259469,"PE_TTM_SQ":4.854563636488,"PB_TTM_SQ":0.760215003214,"ROA_SQ":3.785330889906,"START_DATE":"2022-01-01 00:00:00","FISCAL_YEAR":"12-31","CURRENCY":"HKD","IS_CNY_CODE":0,"DPS_HKD_LY":0.09,"ORG_TYPE":"证券","PREMIUM_INCOME":null,"PREMIUM_INCOME_YOY":null,"NET_INTEREST_INCOME":null,"NET_INTEREST_INCOME_YOY":null,"FEE_COMMISSION_INCOME":null,"FEE_COMMISSION_INCOME_YOY":null,"ACCOUNTS_RECE_TDAYS":null,"INVENTORY_TDAYS":null,"CURRENT_ASSETS_TDAYS":0.135327542579,"TOTAL_ASSETS_TDAYS":0.081883000401,"PREMIUM_EXPENSE":null,"LOAN_DEPOSIT":null,"LOAN_EQUITY":null,"LOAN_ASSETS":null,"DEPOSIT_EQUITY":null,"DEPOSIT_ASSETS":null,"EQUITY_MULTIPLIER":3.48048061874,"EQUITY_RATIO":2.508354416834},{"SECUCODE":"03877.HK","SECURITY_CODE":"03877","SECURITY_NAME_ABBR":"中国船舶租赁","ORG_CODE":"10328751","STD_REPORT_DATE":"2022-06-30 00:00:00","REPORT_DATE":"2022-06-30 00:00:00","DATE_TYPE_CODE":"002","REPORT_TYPE":"2022年中报","PER_NETCASH_OPERATE":0.143544238374,"PER_OI":0.217250479321,"BPS":1.502179721119,"BASIC_EPS":0.12143698,"DILUTED_EPS":0.12143698,"OPERATE_INCOME":1333063330.48,"OPERATE_INCOME_YOY":40.7198705096,"GROSS_PROFIT":null,"GROSS_PROFIT_YOY":null,"HOLDER_PROFIT":746886172.83,"HOLDER_PROFIT_YOY":35.2634700955,"GROSS_PROFIT_RATIO":null,"EPS_TTM":0.21426197414,"OPERATE_INCOME_QOQ":19.54013041363,"NET_PROFIT_RATIO":58.1398929427,"ROE_AVG":8.359002272279,"GROSS_PROFIT_QOQ":null,"ROA":2.116849494892,"HOLDER_PROFIT_QOQ":18.97007100161,"ROE_YEARLY":16.718004544558,"ROIC_YEARLY":4.397776626638,"TOTAL_ASSETS":35602892941.21,"TOTAL_LIABILITIES":26209202058.13,"TAX_EBT":0.846374680531,"OCF_SALES":66.073151517329,"TOTAL_PARENT_EQUITY":9297365702.24,"DEBT_ASSET_RATIO":73.6153719345,"OPERATE_PROFIT":675607796.71,"PRETAX_PROFIT":781657343.04,"NETCASH_OPERATE":880796954.17,"NETCASH_INVEST":-415347824.01,"NETCASH_FINANCE":-596073416.33,"END_CASH":1085824480.72,"DIVI_RATIO":0.508443929154,"DIVIDEND_RATE":6.936416184971,"CURRENT_RATIO":0.826932694433,"COMMON_ACS":null,"CURRENTDEBT_DEBT":100,"ISSUED_COMMON_SHARES":6189249909,"HK_COMMON_SHARES":6189249909,"PER_SHARES":2000,"TOTAL_MARKET_CAP":10707402342.57,"HKSK_MARKET_CAP":10707402342.57,"PE_TTM":4.996025699413,"PB_TTM":0.791028165925,"REPORT_DATE_SQ":"2021-06-30 00:00:00","REPORT_TYPE_SQ":"2021年中报","OPERATE_INCOME_SQ":921717482.16,"DPS_HKD":0.12,"OPERATE_INCOME_QOQ_SQ":-0.942619268718,"NET_PROFIT_RATIO_SQ":59.779711066,"HOLDER_PROFIT_SQ":537249925.68,"HOLDER_PROFIT_QOQ_SQ":8.210442626958,"ROE_AVG_SQ":7.041880402844,"PE_TTM_SQ":4.854563636488,"PB_TTM_SQ":0.760215003214,"ROA_SQ":2.015707647638,"START_DATE":"2022-01-01 00:00:00","FISCAL_YEAR":"12-31","CURRENCY":"HKD","IS_CNY_CODE":0,"DPS_HKD_LY":0.09,"ORG_TYPE":"证券","PREMIUM_INCOME":null,"PREMIUM_INCOME_YOY":null,"NET_INTEREST_INCOME":null,"NET_INTEREST_INCOME_YOY":null,"FEE_COMMISSION_INCOME":null,"FEE_COMMISSION_INCOME_YOY":null,"ACCOUNTS_RECE_TDAYS":null,"INVENTORY_TDAYS":null,"CURRENT_ASSETS_TDAYS":0.060917731428,"TOTAL_ASSETS_TDAYS":0.037782121834,"PREMIUM_EXPENSE":null,"LOAN_DEPOSIT":null,"LOAN_EQUITY":null,"LOAN_ASSETS":null,"DEPOSIT_EQUITY":null,"DEPOSIT_ASSETS":null,"EQUITY_MULTIPLIER":3.790085641979,"EQUITY_RATIO":2.818992271307},{"SECUCODE":"03877.HK","SECURITY_CODE":"03877","SECURITY_NAME_ABBR":"中国船舶租赁","ORG_CODE":"10328751","STD_REPORT_DATE":"2021-12-31 00:00:00","REPORT_DATE":"2021-12-31 00:00:00","DATE_TYPE_CODE":"001","REPORT_TYPE":"2021年年报","PER_NETCASH_OPERATE":-0.668811566287,"PER_OI":0.34307543415,"BPS":1.324237383545,"BASIC_EPS":0.179872,"DILUTED_EPS":0.179872,"OPERATE_INCOME":2105133587.2,"OPERATE_INCOME_YOY":23.2224249258,"GROSS_PROFIT":null,"GROSS_PROFIT_YOY":null,"HOLDER_PROFIT":1105089417.6,"HOLDER_PROFIT_YOY":21.9309023399,"GROSS_PROFIT_RATIO":null,"EPS_TTM":0.180097374353,"OPERATE_INCOME_QOQ":20.841866872706,"NET_PROFIT_RATIO":53.893781663,"ROE_AVG":14.248754259469,"GROSS_PROFIT_QOQ":null,"ROA":3.785330889906,"HOLDER_PROFIT_QOQ":9.460928919903,"ROE_YEARLY":14.248754259469,"ROIC_YEARLY":4.040911317395,"TOTAL_ASSETS":33426132936,"TOTAL_LIABILITIES":25164721534.4,"TAX_EBT":0.981308611283,"OCF_SALES":-194.945921425276,"TOTAL_PARENT_EQUITY":8196036105.6,"DEBT_ASSET_RATIO":75.2845732487,"OPERATE_PROFIT":1111812542.4,"PRETAX_PROFIT":1145779734.4,"NETCASH_OPERATE":-4103872068.8,"NETCASH_INVEST":-3660173630.4,"NETCASH_FINANCE":7138419814.4,"END_CASH":1167273620.8,"DIVI_RATIO":0.604896103518,"DIVIDEND_RATE":6.936416184971,"CURRENT_RATIO":644.410212277682,"COMMON_ACS":null,"CURRENTDEBT_DEBT":2.812113765823,"ISSUED_COMMON_SHARES":6189249909,"HK_COMMON_SHARES":6189249909,"PER_SHARES":2000,"TOTAL_MARKET_CAP":10707402342.57,"HKSK_MARKET_CAP":10707402342.57,"PE_TTM":4.996025699413,"PB_TTM":0.791028165925,"REPORT_DATE_SQ":"2020-12-31 00:00:00","REPORT_TYPE_SQ":"2020年年报","OPERATE_INCOME_SQ":1758633712.48,"DPS_HKD":0.12,"OPERATE_INCOME_QOQ_SQ":-10.448417596517,"NET_PROFIT_RATIO_SQ":53.3040891453,"HOLDER_PROFIT_SQ":932973089.52,"HOLDER_PROFIT_QOQ_SQ":9.174567811811,"ROE_AVG_SQ":12.7723425951,"PE_TTM_SQ":4.854563636488,"PB_TTM_SQ":0.760215003214,"ROA_SQ":3.807569490106,"START_DATE":"2021-01-01 00:00:00","FISCAL_YEAR":"12-31","CURRENCY":"HKD","IS_CNY_CODE":0,"DPS_HKD_LY":0.09,"ORG_TYPE":"证券","PREMIUM_INCOME":null,"PREMIUM_INCOME_YOY":null,"NET_INTEREST_INCOME":null,"NET_INTEREST_INCOME_YOY":null,"FEE_COMMISSION_INCOME":null,"FEE_COMMISSION_INCOME_YOY":null,"ACCOUNTS_RECE_TDAYS":null,"INVENTORY_TDAYS":null,"CURRENT_ASSETS_TDAYS":0.112526164923,"TOTAL_ASSETS_TDAYS":0.072108438178,"PREMIUM_EXPENSE":null,"LOAN_DEPOSIT":null,"LOAN_EQUITY":null,"LOAN_ASSETS":null,"DEPOSIT_EQUITY":null,"DEPOSIT_ASSETS":null,"EQUITY_MULTIPLIER":4.046055971691,"EQUITY_RATIO":3.070352693689},{"SECUCODE":"03877.HK","SECURITY_CODE":"03877","SECURITY_NAME_ABBR":"中国船舶租赁","ORG_CODE":"10328751","STD_REPORT_DATE":"2021-06-30 00:00:00","REPORT_DATE":"2021-06-30 00:00:00","DATE_TYPE_CODE":"002","REPORT_TYPE":"2021年中报","PER_NETCASH_OPERATE":-0.151208431262,"PER_OI":0.150213092071,"BPS":1.262479641599,"BASIC_EPS":0.0873684,"DILUTED_EPS":0.0873684,"OPERATE_INCOME":921717482.16,"OPERATE_INCOME_YOY":7.8384166821,"GROSS_PROFIT":null,"GROSS_PROFIT_YOY":null,"HOLDER_PROFIT":537249925.68,"HOLDER_PROFIT_YOY":28.0328613269,"GROSS_PROFIT_RATIO":null,"EPS_TTM":0.164531194948,"OPERATE_INCOME_QOQ":-0.942619268718,"NET_PROFIT_RATIO":59.779711066,"ROE_AVG":7.041880402844,"GROSS_PROFIT_QOQ":null,"ROA":2.015707647638,"HOLDER_PROFIT_QOQ":8.210442626958,"ROE_YEARLY":14.083760805688,"ROIC_YEARLY":4.376376840118,"TOTAL_ASSETS":27902387431.92,"TOTAL_LIABILITIES":20038468414.56,"TAX_EBT":0.795201227259,"OCF_SALES":-100.662618136057,"TOTAL_PARENT_EQUITY":7813802006.88,"DEBT_ASSET_RATIO":71.8163220386,"OPERATE_PROFIT":529960072.8,"PRETAX_PROFIT":555416728.32,"NETCASH_OPERATE":-927824949.36,"NETCASH_INVEST":-1331000160.48,"NETCASH_FINANCE":1792638976.56,"END_CASH":1364790929.28,"DIVI_RATIO":0.662124893911,"DIVIDEND_RATE":6.936416184971,"CURRENT_RATIO":621.555203177332,"COMMON_ACS":null,"CURRENTDEBT_DEBT":0.140098267688,"ISSUED_COMMON_SHARES":6189249909,"HK_COMMON_SHARES":6189249909,"PER_SHARES":2000,"TOTAL_MARKET_CAP":10707402342.57,"HKSK_MARKET_CAP":10707402342.57,"PE_TTM":4.996025699413,"PB_TTM":0.791028165925,"REPORT_DATE_SQ":"2020-06-30 00:00:00","REPORT_TYPE_SQ":"2020年中报","OPERATE_INCOME_SQ":938294702.4,"DPS_HKD":0.12,"OPERATE_INCOME_QOQ_SQ":-2.975050579167,"NET_PROFIT_RATIO_SQ":48.5232815101,"HOLDER_PROFIT_SQ":460648705.44,"HOLDER_PROFIT_QOQ_SQ":8.029358954463,"ROE_AVG_SQ":5.989477401021,"PE_TTM_SQ":4.854563636488,"PB_TTM_SQ":0.760215003214,"ROA_SQ":1.774522471689,"START_DATE":"2021-01-01 00:00:00","FISCAL_YEAR":"12-31","CURRENCY":"HKD","IS_CNY_CODE":0,"DPS_HKD_LY":0.09,"ORG_TYPE":"证券","PREMIUM_INCOME":null,"PREMIUM_INCOME_YOY":null,"NET_INTEREST_INCOME":null,"NET_INTEREST_INCOME_YOY":null,"FEE_COMMISSION_INCOME":null,"FEE_COMMISSION_INCOME_YOY":null,"ACCOUNTS_RECE_TDAYS":null,"INVENTORY_TDAYS":null,"CURRENT_ASSETS_TDAYS":0.054167617869,"TOTAL_ASSETS_TDAYS":0.034581912234,"PREMIUM_EXPENSE":null,"LOAN_DEPOSIT":null,"LOAN_EQUITY":null,"LOAN_ASSETS":null,"DEPOSIT_EQUITY":null,"DEPOSIT_ASSETS":null,"EQUITY_MULTIPLIER":3.548152946431,"EQUITY_RATIO":2.564496566066},{"SECUCODE":"03877.HK","SECURITY_CODE":"03877","SECURITY_NAME_ABBR":"中国船舶租赁","ORG_CODE":"10328751","STD_REPORT_DATE":"2020-12-31 00:00:00","REPORT_DATE":"2020-12-31 00:00:00","DATE_TYPE_CODE":"001","REPORT_TYPE":"2020年年报","PER_NETCASH_OPERATE":0.089725865863,"PER_OI":0.286606051078,"BPS":1.216696858521,"BASIC_EPS":0.15233684,"DILUTED_EPS":0.15233684,"OPERATE_INCOME":1758633712.48,"OPERATE_INCOME_YOY":-7.5234363313,"GROSS_PROFIT":null,"GROSS_PROFIT_YOY":null,"HOLDER_PROFIT":932973089.52,"HOLDER_PROFIT_YOY":25.5273251054,"GROSS_PROFIT_RATIO":null,"EPS_TTM":0.152047428098,"OPERATE_INCOME_QOQ":-10.448417596517,"NET_PROFIT_RATIO":53.3040891453,"ROE_AVG":12.7723425951,"GROSS_PROFIT_QOQ":null,"ROA":3.807569490106,"HOLDER_PROFIT_QOQ":9.174567811811,"ROE_YEARLY":12.7723425951,"ROIC_YEARLY":4.185788758585,"TOTAL_ASSETS":25695819632.56,"TOTAL_LIABILITIES":18128687415.88,"TAX_EBT":1.273037349047,"OCF_SALES":31.306340367125,"TOTAL_PARENT_EQUITY":7530440920.88,"DEBT_ASSET_RATIO":70.5511156099,"OPERATE_PROFIT":863340845.76,"PRETAX_PROFIT":949511315.52,"NETCASH_OPERATE":550563855.84,"NETCASH_INVEST":-1743813273.72,"NETCASH_FINANCE":1432296218.88,"END_CASH":1835010859.2,"DIVI_RATIO":0.716488278444,"DIVIDEND_RATE":6.936416184971,"CURRENT_RATIO":104.007097565431,"COMMON_ACS":null,"CURRENTDEBT_DEBT":0.150354807354,"ISSUED_COMMON_SHARES":6189249909,"HK_COMMON_SHARES":6189249909,"PER_SHARES":2000,"TOTAL_MARKET_CAP":10707402342.57,"HKSK_MARKET_CAP":10707402342.57,"PE_TTM":4.996025699413,"PB_TTM":0.791028165925,"REPORT_DATE_SQ":"2019-12-31 00:00:00","REPORT_TYPE_SQ":"2019年年报","OPERATE_INCOME_SQ":2024038200.28,"DPS_HKD":0.12,"OPERATE_INCOME_QOQ_SQ":2.718438486376,"NET_PROFIT_RATIO_SQ":39.4940797318,"HOLDER_PROFIT_SQ":791053464.42,"HOLDER_PROFIT_QOQ_SQ":17.180212794571,"ROE_AVG_SQ":12.484659942171,"PE_TTM_SQ":4.854563636488,"PB_TTM_SQ":0.760215003214,"ROA_SQ":3.098206166805,"START_DATE":"2020-01-01 00:00:00","FISCAL_YEAR":"12-31","CURRENCY":"HKD","IS_CNY_CODE":0,"DPS_HKD_LY":0.08,"ORG_TYPE":"证券","PREMIUM_INCOME":null,"PREMIUM_INCOME_YOY":null,"NET_INTEREST_INCOME":null,"NET_INTEREST_INCOME_YOY":null,"FEE_COMMISSION_INCOME":null,"FEE_COMMISSION_INCOME_YOY":null,"ACCOUNTS_RECE_TDAYS":null,"INVENTORY_TDAYS":null,"CURRENT_ASSETS_TDAYS":0.108718765459,"TOTAL_ASSETS_TDAYS":0.07177184576,"PREMIUM_EXPENSE":null,"LOAN_DEPOSIT":null,"LOAN_EQUITY":null,"LOAN_ASSETS":null,"DEPOSIT_EQUITY":null,"DEPOSIT_ASSETS":null,"EQUITY_MULTIPLIER":3.395714373262,"EQUITY_RATIO":2.407387244167},{"SECUCODE":"03877.HK","SECURITY_CODE":"03877","SECURITY_NAME_ABBR":"中国船舶租赁","ORG_CODE":"10328751","STD_REPORT_DATE":"2020-06-30 00:00:00","REPORT_DATE":"2020-06-30 00:00:00","DATE_TYPE_CODE":"002","REPORT_TYPE":"2020年中报","PER_NETCASH_OPERATE":-0.011924907889,"PER_OI":0.152914695934,"BPS":1.243965018818,"BASIC_EPS":0.07490208,"DILUTED_EPS":0.07490208,"OPERATE_INCOME":938294702.4,"OPERATE_INCOME_YOY":-9.5056866735,"GROSS_PROFIT":null,"GROSS_PROFIT_YOY":null,"HOLDER_PROFIT":460648705.44,"HOLDER_PROFIT_YOY":11.7042225131,"GROSS_PROFIT_RATIO":null,"EPS_TTM":0.139270006876,"OPERATE_INCOME_QOQ":-2.975050579167,"NET_PROFIT_RATIO":48.5232815101,"ROE_AVG":5.989477401021,"GROSS_PROFIT_QOQ":null,"ROA":1.774522471689,"HOLDER_PROFIT_QOQ":8.029358954463,"ROE_YEARLY":11.978954802042,"ROIC_YEARLY":3.854524363204,"TOTAL_ASSETS":26619036422.88,"TOTAL_LIABILITIES":18890159339.04,"TAX_EBT":1.269302992608,"OCF_SALES":-7.798405389356,"TOTAL_PARENT_EQUITY":7699210379.52,"DEBT_ASSET_RATIO":70.9648502633,"OPERATE_PROFIT":393247794.72,"PRETAX_PROFIT":461144703.36,"NETCASH_OPERATE":-73172024.64,"NETCASH_INVEST":-1294621252.32,"NETCASH_FINANCE":913887585.6,"END_CASH":1281034745.76,"DIVI_RATIO":0.782222981414,"DIVIDEND_RATE":6.936416184971,"CURRENT_RATIO":711.432462274568,"COMMON_ACS":null,"CURRENTDEBT_DEBT":0.131381447634,"ISSUED_COMMON_SHARES":6189249909,"HK_COMMON_SHARES":6189249909,"PER_SHARES":2000,"TOTAL_MARKET_CAP":10707402342.57,"HKSK_MARKET_CAP":10707402342.57,"PE_TTM":4.996025699413,"PB_TTM":0.791028165925,"REPORT_DATE_SQ":"2019-06-30 00:00:00","REPORT_TYPE_SQ":"2019年中报","OPERATE_INCOME_SQ":998510862.6,"DPS_HKD":0.12,"OPERATE_INCOME_QOQ_SQ":9.970198548705,"NET_PROFIT_RATIO_SQ":39.8552563188,"HOLDER_PROFIT_SQ":397132183.26,"HOLDER_PROFIT_QOQ_SQ":11.646008454323,"ROE_AVG_SQ":6.487143354113,"PE_TTM_SQ":4.854563636488,"PB_TTM_SQ":0.760215003214,"ROA_SQ":1.535049168999,"START_DATE":"2020-01-01 00:00:00","FISCAL_YEAR":"12-31","CURRENCY":"HKD","IS_CNY_CODE":0,"DPS_HKD_LY":0.08,"ORG_TYPE":"证券","PREMIUM_INCOME":null,"PREMIUM_INCOME_YOY":null,"NET_INTEREST_INCOME":null,"NET_INTEREST_INCOME_YOY":null,"FEE_COMMISSION_INCOME":null,"FEE_COMMISSION_INCOME_YOY":null,"ACCOUNTS_RECE_TDAYS":null,"INVENTORY_TDAYS":null,"CURRENT_ASSETS_TDAYS":0.054292979178,"TOTAL_ASSETS_TDAYS":0.036145223352,"PREMIUM_EXPENSE":null,"LOAN_DEPOSIT":null,"LOAN_EQUITY":null,"LOAN_ASSETS":null,"DEPOSIT_EQUITY":null,"DEPOSIT_ASSETS":null,"EQUITY_MULTIPLIER":3.444101404912,"EQUITY_RATIO":2.453519050381}],"count":17},"success":true,"message":"ok","code":0}