{"version":"32957c8fde7f027127b2e3e182cfd1d6","result":{"pages":3,"data":[{"SECUCODE":"03878.HK","SECURITY_CODE":"03878","SECURITY_NAME_ABBR":"VICON HOLDINGS","ORG_CODE":"10676027","STD_REPORT_DATE":"2024-06-30 00:00:00","REPORT_DATE":"2024-09-30 00:00:00","DATE_TYPE_CODE":"002","REPORT_TYPE":"2024年中报","PER_NETCASH_OPERATE":0.000013162073,"PER_OI":0.31191855613,"BPS":0.513151603211,"BASIC_EPS":0.012083986,"DILUTED_EPS":null,"OPERATE_INCOME":149596139.52,"OPERATE_INCOME_YOY":-50.336056715,"GROSS_PROFIT":10992820.1,"GROSS_PROFIT_YOY":-46.615071593308,"HOLDER_PROFIT":5789491.8,"HOLDER_PROFIT_YOY":-9.9073814202,"GROSS_PROFIT_RATIO":7.348331404321,"EPS_TTM":0.015628347373,"OPERATE_INCOME_QOQ":0,"NET_PROFIT_RATIO":3.8700810185,"ROE_AVG":2.38042269188,"GROSS_PROFIT_QOQ":0,"ROA":2.07804986996,"HOLDER_PROFIT_QOQ":0,"ROE_YEARLY":4.76084538376,"ROIC_YEARLY":4.685165285261,"TOTAL_ASSETS":279076049.51,"TOTAL_LIABILITIES":32968540.61,"TAX_EBT":14.411411811758,"OCF_SALES":0.004219714506,"TOTAL_PARENT_EQUITY":246107508.9,"DEBT_ASSET_RATIO":11.8134611221,"OPERATE_PROFIT":7033060.21,"PRETAX_PROFIT":6764326.79,"NETCASH_OPERATE":6312.53,"NETCASH_INVEST":-182161.58,"NETCASH_FINANCE":-1173228.79,"END_CASH":30786208.81,"DIVI_RATIO":null,"DIVIDEND_RATE":null,"CURRENT_RATIO":7.233096822285,"COMMON_ACS":1000000000,"CURRENTDEBT_DEBT":99.075467053256,"ISSUED_COMMON_SHARES":479600000,"HK_COMMON_SHARES":479600000,"PER_SHARES":2000,"TOTAL_MARKET_CAP":100236400,"HKSK_MARKET_CAP":100236400,"PE_TTM":13.25527638191,"PB_TTM":0.367287384119,"REPORT_DATE_SQ":"2023-06-30 00:00:00","REPORT_TYPE_SQ":"2023年中报","OPERATE_INCOME_SQ":306507690.23,"DPS_HKD":null,"OPERATE_INCOME_QOQ_SQ":0,"NET_PROFIT_RATIO_SQ":2.1333987983,"HOLDER_PROFIT_SQ":6539031.38,"HOLDER_PROFIT_QOQ_SQ":0,"ROE_AVG_SQ":2.722081097083,"PE_TTM_SQ":7.480287440797,"PB_TTM_SQ":0.345220615946,"ROA_SQ":2.025982961387,"START_DATE":"2024-04-01 00:00:00","FISCAL_YEAR":"3-31","CURRENCY":"HKD","IS_CNY_CODE":0,"DPS_HKD_LY":null,"ORG_TYPE":"一般企业","PREMIUM_INCOME":null,"PREMIUM_INCOME_YOY":null,"NET_INTEREST_INCOME":null,"NET_INTEREST_INCOME_YOY":null,"FEE_COMMISSION_INCOME":null,"FEE_COMMISSION_INCOME_YOY":null,"ACCOUNTS_RECE_TDAYS":1.974704338355,"INVENTORY_TDAYS":null,"CURRENT_ASSETS_TDAYS":0.640475661902,"TOTAL_ASSETS_TDAYS":0.536952549576,"PREMIUM_EXPENSE":null,"LOAN_DEPOSIT":null,"LOAN_EQUITY":null,"LOAN_ASSETS":null,"DEPOSIT_EQUITY":null,"DEPOSIT_ASSETS":null,"EQUITY_MULTIPLIER":1.133959913524,"EQUITY_RATIO":0.133959913525},{"SECUCODE":"03878.HK","SECURITY_CODE":"03878","SECURITY_NAME_ABBR":"VICON HOLDINGS","ORG_CODE":"10676027","STD_REPORT_DATE":"2023-12-31 00:00:00","REPORT_DATE":"2024-03-31 00:00:00","DATE_TYPE_CODE":"001","REPORT_TYPE":"2023年年报","PER_NETCASH_OPERATE":0.075081469037,"PER_OI":0.919860936405,"BPS":0.503724998957,"BASIC_EPS":0.01559266,"DILUTED_EPS":null,"OPERATE_INCOME":441165305.1,"OPERATE_INCOME_YOY":16.6886867781,"GROSS_PROFIT":39842872.5,"GROSS_PROFIT_YOY":-0.482386940418,"HOLDER_PROFIT":7495355.4,"HOLDER_PROFIT_YOY":245.7967377666,"GROSS_PROFIT_RATIO":9.0312796676,"EPS_TTM":0.023145023874,"OPERATE_INCOME_QOQ":0,"NET_PROFIT_RATIO":1.6989902228,"ROE_AVG":3.151443077345,"GROSS_PROFIT_QOQ":0,"ROA":2.554425987917,"HOLDER_PROFIT_QOQ":0,"ROE_YEARLY":3.151443077345,"ROIC_YEARLY":2.788142637708,"TOTAL_ASSETS":279596337.9,"TOTAL_LIABILITIES":38009828.4,"TAX_EBT":-29.20768870136,"OCF_SALES":8.162263018811,"TOTAL_PARENT_EQUITY":241586509.5,"DEBT_ASSET_RATIO":13.5945372838,"OPERATE_PROFIT":6306868.35,"PRETAX_PROFIT":5801013.45,"NETCASH_OPERATE":36009072.55,"NETCASH_INVEST":-17975073.4,"NETCASH_FINANCE":-2617209.85,"END_CASH":32304909.25,"DIVI_RATIO":null,"DIVIDEND_RATE":null,"CURRENT_RATIO":6.112278272495,"COMMON_ACS":1000000000,"CURRENTDEBT_DEBT":99.902213318069,"ISSUED_COMMON_SHARES":479600000,"HK_COMMON_SHARES":479600000,"PER_SHARES":2000,"TOTAL_MARKET_CAP":103114000,"HKSK_MARKET_CAP":103114000,"PE_TTM":13.635810632108,"PB_TTM":0.377831519549,"REPORT_DATE_SQ":"2022-12-31 00:00:00","REPORT_TYPE_SQ":"2022年年报","OPERATE_INCOME_SQ":365083612.63,"DPS_HKD":null,"OPERATE_INCOME_QOQ_SQ":0,"NET_PROFIT_RATIO_SQ":0.5733221754,"HOLDER_PROFIT_SQ":2093105.31,"HOLDER_PROFIT_QOQ_SQ":0,"ROE_AVG_SQ":0.930254273392,"PE_TTM_SQ":4.738820839458,"PB_TTM_SQ":0.218699971358,"ROA_SQ":0.709370304056,"START_DATE":"2023-04-01 00:00:00","FISCAL_YEAR":"3-31","CURRENCY":"HKD","IS_CNY_CODE":0,"DPS_HKD_LY":null,"ORG_TYPE":"一般企业","PREMIUM_INCOME":null,"PREMIUM_INCOME_YOY":null,"NET_INTEREST_INCOME":null,"NET_INTEREST_INCOME_YOY":null,"FEE_COMMISSION_INCOME":null,"FEE_COMMISSION_INCOME_YOY":null,"ACCOUNTS_RECE_TDAYS":5.170469456383,"INVENTORY_TDAYS":null,"CURRENT_ASSETS_TDAYS":1.819317646531,"TOTAL_ASSETS_TDAYS":1.503496579114,"PREMIUM_EXPENSE":null,"LOAN_DEPOSIT":null,"LOAN_EQUITY":null,"LOAN_ASSETS":null,"DEPOSIT_EQUITY":null,"DEPOSIT_ASSETS":null,"EQUITY_MULTIPLIER":1.15733423393,"EQUITY_RATIO":0.15733423393},{"SECUCODE":"03878.HK","SECURITY_CODE":"03878","SECURITY_NAME_ABBR":"VICON HOLDINGS","ORG_CODE":"10676027","STD_REPORT_DATE":"2023-06-30 00:00:00","REPORT_DATE":"2023-09-30 00:00:00","DATE_TYPE_CODE":"002","REPORT_TYPE":"2023年中报","PER_NETCASH_OPERATE":0.016649741993,"PER_OI":0.639090263198,"BPS":0.50769659141,"BASIC_EPS":0.013672687,"DILUTED_EPS":null,"OPERATE_INCOME":306507690.23,"OPERATE_INCOME_YOY":108.585827047,"GROSS_PROFIT":20591617.2,"GROSS_PROFIT_YOY":312.824228517374,"HOLDER_PROFIT":6539031.38,"HOLDER_PROFIT_YOY":361.1212898498,"GROSS_PROFIT_RATIO":6.718140476198,"EPS_TTM":0.004364272957,"OPERATE_INCOME_QOQ":0,"NET_PROFIT_RATIO":2.1333987983,"ROE_AVG":2.722081097083,"GROSS_PROFIT_QOQ":0,"ROA":2.025982961387,"HOLDER_PROFIT_QOQ":0,"ROE_YEARLY":5.444162194167,"ROIC_YEARLY":4.326280209514,"TOTAL_ASSETS":334505499.16,"TOTAL_LIABILITIES":91014213.92,"TAX_EBT":12.671568627451,"OCF_SALES":2.605225419959,"TOTAL_PARENT_EQUITY":243491285.24,"DEBT_ASSET_RATIO":27.2085852545,"OPERATE_PROFIT":7760396.91,"PRETAX_PROFIT":7487860.8,"NETCASH_OPERATE":10681213.2,"NETCASH_INVEST":-2603316.31,"NETCASH_FINANCE":-1336986.91,"END_CASH":23835439.25,"DIVI_RATIO":null,"DIVIDEND_RATE":null,"CURRENT_RATIO":3.180203228226,"COMMON_ACS":1000000000,"CURRENTDEBT_DEBT":98.129738667527,"ISSUED_COMMON_SHARES":479600000,"HK_COMMON_SHARES":479600000,"PER_SHARES":2000,"TOTAL_MARKET_CAP":103114000,"HKSK_MARKET_CAP":103114000,"PE_TTM":13.635810632108,"PB_TTM":0.377831519549,"REPORT_DATE_SQ":"2022-06-30 00:00:00","REPORT_TYPE_SQ":"2022年中报","OPERATE_INCOME_SQ":144833403.84,"DPS_HKD":null,"OPERATE_INCOME_QOQ_SQ":0,"NET_PROFIT_RATIO_SQ":-1.70417645,"HOLDER_PROFIT_SQ":-2468216.76,"HOLDER_PROFIT_QOQ_SQ":0,"ROE_AVG_SQ":-1.072439790699,"PE_TTM_SQ":5.012967499592,"PB_TTM_SQ":0.231352035817,"ROA_SQ":-0.816573235009,"START_DATE":"2023-04-01 00:00:00","FISCAL_YEAR":"3-31","CURRENCY":"HKD","IS_CNY_CODE":0,"DPS_HKD_LY":null,"ORG_TYPE":"一般企业","PREMIUM_INCOME":null,"PREMIUM_INCOME_YOY":null,"NET_INTEREST_INCOME":null,"NET_INTEREST_INCOME_YOY":null,"FEE_COMMISSION_INCOME":null,"FEE_COMMISSION_INCOME_YOY":null,"ACCOUNTS_RECE_TDAYS":2.669957275376,"INVENTORY_TDAYS":null,"CURRENT_ASSETS_TDAYS":1.135212660564,"TOTAL_ASSETS_TDAYS":0.94965037152,"PREMIUM_EXPENSE":null,"LOAN_DEPOSIT":null,"LOAN_EQUITY":null,"LOAN_ASSETS":null,"DEPOSIT_EQUITY":null,"DEPOSIT_ASSETS":null,"EQUITY_MULTIPLIER":1.373788383556,"EQUITY_RATIO":0.373788383557},{"SECUCODE":"03878.HK","SECURITY_CODE":"03878","SECURITY_NAME_ABBR":"VICON HOLDINGS","ORG_CODE":"10676027","STD_REPORT_DATE":"2022-12-31 00:00:00","REPORT_DATE":"2023-03-31 00:00:00","DATE_TYPE_CODE":"001","REPORT_TYPE":"2022年年报","PER_NETCASH_OPERATE":-0.026196589491,"PER_OI":0.761225213991,"BPS":0.471330527565,"BASIC_EPS":0.00437705,"DILUTED_EPS":null,"OPERATE_INCOME":365083612.63,"OPERATE_INCOME_YOY":166.3211872741,"GROSS_PROFIT":40036000.94,"GROSS_PROFIT_YOY":6.632696853969,"HOLDER_PROFIT":2093105.31,"HOLDER_PROFIT_YOY":109.7349456455,"GROSS_PROFIT_RATIO":10.966255278233,"EPS_TTM":-0.021098746351,"OPERATE_INCOME_QOQ":0,"NET_PROFIT_RATIO":0.5733221754,"ROE_AVG":0.930254273392,"GROSS_PROFIT_QOQ":0,"ROA":0.709370304056,"HOLDER_PROFIT_QOQ":0,"ROE_YEARLY":0.930254273392,"ROIC_YEARLY":0.759031956483,"TOTAL_ASSETS":296701835.89,"TOTAL_LIABILITIES":70651714.87,"TAX_EBT":-22.741273100616,"OCF_SALES":-3.441371753033,"TOTAL_PARENT_EQUITY":226050121.02,"DEBT_ASSET_RATIO":23.8123618811,"OPERATE_PROFIT":2285695.51,"PRETAX_PROFIT":1705298.68,"NETCASH_OPERATE":-12563884.32,"NETCASH_INVEST":20034633.26,"NETCASH_FINANCE":-13465556.62,"END_CASH":16308012.89,"DIVI_RATIO":null,"DIVIDEND_RATE":null,"CURRENT_RATIO":3.522680776905,"COMMON_ACS":1000000000,"CURRENTDEBT_DEBT":98.115405107364,"ISSUED_COMMON_SHARES":479600000,"HK_COMMON_SHARES":479600000,"PER_SHARES":2000,"TOTAL_MARKET_CAP":107910000,"HKSK_MARKET_CAP":107910000,"PE_TTM":14.270034382439,"PB_TTM":0.395405078597,"REPORT_DATE_SQ":"2021-12-31 00:00:00","REPORT_TYPE_SQ":"2021年年报","OPERATE_INCOME_SQ":126999299.94,"DPS_HKD":null,"OPERATE_INCOME_QOQ_SQ":0,"NET_PROFIT_RATIO_SQ":-15.684508985,"HOLDER_PROFIT_SQ":-19919216.61,"HOLDER_PROFIT_QOQ_SQ":0,"ROE_AVG_SQ":-9.503927562589,"PE_TTM_SQ":27.680803011292,"PB_TTM_SQ":0.249426413615,"ROA_SQ":-6.635982800103,"START_DATE":"2022-04-01 00:00:00","FISCAL_YEAR":"3-31","CURRENCY":"HKD","IS_CNY_CODE":0,"DPS_HKD_LY":null,"ORG_TYPE":"一般企业","PREMIUM_INCOME":null,"PREMIUM_INCOME_YOY":null,"NET_INTEREST_INCOME":null,"NET_INTEREST_INCOME_YOY":null,"FEE_COMMISSION_INCOME":null,"FEE_COMMISSION_INCOME_YOY":null,"ACCOUNTS_RECE_TDAYS":5.078087329226,"INVENTORY_TDAYS":null,"CURRENT_ASSETS_TDAYS":1.590249761678,"TOTAL_ASSETS_TDAYS":1.237297865807,"PREMIUM_EXPENSE":null,"LOAN_DEPOSIT":null,"LOAN_EQUITY":null,"LOAN_ASSETS":null,"DEPOSIT_EQUITY":null,"DEPOSIT_ASSETS":null,"EQUITY_MULTIPLIER":1.312548892039,"EQUITY_RATIO":0.312548892039},{"SECUCODE":"03878.HK","SECURITY_CODE":"03878","SECURITY_NAME_ABBR":"VICON HOLDINGS","ORG_CODE":"10676027","STD_REPORT_DATE":"2022-06-30 00:00:00","REPORT_DATE":"2022-09-30 00:00:00","DATE_TYPE_CODE":"002","REPORT_TYPE":"2022年中报","PER_NETCASH_OPERATE":-0.034476588991,"PER_OI":0.301987914595,"BPS":0.477305197832,"BASIC_EPS":-0.005155308,"DILUTED_EPS":null,"OPERATE_INCOME":144833403.84,"OPERATE_INCOME_YOY":168.5268718035,"GROSS_PROFIT":4987986.6,"GROSS_PROFIT_YOY":23.480054355333,"HOLDER_PROFIT":-2468216.76,"HOLDER_PROFIT_YOY":81.4694099273,"GROSS_PROFIT_RATIO":3.443947644502,"EPS_TTM":-0.041532978753,"OPERATE_INCOME_QOQ":0,"NET_PROFIT_RATIO":-1.70417645,"ROE_AVG":-1.072439790699,"GROSS_PROFIT_QOQ":0,"ROA":-0.816573235009,"HOLDER_PROFIT_QOQ":0,"ROE_YEARLY":-2.144879581399,"ROIC_YEARLY":-1.747488265767,"TOTAL_ASSETS":301371165.72,"TOTAL_LIABILITIES":72455592.84,"TAX_EBT":11.309717257069,"OCF_SALES":-11.416545935954,"TOTAL_PARENT_EQUITY":228915572.88,"DEBT_ASSET_RATIO":24.0419791545,"OPERATE_PROFIT":-2366919.48,"PRETAX_PROFIT":-2782961.88,"NETCASH_OPERATE":-16534972.08,"NETCASH_INVEST":22128029.04,"NETCASH_FINANCE":-12122209.32,"END_CASH":16513265.52,"DIVI_RATIO":null,"DIVIDEND_RATE":null,"CURRENT_RATIO":3.486094410612,"COMMON_ACS":1000000000,"CURRENTDEBT_DEBT":96.544794098189,"ISSUED_COMMON_SHARES":479600000,"HK_COMMON_SHARES":479600000,"PER_SHARES":2000,"TOTAL_MARKET_CAP":107910000,"HKSK_MARKET_CAP":107910000,"PE_TTM":14.270034382439,"PB_TTM":0.395405078597,"REPORT_DATE_SQ":"2021-06-30 00:00:00","REPORT_TYPE_SQ":"2021年中报","OPERATE_INCOME_SQ":49679533.1,"DPS_HKD":null,"OPERATE_INCOME_QOQ_SQ":0,"NET_PROFIT_RATIO_SQ":-24.6952293116,"HOLDER_PROFIT_SQ":-12268474.62,"HOLDER_PROFIT_QOQ_SQ":0,"ROE_AVG_SQ":-5.592241415319,"PE_TTM_SQ":27.680803011292,"PB_TTM_SQ":0.249426413615,"ROA_SQ":-3.684545649011,"START_DATE":"2022-04-01 00:00:00","FISCAL_YEAR":"3-31","CURRENCY":"HKD","IS_CNY_CODE":0,"DPS_HKD_LY":null,"ORG_TYPE":"一般企业","PREMIUM_INCOME":null,"PREMIUM_INCOME_YOY":null,"NET_INTEREST_INCOME":null,"NET_INTEREST_INCOME_YOY":null,"FEE_COMMISSION_INCOME":null,"FEE_COMMISSION_INCOME_YOY":null,"ACCOUNTS_RECE_TDAYS":2.026345426247,"INVENTORY_TDAYS":null,"CURRENT_ASSETS_TDAYS":0.621672509307,"TOTAL_ASSETS_TDAYS":0.479160027708,"PREMIUM_EXPENSE":null,"LOAN_DEPOSIT":null,"LOAN_EQUITY":null,"LOAN_ASSETS":null,"DEPOSIT_EQUITY":null,"DEPOSIT_ASSETS":null,"EQUITY_MULTIPLIER":1.316516661267,"EQUITY_RATIO":0.316516661267},{"SECUCODE":"03878.HK","SECURITY_CODE":"03878","SECURITY_NAME_ABBR":"VICON HOLDINGS","ORG_CODE":"10676027","STD_REPORT_DATE":"2021-12-31 00:00:00","REPORT_DATE":"2022-03-31 00:00:00","DATE_TYPE_CODE":"001","REPORT_TYPE":"2021年年报","PER_NETCASH_OPERATE":0.059180394016,"PER_OI":0.264802543661,"BPS":0.432613634925,"BASIC_EPS":-0.044200045,"DILUTED_EPS":null,"OPERATE_INCOME":126999299.94,"OPERATE_INCOME_YOY":-38.5001472754,"GROSS_PROFIT":37545707.95,"GROSS_PROFIT_YOY":221.246015218844,"HOLDER_PROFIT":-19919216.61,"HOLDER_PROFIT_YOY":52.3170708032,"GROSS_PROFIT_RATIO":29.563712530493,"EPS_TTM":-0.135570778399,"OPERATE_INCOME_QOQ":0,"NET_PROFIT_RATIO":-15.684508985,"ROE_AVG":-9.503927562589,"GROSS_PROFIT_QOQ":0,"ROA":-6.635982800103,"HOLDER_PROFIT_QOQ":0,"ROE_YEARLY":-9.503927562589,"ROIC_YEARLY":-7.015915138306,"TOTAL_ASSETS":271842441.9,"TOTAL_LIABILITIES":64360942.59,"TAX_EBT":11.647901003633,"OCF_SALES":22.348876713029,"TOTAL_PARENT_EQUITY":207481499.31,"DEBT_ASSET_RATIO":23.6758256511,"OPERATE_PROFIT":-20396901.5,"PRETAX_PROFIT":-22545266.99,"NETCASH_OPERATE":28382916.97,"NETCASH_INVEST":24566303.91,"NETCASH_FINANCE":-44135164.2,"END_CASH":20662101.77,"DIVI_RATIO":null,"DIVIDEND_RATE":null,"CURRENT_RATIO":3.421864548495,"COMMON_ACS":1000000000,"CURRENTDEBT_DEBT":90.424526518731,"ISSUED_COMMON_SHARES":479600000,"HK_COMMON_SHARES":479600000,"PER_SHARES":2000,"TOTAL_MARKET_CAP":107910000,"HKSK_MARKET_CAP":107910000,"PE_TTM":14.270034382439,"PB_TTM":0.395405078597,"REPORT_DATE_SQ":"2020-12-31 00:00:00","REPORT_TYPE_SQ":"2020年年报","OPERATE_INCOME_SQ":215203957.5,"DPS_HKD":null,"OPERATE_INCOME_QOQ_SQ":0,"NET_PROFIT_RATIO_SQ":-20.2293568974,"HOLDER_PROFIT_SQ":-43534376.62,"HOLDER_PROFIT_QOQ_SQ":0,"ROE_AVG_SQ":-17.96093568842,"PE_TTM_SQ":27.680803011292,"PB_TTM_SQ":0.249426413615,"ROA_SQ":-10.494756594751,"START_DATE":"2021-04-01 00:00:00","FISCAL_YEAR":"3-31","CURRENCY":"HKD","IS_CNY_CODE":0,"DPS_HKD_LY":null,"ORG_TYPE":"一般企业","PREMIUM_INCOME":null,"PREMIUM_INCOME_YOY":null,"NET_INTEREST_INCOME":null,"NET_INTEREST_INCOME_YOY":null,"FEE_COMMISSION_INCOME":null,"FEE_COMMISSION_INCOME_YOY":null,"ACCOUNTS_RECE_TDAYS":2.295510682743,"INVENTORY_TDAYS":null,"CURRENT_ASSETS_TDAYS":0.613140743902,"TOTAL_ASSETS_TDAYS":0.42309152339,"PREMIUM_EXPENSE":null,"LOAN_DEPOSIT":null,"LOAN_EQUITY":null,"LOAN_ASSETS":null,"DEPOSIT_EQUITY":null,"DEPOSIT_ASSETS":null,"EQUITY_MULTIPLIER":1.310200874796,"EQUITY_RATIO":0.310200874796},{"SECUCODE":"03878.HK","SECURITY_CODE":"03878","SECURITY_NAME_ABBR":"VICON HOLDINGS","ORG_CODE":"10676027","STD_REPORT_DATE":"2021-06-30 00:00:00","REPORT_DATE":"2021-09-30 00:00:00","DATE_TYPE_CODE":"002","REPORT_TYPE":"2021年中报","PER_NETCASH_OPERATE":0.026046152419,"PER_OI":0.103585348415,"BPS":0.461457224562,"BASIC_EPS":-0.0291571,"DILUTED_EPS":null,"OPERATE_INCOME":49679533.1,"OPERATE_INCOME_YOY":-71.6548869,"GROSS_PROFIT":4039507.94,"GROSS_PROFIT_YOY":-74.580942602113,"HOLDER_PROFIT":-12268474.62,"HOLDER_PROFIT_YOY":-240.404233006,"GROSS_PROFIT_RATIO":8.131131047204,"EPS_TTM":-0.10883594155,"OPERATE_INCOME_QOQ":0,"NET_PROFIT_RATIO":-24.6952293116,"ROE_AVG":-5.592241415319,"GROSS_PROFIT_QOQ":0,"ROA":-3.684545649011,"HOLDER_PROFIT_QOQ":0,"ROE_YEARLY":-11.184482830638,"ROIC_YEARLY":-7.698580726104,"TOTAL_ASSETS":328513878.76,"TOTAL_LIABILITIES":107198993.86,"TAX_EBT":11.052726943287,"OCF_SALES":25.144629831475,"TOTAL_PARENT_EQUITY":221314884.9,"DEBT_ASSET_RATIO":32.6314961988,"OPERATE_PROFIT":-12325955.76,"PRETAX_PROFIT":-13792974.42,"NETCASH_OPERATE":12491734.7,"NETCASH_INVEST":6081338,"NETCASH_FINANCE":-14411938,"END_CASH":16331308.24,"DIVI_RATIO":null,"DIVIDEND_RATE":null,"CURRENT_RATIO":2.538990566038,"COMMON_ACS":1000000000,"CURRENTDEBT_DEBT":82.374243283779,"ISSUED_COMMON_SHARES":479600000,"HK_COMMON_SHARES":479600000,"PER_SHARES":2000,"TOTAL_MARKET_CAP":107910000,"HKSK_MARKET_CAP":107910000,"PE_TTM":14.270034382439,"PB_TTM":0.395405078597,"REPORT_DATE_SQ":"2020-06-30 00:00:00","REPORT_TYPE_SQ":"2020年中报","OPERATE_INCOME_SQ":184873022.08,"DPS_HKD":null,"OPERATE_INCOME_QOQ_SQ":0,"NET_PROFIT_RATIO_SQ":4.9855268099,"HOLDER_PROFIT_SQ":9216894.08,"HOLDER_PROFIT_QOQ_SQ":0,"ROE_AVG_SQ":3.30068521709,"PE_TTM_SQ":27.680803011292,"PB_TTM_SQ":0.249426413615,"ROA_SQ":1.877632561145,"START_DATE":"2021-04-01 00:00:00","FISCAL_YEAR":"3-31","CURRENCY":"HKD","IS_CNY_CODE":0,"DPS_HKD_LY":null,"ORG_TYPE":"一般企业","PREMIUM_INCOME":null,"PREMIUM_INCOME_YOY":null,"NET_INTEREST_INCOME":null,"NET_INTEREST_INCOME_YOY":null,"FEE_COMMISSION_INCOME":null,"FEE_COMMISSION_INCOME_YOY":null,"ACCOUNTS_RECE_TDAYS":1.24120634392,"INVENTORY_TDAYS":null,"CURRENT_ASSETS_TDAYS":0.223196156991,"TOTAL_ASSETS_TDAYS":0.149200706036,"PREMIUM_EXPENSE":null,"LOAN_DEPOSIT":null,"LOAN_EQUITY":null,"LOAN_ASSETS":null,"DEPOSIT_EQUITY":null,"DEPOSIT_ASSETS":null,"EQUITY_MULTIPLIER":1.484373176746,"EQUITY_RATIO":0.484373176745},{"SECUCODE":"03878.HK","SECURITY_CODE":"03878","SECURITY_NAME_ABBR":"VICON HOLDINGS","ORG_CODE":"10676027","STD_REPORT_DATE":"2020-12-31 00:00:00","REPORT_DATE":"2021-03-31 00:00:00","DATE_TYPE_CODE":"001","REPORT_TYPE":"2020年年报","PER_NETCASH_OPERATE":0.1448976592,"PER_OI":0.53800989375,"BPS":0.460001022143,"BASIC_EPS":-0.108859184,"DILUTED_EPS":null,"OPERATE_INCOME":215203957.5,"OPERATE_INCOME_YOY":-45.620835469,"GROSS_PROFIT":-30966550.02,"GROSS_PROFIT_YOY":-169.020988018986,"HOLDER_PROFIT":-43534376.62,"HOLDER_PROFIT_YOY":-317.0536429143,"GROSS_PROFIT_RATIO":-14.38939617084,"EPS_TTM":0.04944080365,"OPERATE_INCOME_QOQ":0,"NET_PROFIT_RATIO":-20.2293568974,"ROE_AVG":-17.96093568842,"GROSS_PROFIT_QOQ":0,"ROA":-10.494756594751,"HOLDER_PROFIT_QOQ":0,"ROE_YEARLY":-17.96093568842,"ROIC_YEARLY":-10.87124677745,"TOTAL_ASSETS":342337623.46,"TOTAL_LIABILITIES":121721133.24,"TAX_EBT":8.923898436947,"OCF_SALES":26.932155130093,"TOTAL_PARENT_EQUITY":220616490.22,"DEBT_ASSET_RATIO":35.5558737628,"OPERATE_PROFIT":-42220121.72,"PRETAX_PROFIT":-47800000.08,"NETCASH_OPERATE":57959063.68,"NETCASH_INVEST":9109350.04,"NETCASH_FINANCE":-71105838.58,"END_CASH":12347234.62,"DIVI_RATIO":null,"DIVIDEND_RATE":null,"CURRENT_RATIO":2.347734494632,"COMMON_ACS":1000000000,"CURRENTDEBT_DEBT":78.446444194476,"ISSUED_COMMON_SHARES":479600000,"HK_COMMON_SHARES":479600000,"PER_SHARES":2000,"TOTAL_MARKET_CAP":107910000,"HKSK_MARKET_CAP":107910000,"PE_TTM":14.270034382439,"PB_TTM":0.395405078597,"REPORT_DATE_SQ":"2019-12-31 00:00:00","REPORT_TYPE_SQ":"2019年年报","OPERATE_INCOME_SQ":427830888,"DPS_HKD":null,"OPERATE_INCOME_QOQ_SQ":0,"NET_PROFIT_RATIO_SQ":5.068127456,"HOLDER_PROFIT_SQ":21683014.7,"HOLDER_PROFIT_QOQ_SQ":0,"ROE_AVG_SQ":7.892640663845,"PE_TTM_SQ":27.680803011292,"PB_TTM_SQ":0.249426413615,"ROA_SQ":4.393612589678,"START_DATE":"2020-04-01 00:00:00","FISCAL_YEAR":"3-31","CURRENCY":"HKD","IS_CNY_CODE":0,"DPS_HKD_LY":null,"ORG_TYPE":"一般企业","PREMIUM_INCOME":null,"PREMIUM_INCOME_YOY":null,"NET_INTEREST_INCOME":null,"NET_INTEREST_INCOME_YOY":null,"FEE_COMMISSION_INCOME":null,"FEE_COMMISSION_INCOME_YOY":null,"ACCOUNTS_RECE_TDAYS":5.000294568163,"INVENTORY_TDAYS":null,"CURRENT_ASSETS_TDAYS":0.755495422521,"TOTAL_ASSETS_TDAYS":0.518788444338,"PREMIUM_EXPENSE":null,"LOAN_DEPOSIT":null,"LOAN_EQUITY":null,"LOAN_ASSETS":null,"DEPOSIT_EQUITY":null,"DEPOSIT_ASSETS":null,"EQUITY_MULTIPLIER":1.551731799915,"EQUITY_RATIO":0.551731799915},{"SECUCODE":"03878.HK","SECURITY_CODE":"03878","SECURITY_NAME_ABBR":"VICON HOLDINGS","ORG_CODE":"10676027","STD_REPORT_DATE":"2020-06-30 00:00:00","REPORT_DATE":"2020-09-30 00:00:00","DATE_TYPE_CODE":"002","REPORT_TYPE":"2020年中报","PER_NETCASH_OPERATE":0.0842340992,"PER_OI":0.4621825552,"BPS":0.591847967973,"BASIC_EPS":0.023022464,"DILUTED_EPS":0.023022464,"OPERATE_INCOME":184873022.08,"OPERATE_INCOME_YOY":19.6194039185,"GROSS_PROFIT":15891651.2,"GROSS_PROFIT_YOY":-18.657171342426,"HOLDER_PROFIT":9216894.08,"HOLDER_PROFIT_YOY":-14.9448589037,"GROSS_PROFIT_RATIO":8.595981729083,"EPS_TTM":0.05420753675,"OPERATE_INCOME_QOQ":0,"NET_PROFIT_RATIO":4.9855268099,"ROE_AVG":3.30068521709,"GROSS_PROFIT_QOQ":0,"ROA":1.877632561145,"HOLDER_PROFIT_QOQ":0,"ROE_YEARLY":6.601370434181,"ROIC_YEARLY":3.875928888955,"TOTAL_ASSETS":475115995.52,"TOTAL_LIABILITIES":191265710.08,"TAX_EBT":16.502149339277,"OCF_SALES":18.225287443735,"TOTAL_PARENT_EQUITY":283850285.44,"DEBT_ASSET_RATIO":40.2566345658,"OPERATE_PROFIT":14756344.96,"PRETAX_PROFIT":11038480.64,"NETCASH_OPERATE":33693639.68,"NETCASH_INVEST":-459570.56,"NETCASH_FINANCE":-36740161.92,"END_CASH":13528773.12,"DIVI_RATIO":null,"DIVIDEND_RATE":null,"CURRENT_RATIO":2.192689973996,"COMMON_ACS":1000000000,"CURRENTDEBT_DEBT":79.503271096736,"ISSUED_COMMON_SHARES":479600000,"HK_COMMON_SHARES":479600000,"PER_SHARES":2000,"TOTAL_MARKET_CAP":107910000,"HKSK_MARKET_CAP":107910000,"PE_TTM":14.270034382439,"PB_TTM":0.395405078597,"REPORT_DATE_SQ":"2019-06-30 00:00:00","REPORT_TYPE_SQ":"2019年中报","OPERATE_INCOME_SQ":158647322.82,"DPS_HKD":null,"OPERATE_INCOME_QOQ_SQ":0,"NET_PROFIT_RATIO_SQ":7.0115190867,"HOLDER_PROFIT_SQ":11123587.32,"HOLDER_PROFIT_QOQ_SQ":0,"ROE_AVG_SQ":4.180721625369,"PE_TTM_SQ":27.680803011292,"PB_TTM_SQ":0.249426413615,"ROA_SQ":2.306588047153,"START_DATE":"2020-04-01 00:00:00","FISCAL_YEAR":"3-31","CURRENCY":"HKD","IS_CNY_CODE":0,"DPS_HKD_LY":null,"ORG_TYPE":"一般企业","PREMIUM_INCOME":null,"PREMIUM_INCOME_YOY":null,"NET_INTEREST_INCOME":null,"NET_INTEREST_INCOME_YOY":null,"FEE_COMMISSION_INCOME":null,"FEE_COMMISSION_INCOME_YOY":null,"ACCOUNTS_RECE_TDAYS":4.129687607345,"INVENTORY_TDAYS":null,"CURRENT_ASSETS_TDAYS":0.533802041443,"TOTAL_ASSETS_TDAYS":0.376616681196,"PREMIUM_EXPENSE":null,"LOAN_DEPOSIT":null,"LOAN_EQUITY":null,"LOAN_ASSETS":null,"DEPOSIT_EQUITY":null,"DEPOSIT_ASSETS":null,"EQUITY_MULTIPLIER":1.673826026927,"EQUITY_RATIO":0.673826026927}],"count":19},"success":true,"message":"ok","code":0}