{"version":"4967c7a631618a353bf1b9ee5ee81b52","result":{"pages":3,"data":[{"SECUCODE":"03882.HK","SECURITY_CODE":"03882","SECURITY_NAME_ABBR":"天彩控股","ORG_CODE":"10467768","STD_REPORT_DATE":"2024-06-30 00:00:00","REPORT_DATE":"2024-06-30 00:00:00","DATE_TYPE_CODE":"002","REPORT_TYPE":"2024年中报","PER_NETCASH_OPERATE":0.007670009816,"PER_OI":0.125882814475,"BPS":0.10326732541,"BASIC_EPS":-0.02190432,"DILUTED_EPS":-0.02190432,"OPERATE_INCOME":126963827.48,"OPERATE_INCOME_YOY":-2.6787463271,"GROSS_PROFIT":26801760.88,"GROSS_PROFIT_YOY":46.817098729765,"HOLDER_PROFIT":-22483871.8,"HOLDER_PROFIT_YOY":36.8818857289,"GROSS_PROFIT_RATIO":21.109761269777,"EPS_TTM":-0.05983843763,"OPERATE_INCOME_QOQ":-1.654833984974,"NET_PROFIT_RATIO":-28.4679141118,"ROE_AVG":-19.188677628658,"GROSS_PROFIT_QOQ":14.314328985763,"ROA":-8.549069961133,"HOLDER_PROFIT_QOQ":18.28084413834,"ROE_YEARLY":-38.377355257316,"ROIC_YEARLY":-15.308040527315,"TOTAL_ASSETS":235815520.36,"TOTAL_LIABILITIES":198057036.08,"TAX_EBT":-0.010101520279,"OCF_SALES":6.092976112601,"TOTAL_PARENT_EQUITY":104154128.92,"DEBT_ASSET_RATIO":83.9881258781,"OPERATE_PROFIT":-34162525.08,"PRETAX_PROFIT":-36140302.64,"NETCASH_OPERATE":7735875.68,"NETCASH_INVEST":-1084263.84,"NETCASH_FINANCE":-9301121.88,"END_CASH":25328695.36,"DIVI_RATIO":null,"DIVIDEND_RATE":null,"CURRENT_RATIO":1.025043161047,"COMMON_ACS":2000000000,"CURRENTDEBT_DEBT":94.488631650738,"ISSUED_COMMON_SHARES":1008587455,"HK_COMMON_SHARES":1008587455,"PER_SHARES":1000,"TOTAL_MARKET_CAP":1200219071.45,"HKSK_MARKET_CAP":1200219071.45,"PE_TTM":-17.886753870285,"PB_TTM":10.517258926647,"REPORT_DATE_SQ":"2023-06-30 00:00:00","REPORT_TYPE_SQ":"2023年中报","OPERATE_INCOME_SQ":131787821.2,"DPS_HKD":null,"OPERATE_INCOME_QOQ_SQ":-25.370546157377,"NET_PROFIT_RATIO_SQ":-34.6767874633,"HOLDER_PROFIT_SQ":-35984879.4,"HOLDER_PROFIT_QOQ_SQ":-174.401703934759,"ROE_AVG_SQ":-21.494835566986,"PE_TTM_SQ":-17.167711693798,"PB_TTM_SQ":5.803271333745,"ROA_SQ":-8.400874310824,"START_DATE":"2024-01-01 00:00:00","FISCAL_YEAR":"12-31","CURRENCY":"HKD","IS_CNY_CODE":0,"DPS_HKD_LY":null,"ORG_TYPE":"一般企业","PREMIUM_INCOME":null,"PREMIUM_INCOME_YOY":null,"NET_INTEREST_INCOME":null,"NET_INTEREST_INCOME_YOY":null,"FEE_COMMISSION_INCOME":null,"FEE_COMMISSION_INCOME_YOY":null,"ACCOUNTS_RECE_TDAYS":2.671384266772,"INVENTORY_TDAYS":1.053756007163,"CURRENT_ASSETS_TDAYS":0.595059811401,"TOTAL_ASSETS_TDAYS":0.482756107718,"PREMIUM_EXPENSE":null,"LOAN_DEPOSIT":null,"LOAN_EQUITY":null,"LOAN_ASSETS":null,"DEPOSIT_EQUITY":null,"DEPOSIT_ASSETS":null,"EQUITY_MULTIPLIER":6.245365110835,"EQUITY_RATIO":1.901576424609},{"SECUCODE":"03882.HK","SECURITY_CODE":"03882","SECURITY_NAME_ABBR":"天彩控股","ORG_CODE":"10467768","STD_REPORT_DATE":"2023-12-31 00:00:00","REPORT_DATE":"2023-12-31 00:00:00","DATE_TYPE_CODE":"001","REPORT_TYPE":"2023年年报","PER_NETCASH_OPERATE":-0.068935034335,"PER_OI":0.289027216504,"BPS":0.128168919511,"BASIC_EPS":-0.07431004,"DILUTED_EPS":-0.07431004,"OPERATE_INCOME":291509224.72,"OPERATE_INCOME_YOY":-22.8737139665,"GROSS_PROFIT":59706304.7,"GROSS_PROFIT_YOY":-8.778040210972,"HOLDER_PROFIT":-73853305.12,"HOLDER_PROFIT_YOY":-224.2460412191,"GROSS_PROFIT_RATIO":20.481789129435,"EPS_TTM":-0.073224493081,"OPERATE_INCOME_QOQ":4.84387147096,"NET_PROFIT_RATIO":-40.2066054042,"ROE_AVG":-51.804670912951,"GROSS_PROFIT_QOQ":28.007139738981,"ROA":-18.961487677336,"HOLDER_PROFIT_QOQ":-25.631017115131,"ROE_YEARLY":-51.804670912951,"ROIC_YEARLY":-20.379527946956,"TOTAL_ASSETS":288126305.46,"TOTAL_LIABILITIES":210962578.68,"TAX_EBT":null,"OCF_SALES":-23.850706922493,"TOTAL_PARENT_EQUITY":129269564.34,"DEBT_ASSET_RATIO":73.2187844991,"OPERATE_PROFIT":-115151562.96,"PRETAX_PROFIT":-117205963.7,"NETCASH_OPERATE":-69527010.84,"NETCASH_INVEST":-18099025.84,"NETCASH_FINANCE":49408926.84,"END_CASH":32036689.44,"DIVI_RATIO":null,"DIVIDEND_RATE":null,"CURRENT_RATIO":1.212229114562,"COMMON_ACS":2000000000,"CURRENTDEBT_DEBT":91.202092837444,"ISSUED_COMMON_SHARES":1008587455,"HK_COMMON_SHARES":1008587455,"PER_SHARES":1000,"TOTAL_MARKET_CAP":1129617949.6,"HKSK_MARKET_CAP":1129617949.6,"PE_TTM":-16.834591877915,"PB_TTM":9.898596636844,"REPORT_DATE_SQ":"2022-12-31 00:00:00","REPORT_TYPE_SQ":"2022年年报","OPERATE_INCOME_SQ":372562371.79,"DPS_HKD":null,"OPERATE_INCOME_QOQ_SQ":-31.891108906506,"NET_PROFIT_RATIO_SQ":-7.4847090585,"HOLDER_PROFIT_SQ":-22451448.18,"HOLDER_PROFIT_QOQ_SQ":-525.860950424732,"ROE_AVG_SQ":-9.381845778306,"PE_TTM_SQ":-14.20237967396,"PB_TTM_SQ":4.800888103371,"ROA_SQ":-4.630392076417,"START_DATE":"2023-01-01 00:00:00","FISCAL_YEAR":"12-31","CURRENCY":"HKD","IS_CNY_CODE":0,"DPS_HKD_LY":null,"ORG_TYPE":"一般企业","PREMIUM_INCOME":null,"PREMIUM_INCOME_YOY":null,"NET_INTEREST_INCOME":null,"NET_INTEREST_INCOME_YOY":null,"FEE_COMMISSION_INCOME":null,"FEE_COMMISSION_INCOME_YOY":null,"ACCOUNTS_RECE_TDAYS":7.451464575684,"INVENTORY_TDAYS":1.976303610474,"CURRENT_ASSETS_TDAYS":1.199764281132,"TOTAL_ASSETS_TDAYS":0.748436182156,"PREMIUM_EXPENSE":null,"LOAN_DEPOSIT":null,"LOAN_EQUITY":null,"LOAN_ASSETS":null,"DEPOSIT_EQUITY":null,"DEPOSIT_ASSETS":null,"EQUITY_MULTIPLIER":3.733960469294,"EQUITY_RATIO":1.631958611117},{"SECUCODE":"03882.HK","SECURITY_CODE":"03882","SECURITY_NAME_ABBR":"天彩控股","ORG_CODE":"10467768","STD_REPORT_DATE":"2023-06-30 00:00:00","REPORT_DATE":"2023-06-30 00:00:00","DATE_TYPE_CODE":"002","REPORT_TYPE":"2023年中报","PER_NETCASH_OPERATE":-0.055302119597,"PER_OI":0.13066573508,"BPS":0.174759707357,"BASIC_EPS":-0.0368792,"DILUTED_EPS":-0.0368792,"OPERATE_INCOME":131787821.2,"OPERATE_INCOME_YOY":-45.984960133,"GROSS_PROFIT":18255204,"GROSS_PROFIT_YOY":-50.746718617402,"HOLDER_PROFIT":-35984879.4,"HOLDER_PROFIT_YOY":-2522.7188081937,"GROSS_PROFIT_RATIO":13.851965859801,"EPS_TTM":-0.058285361977,"OPERATE_INCOME_QOQ":-25.370546157377,"NET_PROFIT_RATIO":-34.6767874633,"ROE_AVG":-21.494835566986,"GROSS_PROFIT_QOQ":-28.736818918821,"ROA":-8.400874310824,"HOLDER_PROFIT_QOQ":-174.401703934759,"ROE_YEARLY":-42.989671133972,"ROIC_YEARLY":-19.534974511438,"TOTAL_ASSETS":357301363.26,"TOTAL_LIABILITIES":198780731.96,"TAX_EBT":null,"OCF_SALES":-42.323352455576,"TOTAL_PARENT_EQUITY":176260448.48,"DEBT_ASSET_RATIO":55.633913665,"OPERATE_PROFIT":-44841419.28,"PRETAX_PROFIT":-45699782.66,"NETCASH_OPERATE":-55777024.06,"NETCASH_INVEST":-15049479.54,"NETCASH_FINANCE":65854265.46,"END_CASH":62040034.2,"DIVI_RATIO":null,"DIVIDEND_RATE":null,"CURRENT_RATIO":1.512665308242,"COMMON_ACS":2000000000,"CURRENTDEBT_DEBT":92.871123644493,"ISSUED_COMMON_SHARES":1008587455,"HK_COMMON_SHARES":1008587455,"PER_SHARES":1000,"TOTAL_MARKET_CAP":1129617949.6,"HKSK_MARKET_CAP":1129617949.6,"PE_TTM":-16.834591877915,"PB_TTM":9.898596636844,"REPORT_DATE_SQ":"2022-06-30 00:00:00","REPORT_TYPE_SQ":"2022年中报","OPERATE_INCOME_SQ":226308929.7,"DPS_HKD":null,"OPERATE_INCOME_QOQ_SQ":-6.439664449458,"NET_PROFIT_RATIO_SQ":-0.5989494766,"HOLDER_PROFIT_SQ":1377711.09,"HOLDER_PROFIT_QOQ_SQ":259.690303143965,"ROE_AVG_SQ":0.743214877215,"PE_TTM_SQ":-14.20237967396,"PB_TTM_SQ":4.800888103371,"ROA_SQ":0.3477322397,"START_DATE":"2023-01-01 00:00:00","FISCAL_YEAR":"12-31","CURRENCY":"HKD","IS_CNY_CODE":0,"DPS_HKD_LY":null,"ORG_TYPE":"一般企业","PREMIUM_INCOME":null,"PREMIUM_INCOME_YOY":null,"NET_INTEREST_INCOME":null,"NET_INTEREST_INCOME_YOY":null,"FEE_COMMISSION_INCOME":null,"FEE_COMMISSION_INCOME_YOY":null,"ACCOUNTS_RECE_TDAYS":3.152520318031,"INVENTORY_TDAYS":0.913738730383,"CURRENT_ASSETS_TDAYS":0.491418905911,"TOTAL_ASSETS_TDAYS":0.307666147576,"PREMIUM_EXPENSE":null,"LOAN_DEPOSIT":null,"LOAN_EQUITY":null,"LOAN_ASSETS":null,"DEPOSIT_EQUITY":null,"DEPOSIT_ASSETS":null,"EQUITY_MULTIPLIER":2.253973885479,"EQUITY_RATIO":1.127767083734},{"SECUCODE":"03882.HK","SECURITY_CODE":"03882","SECURITY_NAME_ABBR":"天彩控股","ORG_CODE":"10467768","STD_REPORT_DATE":"2022-12-31 00:00:00","REPORT_DATE":"2022-12-31 00:00:00","DATE_TYPE_CODE":"001","REPORT_TYPE":"2022年年报","PER_NETCASH_OPERATE":0.025315582355,"PER_OI":0.390695546419,"BPS":0.256239537631,"BASIC_EPS":-0.02322502,"DILUTED_EPS":-0.02322502,"OPERATE_INCOME":372562371.79,"OPERATE_INCOME_YOY":-41.6751387582,"GROSS_PROFIT":65451679.44,"GROSS_PROFIT_YOY":-34.252021244926,"HOLDER_PROFIT":-22451448.18,"HOLDER_PROFIT_YOY":-522.4500389307,"GROSS_PROFIT_RATIO":17.567979054227,"EPS_TTM":-0.02246599858,"OPERATE_INCOME_QOQ":-31.891108906506,"NET_PROFIT_RATIO":-7.4847090585,"ROE_AVG":-9.381845778306,"GROSS_PROFIT_QOQ":-26.020274333764,"ROA":-4.630392076417,"HOLDER_PROFIT_QOQ":-525.860950424732,"ROE_YEARLY":-9.381845778306,"ROIC_YEARLY":-5.585742533672,"TOTAL_ASSETS":315921014.36,"TOTAL_LIABILITIES":170626182.51,"TAX_EBT":-0.216731686173,"OCF_SALES":6.479618871336,"TOTAL_PARENT_EQUITY":153625467.87,"DEBT_ASSET_RATIO":46.4914742307,"OPERATE_PROFIT":-27534154.48,"PRETAX_PROFIT":-28850834.46,"NETCASH_OPERATE":24140621.75,"NETCASH_INVEST":10205609.75,"NETCASH_FINANCE":-34994745.52,"END_CASH":72754161.69,"DIVI_RATIO":null,"DIVIDEND_RATE":null,"CURRENT_RATIO":1.525333800097,"COMMON_ACS":2000000000,"CURRENTDEBT_DEBT":95.710239617199,"ISSUED_COMMON_SHARES":1008587455,"HK_COMMON_SHARES":1008587455,"PER_SHARES":1000,"TOTAL_MARKET_CAP":1129617949.6,"HKSK_MARKET_CAP":1129617949.6,"PE_TTM":-16.834591877915,"PB_TTM":9.898596636844,"REPORT_DATE_SQ":"2021-12-31 00:00:00","REPORT_TYPE_SQ":"2021年年报","OPERATE_INCOME_SQ":584660036.8,"DPS_HKD":null,"OPERATE_INCOME_QOQ_SQ":19.826963933017,"NET_PROFIT_RATIO_SQ":-0.4771407355,"HOLDER_PROFIT_SQ":-3150212.8,"HOLDER_PROFIT_QOQ_SQ":92.485835968075,"ROE_AVG_SQ":-1.754346024605,"PE_TTM_SQ":-14.20237967396,"PB_TTM_SQ":4.800888103371,"ROA_SQ":-0.808746977431,"START_DATE":"2022-01-01 00:00:00","FISCAL_YEAR":"12-31","CURRENCY":"HKD","IS_CNY_CODE":0,"DPS_HKD_LY":null,"ORG_TYPE":"一般企业","PREMIUM_INCOME":null,"PREMIUM_INCOME_YOY":null,"NET_INTEREST_INCOME":null,"NET_INTEREST_INCOME_YOY":null,"FEE_COMMISSION_INCOME":null,"FEE_COMMISSION_INCOME_YOY":null,"ACCOUNTS_RECE_TDAYS":11.312710209396,"INVENTORY_TDAYS":2.019074633615,"CURRENT_ASSETS_TDAYS":1.249070108712,"TOTAL_ASSETS_TDAYS":0.8052495668,"PREMIUM_EXPENSE":null,"LOAN_DEPOSIT":null,"LOAN_EQUITY":null,"LOAN_ASSETS":null,"DEPOSIT_EQUITY":null,"DEPOSIT_ASSETS":null,"EQUITY_MULTIPLIER":1.868861056482,"EQUITY_RATIO":1.110663387235},{"SECUCODE":"03882.HK","SECURITY_CODE":"03882","SECURITY_NAME_ABBR":"天彩控股","ORG_CODE":"10467768","STD_REPORT_DATE":"2022-06-30 00:00:00","REPORT_DATE":"2022-06-30 00:00:00","DATE_TYPE_CODE":"002","REPORT_TYPE":"2022年中报","PER_NETCASH_OPERATE":0.005037396378,"PER_OI":0.237534961434,"BPS":0.179397962698,"BASIC_EPS":0.00171038,"DILUTED_EPS":0.00171038,"OPERATE_INCOME":226308929.7,"OPERATE_INCOME_YOY":-16.5805036125,"GROSS_PROFIT":37063934.6,"GROSS_PROFIT_YOY":-23.009341697036,"HOLDER_PROFIT":1377711.09,"HOLDER_PROFIT_YOY":119.7040117417,"GROSS_PROFIT_RATIO":16.377583796244,"EPS_TTM":0.005280126003,"OPERATE_INCOME_QOQ":-6.439664449458,"NET_PROFIT_RATIO":-0.5989494766,"ROE_AVG":0.743214877215,"GROSS_PROFIT_QOQ":-11.127030868295,"ROA":0.3477322397,"HOLDER_PROFIT_QOQ":259.690303143965,"ROE_YEARLY":1.48642975443,"ROIC_YEARLY":0.864640316874,"TOTAL_ASSETS":369726003.08,"TOTAL_LIABILITIES":192872711.08,"TAX_EBT":-1.084183673469,"OCF_SALES":2.120696821978,"TOTAL_PARENT_EQUITY":180938534.63,"DEBT_ASSET_RATIO":52.1663906442,"OPERATE_PROFIT":-555018.31,"PRETAX_PROFIT":-1340937.92,"NETCASH_OPERATE":4799326.28,"NETCASH_INVEST":11036226.95,"NETCASH_FINANCE":-11858919.73,"END_CASH":77699142.64,"DIVI_RATIO":null,"DIVIDEND_RATE":null,"CURRENT_RATIO":1.614236359471,"COMMON_ACS":2000000000,"CURRENTDEBT_DEBT":94.843747228775,"ISSUED_COMMON_SHARES":1008587455,"HK_COMMON_SHARES":1008587455,"PER_SHARES":1000,"TOTAL_MARKET_CAP":1129617949.6,"HKSK_MARKET_CAP":1129617949.6,"PE_TTM":-16.834591877915,"PB_TTM":9.898596636844,"REPORT_DATE_SQ":"2021-06-30 00:00:00","REPORT_TYPE_SQ":"2021年中报","OPERATE_INCOME_SQ":263959074.24,"DPS_HKD":null,"OPERATE_INCOME_QOQ_SQ":32.626634871234,"NET_PROFIT_RATIO_SQ":-2.519323641,"HOLDER_PROFIT_SQ":-6803086.08,"HOLDER_PROFIT_QOQ_SQ":22.194481847981,"ROE_AVG_SQ":-3.797447776965,"PE_TTM_SQ":-14.20237967396,"PB_TTM_SQ":4.800888103371,"ROA_SQ":-1.653064669887,"START_DATE":"2022-01-01 00:00:00","FISCAL_YEAR":"12-31","CURRENCY":"HKD","IS_CNY_CODE":0,"DPS_HKD_LY":null,"ORG_TYPE":"一般企业","PREMIUM_INCOME":null,"PREMIUM_INCOME_YOY":null,"NET_INTEREST_INCOME":null,"NET_INTEREST_INCOME_YOY":null,"FEE_COMMISSION_INCOME":null,"FEE_COMMISSION_INCOME_YOY":null,"ACCOUNTS_RECE_TDAYS":4.31911473082,"INVENTORY_TDAYS":1.277467809301,"CURRENT_ASSETS_TDAYS":0.720817160368,"TOTAL_ASSETS_TDAYS":0.571200388528,"PREMIUM_EXPENSE":null,"LOAN_DEPOSIT":null,"LOAN_EQUITY":null,"LOAN_ASSETS":null,"DEPOSIT_EQUITY":null,"DEPOSIT_ASSETS":null,"EQUITY_MULTIPLIER":2.090580270792,"EQUITY_RATIO":1.065957074729},{"SECUCODE":"03882.HK","SECURITY_CODE":"03882","SECURITY_NAME_ABBR":"天彩控股","ORG_CODE":"10467768","STD_REPORT_DATE":"2021-12-31 00:00:00","REPORT_DATE":"2021-12-31 00:00:00","DATE_TYPE_CODE":"001","REPORT_TYPE":"2021年年报","PER_NETCASH_OPERATE":0.005091445279,"PER_OI":0.613662039219,"BPS":0.179917201132,"BASIC_EPS":-0.0032704,"DILUTED_EPS":-0.0032704,"OPERATE_INCOME":584660036.8,"OPERATE_INCOME_YOY":63.5952881534,"GROSS_PROFIT":99549340.8,"GROSS_PROFIT_YOY":93.676527330621,"HOLDER_PROFIT":-3150212.8,"HOLDER_PROFIT_YOY":93.9816622671,"GROSS_PROFIT_RATIO":17.026876224491,"EPS_TTM":-0.00330647879,"OPERATE_INCOME_QOQ":19.826963933017,"NET_PROFIT_RATIO":-0.4771407355,"ROE_AVG":-1.754346024605,"GROSS_PROFIT_QOQ":41.979967956887,"ROA":-0.808746977431,"HOLDER_PROFIT_QOQ":92.485835968075,"ROE_YEARLY":-1.754346024605,"ROIC_YEARLY":-1.015425079128,"TOTAL_ASSETS":404093076.8,"TOTAL_LIABILITIES":223426369.6,"TAX_EBT":20.336212934859,"OCF_SALES":0.829682293072,"TOTAL_PARENT_EQUITY":181462232,"DEBT_ASSET_RATIO":55.290818484,"OPERATE_PROFIT":-1840417.6,"PRETAX_PROFIT":-3501780.8,"NETCASH_OPERATE":4850820.8,"NETCASH_INVEST":-17037966.4,"NETCASH_FINANCE":4400323.2,"END_CASH":78643308.8,"DIVI_RATIO":null,"DIVIDEND_RATE":null,"CURRENT_RATIO":1.514901307078,"COMMON_ACS":2000000000,"CURRENTDEBT_DEBT":93.956548627553,"ISSUED_COMMON_SHARES":1008587455,"HK_COMMON_SHARES":1008587455,"PER_SHARES":1000,"TOTAL_MARKET_CAP":1129617949.6,"HKSK_MARKET_CAP":1129617949.6,"PE_TTM":-16.834591877915,"PB_TTM":9.898596636844,"REPORT_DATE_SQ":"2020-12-31 00:00:00","REPORT_TYPE_SQ":"2020年年报","OPERATE_INCOME_SQ":367890102.04,"DPS_HKD":null,"OPERATE_INCOME_QOQ_SQ":-8.517654016129,"NET_PROFIT_RATIO_SQ":-16.2574266033,"HOLDER_PROFIT_SQ":-53882634.44,"HOLDER_PROFIT_QOQ_SQ":13.482061953946,"ROE_AVG_SQ":-26.418333261119,"PE_TTM_SQ":-14.20237967396,"PB_TTM_SQ":4.800888103371,"ROA_SQ":-13.361369091099,"START_DATE":"2021-01-01 00:00:00","FISCAL_YEAR":"12-31","CURRENCY":"HKD","IS_CNY_CODE":0,"DPS_HKD_LY":null,"ORG_TYPE":"一般企业","PREMIUM_INCOME":null,"PREMIUM_INCOME_YOY":null,"NET_INTEREST_INCOME":null,"NET_INTEREST_INCOME_YOY":null,"FEE_COMMISSION_INCOME":null,"FEE_COMMISSION_INCOME_YOY":null,"ACCOUNTS_RECE_TDAYS":13.130609621741,"INVENTORY_TDAYS":3.404024004039,"CURRENT_ASSETS_TDAYS":1.953397718783,"TOTAL_ASSETS_TDAYS":1.500984433772,"PREMIUM_EXPENSE":null,"LOAN_DEPOSIT":null,"LOAN_EQUITY":null,"LOAN_ASSETS":null,"DEPOSIT_EQUITY":null,"DEPOSIT_ASSETS":null,"EQUITY_MULTIPLIER":2.236677045054,"EQUITY_RATIO":1.231255491225},{"SECUCODE":"03882.HK","SECURITY_CODE":"03882","SECURITY_NAME_ABBR":"天彩控股","ORG_CODE":"10467768","STD_REPORT_DATE":"2021-06-30 00:00:00","REPORT_DATE":"2021-06-30 00:00:00","DATE_TYPE_CODE":"002","REPORT_TYPE":"2021年中报","PER_NETCASH_OPERATE":-0.02516398467,"PER_OI":0.277052737613,"BPS":0.17596986653,"BASIC_EPS":-0.00748872,"DILUTED_EPS":-0.00748872,"OPERATE_INCOME":263959074.24,"OPERATE_INCOME_YOY":101.3276807474,"GROSS_PROFIT":48140820.48,"GROSS_PROFIT_YOY":63.602075074594,"HOLDER_PROFIT":-6803086.08,"HOLDER_PROFIT_YOY":60.1947419669,"GROSS_PROFIT_RATIO":18.237986558564,"EPS_TTM":-0.04400328201,"OPERATE_INCOME_QOQ":32.626634871234,"NET_PROFIT_RATIO":-2.519323641,"ROE_AVG":-3.797447776965,"GROSS_PROFIT_QOQ":36.411164277366,"ROA":-1.653064669887,"HOLDER_PROFIT_QOQ":22.194481847981,"ROE_YEARLY":-7.59489555393,"ROIC_YEARLY":-4.06035910539,"TOTAL_ASSETS":441504976.32,"TOTAL_LIABILITIES":265077389.76,"TAX_EBT":null,"OCF_SALES":-9.082741750413,"TOTAL_PARENT_EQUITY":177480999.84,"DEBT_ASSET_RATIO":60.0395021523,"OPERATE_PROFIT":-5872820.64,"PRETAX_PROFIT":-6649983.36,"NETCASH_OPERATE":-23974721.04,"NETCASH_INVEST":-2023618.56,"NETCASH_FINANCE":14330081.76,"END_CASH":71800183.2,"DIVI_RATIO":null,"DIVIDEND_RATE":null,"CURRENT_RATIO":1.423713145367,"COMMON_ACS":2000000000,"CURRENTDEBT_DEBT":93.04050575694,"ISSUED_COMMON_SHARES":1008587455,"HK_COMMON_SHARES":1008587455,"PER_SHARES":1000,"TOTAL_MARKET_CAP":1129617949.6,"HKSK_MARKET_CAP":1129617949.6,"PE_TTM":-16.834591877915,"PB_TTM":9.898596636844,"REPORT_DATE_SQ":"2020-06-30 00:00:00","REPORT_TYPE_SQ":"2020年中报","OPERATE_INCOME_SQ":143928913.92,"DPS_HKD":null,"OPERATE_INCOME_QOQ_SQ":-18.245848781156,"NET_PROFIT_RATIO_SQ":-14.2560672218,"HOLDER_PROFIT_SQ":-18762057.6,"HOLDER_PROFIT_QOQ_SQ":15.532683454679,"ROE_AVG_SQ":-8.081284979394,"PE_TTM_SQ":-14.20237967396,"PB_TTM_SQ":4.800888103371,"ROA_SQ":-4.416634412764,"START_DATE":"2021-01-01 00:00:00","FISCAL_YEAR":"12-31","CURRENCY":"HKD","IS_CNY_CODE":0,"DPS_HKD_LY":null,"ORG_TYPE":"一般企业","PREMIUM_INCOME":null,"PREMIUM_INCOME_YOY":null,"NET_INTEREST_INCOME":null,"NET_INTEREST_INCOME_YOY":null,"FEE_COMMISSION_INCOME":null,"FEE_COMMISSION_INCOME_YOY":null,"ACCOUNTS_RECE_TDAYS":5.246473166295,"INVENTORY_TDAYS":1.339766006353,"CURRENT_ASSETS_TDAYS":0.829155901268,"TOTAL_ASSETS_TDAYS":0.641387474436,"PREMIUM_EXPENSE":null,"LOAN_DEPOSIT":null,"LOAN_EQUITY":null,"LOAN_ASSETS":null,"DEPOSIT_EQUITY":null,"DEPOSIT_ASSETS":null,"EQUITY_MULTIPLIER":2.502471325085,"EQUITY_RATIO":1.493553619818},{"SECUCODE":"03882.HK","SECURITY_CODE":"03882","SECURITY_NAME_ABBR":"天彩控股","ORG_CODE":"10467768","STD_REPORT_DATE":"2020-12-31 00:00:00","REPORT_DATE":"2020-12-31 00:00:00","DATE_TYPE_CODE":"001","REPORT_TYPE":"2020年年报","PER_NETCASH_OPERATE":-0.005577721099,"PER_OI":0.386139253612,"BPS":0.181337039811,"BASIC_EPS":-0.05638988,"DILUTED_EPS":-0.05638988,"OPERATE_INCOME":367890102.04,"OPERATE_INCOME_YOY":-20.398344269,"GROSS_PROFIT":51399796.44,"GROSS_PROFIT_YOY":-8.167128556692,"HOLDER_PROFIT":-53882634.44,"HOLDER_PROFIT_YOY":22.2196573928,"GROSS_PROFIT_RATIO":13.971508381166,"EPS_TTM":-0.056555477111,"OPERATE_INCOME_QOQ":-8.517654016129,"NET_PROFIT_RATIO":-16.2574266033,"ROE_AVG":-26.418333261119,"GROSS_PROFIT_QOQ":-5.930345135174,"ROA":-13.361369091099,"HOLDER_PROFIT_QOQ":13.482061953946,"ROE_YEARLY":-26.418333261119,"ROIC_YEARLY":-17.147877373968,"TOTAL_ASSETS":385966845.96,"TOTAL_LIABILITIES":204315684.76,"TAX_EBT":null,"OCF_SALES":-1.444484352945,"TOTAL_PARENT_EQUITY":182894263.48,"DEBT_ASSET_RATIO":52.936071297,"OPERATE_PROFIT":-57981421.24,"PRETAX_PROFIT":-59809463.32,"NETCASH_OPERATE":-9426368,"NETCASH_INVEST":2454222.24,"NETCASH_FINANCE":-15415478.24,"END_CASH":82048117.04,"DIVI_RATIO":null,"DIVIDEND_RATE":null,"CURRENT_RATIO":1.576999779436,"COMMON_ACS":2000000000,"CURRENTDEBT_DEBT":89.646109927953,"ISSUED_COMMON_SHARES":1008587455,"HK_COMMON_SHARES":1008587455,"PER_SHARES":1000,"TOTAL_MARKET_CAP":1129617949.6,"HKSK_MARKET_CAP":1129617949.6,"PE_TTM":-16.834591877915,"PB_TTM":9.898596636844,"REPORT_DATE_SQ":"2019-12-31 00:00:00","REPORT_TYPE_SQ":"2019年年报","OPERATE_INCOME_SQ":491893400.94,"DPS_HKD":null,"OPERATE_INCOME_QOQ_SQ":-21.890527003844,"NET_PROFIT_RATIO_SQ":-15.3838029003,"HOLDER_PROFIT_SQ":-73731651.8,"HOLDER_PROFIT_QOQ_SQ":-42.022724672465,"ROE_AVG_SQ":-28.509033979818,"PE_TTM_SQ":-14.20237967396,"PB_TTM_SQ":4.800888103371,"ROA_SQ":-14.817228380816,"START_DATE":"2020-01-01 00:00:00","FISCAL_YEAR":"12-31","CURRENCY":"HKD","IS_CNY_CODE":0,"DPS_HKD_LY":null,"ORG_TYPE":"一般企业","PREMIUM_INCOME":null,"PREMIUM_INCOME_YOY":null,"NET_INTEREST_INCOME":null,"NET_INTEREST_INCOME_YOY":null,"FEE_COMMISSION_INCOME":null,"FEE_COMMISSION_INCOME_YOY":null,"ACCOUNTS_RECE_TDAYS":5.994719951725,"INVENTORY_TDAYS":2.663795362939,"CURRENT_ASSETS_TDAYS":1.257061265456,"TOTAL_ASSETS_TDAYS":0.912263383074,"PREMIUM_EXPENSE":null,"LOAN_DEPOSIT":null,"LOAN_EQUITY":null,"LOAN_ASSETS":null,"DEPOSIT_EQUITY":null,"DEPOSIT_ASSETS":null,"EQUITY_MULTIPLIER":2.124769494512,"EQUITY_RATIO":1.117124620928},{"SECUCODE":"03882.HK","SECURITY_CODE":"03882","SECURITY_NAME_ABBR":"天彩控股","ORG_CODE":"10467768","STD_REPORT_DATE":"2020-06-30 00:00:00","REPORT_DATE":"2020-06-30 00:00:00","DATE_TYPE_CODE":"002","REPORT_TYPE":"2020年中报","PER_NETCASH_OPERATE":0.028250559897,"PER_OI":0.151068493243,"BPS":0.218238437479,"BASIC_EPS":-0.02009568,"DILUTED_EPS":-0.02009568,"OPERATE_INCOME":143928913.92,"OPERATE_INCOME_YOY":-40.6851950144,"GROSS_PROFIT":29425556.16,"GROSS_PROFIT_YOY":-4.327147146375,"HOLDER_PROFIT":-18762057.6,"HOLDER_PROFIT_YOY":40.2003027833,"GROSS_PROFIT_RATIO":20.444506498782,"EPS_TTM":-0.065368498589,"OPERATE_INCOME_QOQ":-18.245848781156,"NET_PROFIT_RATIO":-14.2560672218,"ROE_AVG":-8.081284979394,"GROSS_PROFIT_QOQ":-2.377794863532,"ROA":-4.416634412764,"HOLDER_PROFIT_QOQ":15.532683454679,"ROE_YEARLY":-16.162569958787,"ROIC_YEARLY":-11.787458465564,"TOTAL_ASSETS":393152796.96,"TOTAL_LIABILITIES":169329853.44,"TAX_EBT":null,"OCF_SALES":18.700497562957,"TOTAL_PARENT_EQUITY":220112550.24,"DEBT_ASSET_RATIO":43.0697313486,"OPERATE_PROFIT":-19422474.72,"PRETAX_PROFIT":-20518602.72,"NETCASH_OPERATE":26915423.04,"NETCASH_INVEST":2726618.4,"NETCASH_FINANCE":-16018997.28,"END_CASH":106107017.28,"DIVI_RATIO":null,"DIVIDEND_RATE":null,"CURRENT_RATIO":1.93236183495,"COMMON_ACS":2000000000,"CURRENTDEBT_DEBT":85.807763680304,"ISSUED_COMMON_SHARES":1008587455,"HK_COMMON_SHARES":1008587455,"PER_SHARES":1000,"TOTAL_MARKET_CAP":1129617949.6,"HKSK_MARKET_CAP":1129617949.6,"PE_TTM":-16.834591877915,"PB_TTM":9.898596636844,"REPORT_DATE_SQ":"2019-06-30 00:00:00","REPORT_TYPE_SQ":"2019年中报","OPERATE_INCOME_SQ":233679040.02,"DPS_HKD":null,"OPERATE_INCOME_QOQ_SQ":-27.379880534847,"NET_PROFIT_RATIO_SQ":-13.0018407887,"HOLDER_PROFIT_SQ":-30214561.68,"HOLDER_PROFIT_QOQ_SQ":76.647978694819,"ROE_AVG_SQ":-10.870119040272,"PE_TTM_SQ":-14.20237967396,"PB_TTM_SQ":4.800888103371,"ROA_SQ":-5.874435397116,"START_DATE":"2020-01-01 00:00:00","FISCAL_YEAR":"12-31","CURRENCY":"HKD","IS_CNY_CODE":0,"DPS_HKD_LY":null,"ORG_TYPE":"一般企业","PREMIUM_INCOME":null,"PREMIUM_INCOME_YOY":null,"NET_INTEREST_INCOME":null,"NET_INTEREST_INCOME_YOY":null,"FEE_COMMISSION_INCOME":null,"FEE_COMMISSION_INCOME_YOY":null,"ACCOUNTS_RECE_TDAYS":2.820816699189,"INVENTORY_TDAYS":0.931681358049,"CURRENT_ASSETS_TDAYS":0.477745891263,"TOTAL_ASSETS_TDAYS":0.338812196276,"PREMIUM_EXPENSE":null,"LOAN_DEPOSIT":null,"LOAN_EQUITY":null,"LOAN_ASSETS":null,"DEPOSIT_EQUITY":null,"DEPOSIT_ASSETS":null,"EQUITY_MULTIPLIER":1.756534834085,"EQUITY_RATIO":0.769287590623}],"count":23},"success":true,"message":"ok","code":0}