{"version":"e01a8b99c93d866d03f08e321327a32f","result":{"pages":5,"data":[{"SECUCODE":"03883.HK","SECURITY_CODE":"03883","SECURITY_NAME_ABBR":"中国奥园","ORG_CODE":"10096600","STD_REPORT_DATE":"2024-06-30 00:00:00","REPORT_DATE":"2024-06-30 00:00:00","DATE_TYPE_CODE":"002","REPORT_TYPE":"2024年中报","PER_NETCASH_OPERATE":-0.005786395807,"PER_OI":1.256326176244,"BPS":-1.455526778941,"BASIC_EPS":6.6,"DILUTED_EPS":5.16,"OPERATE_INCOME":4734241000,"OPERATE_INCOME_YOY":-56.7288591387,"GROSS_PROFIT":-203391000,"GROSS_PROFIT_YOY":-127.426673552855,"HOLDER_PROFIT":22311990000,"HOLDER_PROFIT_YOY":857.6438461105,"GROSS_PROFIT_RATIO":-4.296169121935,"EPS_TTM":4.172505398993,"OPERATE_INCOME_QOQ":-22.542264796583,"NET_PROFIT_RATIO":466.8222424672,"ROE_AVG":-118.084702525332,"GROSS_PROFIT_QOQ":-65.004072333447,"ROA":11.500854416393,"HOLDER_PROFIT_QOQ":264.926135718786,"ROE_YEARLY":-236.169405050664,"ROIC_YEARLY":23.697481628987,"TOTAL_ASSETS":188634293000,"TOTAL_LIABILITIES":190406628000,"TAX_EBT":2.350482240951,"OCF_SALES":-0.460580692871,"TOTAL_PARENT_EQUITY":-5608327000,"DEBT_ASSET_RATIO":100.9395613978,"OPERATE_PROFIT":25370712000,"PRETAX_PROFIT":22632462000,"NETCASH_OPERATE":-21805000,"NETCASH_INVEST":810479000,"NETCASH_FINANCE":-1077015000,"END_CASH":1599642000,"DIVI_RATIO":null,"DIVIDEND_RATE":null,"CURRENT_RATIO":1.020192774866,"COMMON_ACS":100000000000,"CURRENTDEBT_DEBT":86.483613900247,"ISSUED_COMMON_SHARES":3853125261,"HK_COMMON_SHARES":3853125261,"PER_SHARES":1000,"TOTAL_MARKET_CAP":797596929.027,"HKSK_MARKET_CAP":797596929.027,"PE_TTM":0.046586831909,"PB_TTM":-0.129798202777,"REPORT_DATE_SQ":"2023-06-30 00:00:00","REPORT_TYPE_SQ":"2023年中报","OPERATE_INCOME_SQ":10940874000,"DPS_HKD":null,"OPERATE_INCOME_QOQ_SQ":11.734709801769,"NET_PROFIT_RATIO_SQ":-26.4722909705,"HOLDER_PROFIT_SQ":-2944918000,"HOLDER_PROFIT_QOQ_SQ":-0.309436822179,"ROE_AVG_SQ":12.192152262321,"PE_TTM_SQ":-0.061328176286,"PB_TTM_SQ":-0.018911057707,"ROA_SQ":-1.290932151756,"START_DATE":"2024-01-01 00:00:00","FISCAL_YEAR":"12-31","CURRENCY":"HKD","IS_CNY_CODE":0,"DPS_HKD_LY":null,"ORG_TYPE":"一般企业","PREMIUM_INCOME":null,"PREMIUM_INCOME_YOY":null,"NET_INTEREST_INCOME":null,"NET_INTEREST_INCOME_YOY":null,"FEE_COMMISSION_INCOME":null,"FEE_COMMISSION_INCOME_YOY":null,"ACCOUNTS_RECE_TDAYS":0.165366064507,"INVENTORY_TDAYS":0.040471708077,"CURRENT_ASSETS_TDAYS":0.027380851471,"TOTAL_ASSETS_TDAYS":0.024402940532,"PREMIUM_EXPENSE":null,"LOAN_DEPOSIT":null,"LOAN_EQUITY":null,"LOAN_ASSETS":null,"DEPOSIT_EQUITY":null,"DEPOSIT_ASSETS":null,"EQUITY_MULTIPLIER":-106.432639989416,"EQUITY_RATIO":-33.950700092915},{"SECUCODE":"03883.HK","SECURITY_CODE":"03883","SECURITY_NAME_ABBR":"中国奥园","ORG_CODE":"10096600","STD_REPORT_DATE":"2023-12-31 00:00:00","REPORT_DATE":"2023-12-31 00:00:00","DATE_TYPE_CODE":"001","REPORT_TYPE":"2023年年报","PER_NETCASH_OPERATE":-0.207021827066,"PER_OI":9.284320865476,"BPS":-8.352045890054,"BASIC_EPS":-3.2147,"DILUTED_EPS":-3.2147,"OPERATE_INCOME":27533316000,"OPERATE_INCOME_YOY":47.1498586505,"GROSS_PROFIT":-1453712000,"GROSS_PROFIT_YOY":-272.879428980523,"HOLDER_PROFIT":-9533566000,"HOLDER_PROFIT_YOY":-21.5557446565,"GROSS_PROFIT_RATIO":-5.279828989723,"EPS_TTM":-3.214748479122,"OPERATE_INCOME_QOQ":31.695745137387,"NET_PROFIT_RATIO":-35.0144058202,"ROE_AVG":34.73135906891,"GROSS_PROFIT_QOQ":-201.964288595062,"ROA":-4.395400522631,"HOLDER_PROFIT_QOQ":-21.180766742843,"ROE_YEARLY":34.73135906891,"ROIC_YEARLY":-4.565336335783,"TOTAL_ASSETS":199371488000,"TOTAL_LIABILITIES":227455341000,"TAX_EBT":-23.367353976912,"OCF_SALES":-2.229800435225,"TOTAL_PARENT_EQUITY":-32181479000,"DEBT_ASSET_RATIO":114.0861932073,"OPERATE_PROFIT":-5925766000,"PRETAX_PROFIT":-7814569000,"NETCASH_OPERATE":-613938000,"NETCASH_INVEST":-668615000,"NETCASH_FINANCE":-2033801000,"END_CASH":1858831000,"DIVI_RATIO":null,"DIVIDEND_RATE":null,"CURRENT_RATIO":0.835173255234,"COMMON_ACS":100000000000,"CURRENTDEBT_DEBT":93.602176174003,"ISSUED_COMMON_SHARES":3853125261,"HK_COMMON_SHARES":3853125261,"PER_SHARES":1000,"TOTAL_MARKET_CAP":1001812567.86,"HKSK_MARKET_CAP":1001812567.86,"PE_TTM":0.058514861335,"PB_TTM":-0.163031559043,"REPORT_DATE_SQ":"2022-12-31 00:00:00","REPORT_TYPE_SQ":"2022年年报","OPERATE_INCOME_SQ":18711072000,"DPS_HKD":null,"OPERATE_INCOME_QOQ_SQ":-28.739089678984,"NET_PROFIT_RATIO_SQ":-45.4064096381,"HOLDER_PROFIT_SQ":-7842958000,"HOLDER_PROFIT_QOQ_SQ":79.406107073797,"ROE_AVG_SQ":41.038744696409,"PE_TTM_SQ":-0.083156849201,"PB_TTM_SQ":-0.025642112145,"ROA_SQ":-3.163448094767,"START_DATE":"2023-01-01 00:00:00","FISCAL_YEAR":"12-31","CURRENCY":"HKD","IS_CNY_CODE":0,"DPS_HKD_LY":null,"ORG_TYPE":"一般企业","PREMIUM_INCOME":null,"PREMIUM_INCOME_YOY":null,"NET_INTEREST_INCOME":null,"NET_INTEREST_INCOME_YOY":null,"FEE_COMMISSION_INCOME":null,"FEE_COMMISSION_INCOME_YOY":null,"ACCOUNTS_RECE_TDAYS":0.88418196926,"INVENTORY_TDAYS":0.215868169562,"CURRENT_ASSETS_TDAYS":0.142226523045,"TOTAL_ASSETS_TDAYS":0.12694090704,"PREMIUM_EXPENSE":null,"LOAN_DEPOSIT":null,"LOAN_EQUITY":null,"LOAN_ASSETS":null,"DEPOSIT_EQUITY":null,"DEPOSIT_ASSETS":null,"EQUITY_MULTIPLIER":-7.099150105947,"EQUITY_RATIO":-7.067895822936},{"SECUCODE":"03883.HK","SECURITY_CODE":"03883","SECURITY_NAME_ABBR":"中国奥园","ORG_CODE":"10096600","STD_REPORT_DATE":"2023-06-30 00:00:00","REPORT_DATE":"2023-06-30 00:00:00","DATE_TYPE_CODE":"002","REPORT_TYPE":"2023年中报","PER_NETCASH_OPERATE":-0.091491307277,"PER_OI":3.689297168737,"BPS":-6.64162264825,"BASIC_EPS":-0.99,"DILUTED_EPS":-0.99,"OPERATE_INCOME":10940874000,"OPERATE_INCOME_YOY":25.1074191235,"GROSS_PROFIT":741581000,"GROSS_PROFIT_YOY":373.079818316364,"HOLDER_PROFIT":-2944918000,"HOLDER_PROFIT_YOY":-0.8309454508,"GROSS_PROFIT_RATIO":6.778078241281,"EPS_TTM":-2.652853720545,"OPERATE_INCOME_QOQ":11.734709801769,"NET_PROFIT_RATIO":-26.4722909705,"ROE_AVG":12.192152262321,"GROSS_PROFIT_QOQ":69.548997362293,"ROA":-1.290932151756,"HOLDER_PROFIT_QOQ":-0.309436822179,"ROE_YEARLY":24.384304524642,"ROIC_YEARLY":-2.691740739394,"TOTAL_ASSETS":221820866000,"TOTAL_LIABILITIES":242353240000,"TAX_EBT":-20.82062748468,"OCF_SALES":-2.479911568308,"TOTAL_PARENT_EQUITY":-25591004000,"DEBT_ASSET_RATIO":109.2562861061,"OPERATE_PROFIT":-1973099000,"PRETAX_PROFIT":-2397190000,"NETCASH_OPERATE":-271324000,"NETCASH_INVEST":478551000,"NETCASH_FINANCE":-1238337000,"END_CASH":4244185000,"DIVI_RATIO":null,"DIVIDEND_RATE":null,"CURRENT_RATIO":0.843594418933,"COMMON_ACS":100000000000,"CURRENTDEBT_DEBT":96.334724470777,"ISSUED_COMMON_SHARES":3853125261,"HK_COMMON_SHARES":3853125261,"PER_SHARES":1000,"TOTAL_MARKET_CAP":1001812567.86,"HKSK_MARKET_CAP":1001812567.86,"PE_TTM":0.058514861335,"PB_TTM":-0.163031559043,"REPORT_DATE_SQ":"2022-06-30 00:00:00","REPORT_TYPE_SQ":"2022年中报","OPERATE_INCOME_SQ":8745184000,"DPS_HKD":null,"OPERATE_INCOME_QOQ_SQ":-47.508427156772,"NET_PROFIT_RATIO_SQ":-40.218650631,"HOLDER_PROFIT_SQ":-2920649000,"HOLDER_PROFIT_QOQ_SQ":-15.145433767637,"ROE_AVG_SQ":17.182368818013,"PE_TTM_SQ":-0.083156849201,"PB_TTM_SQ":-0.025642112145,"ROA_SQ":-1.138266511894,"START_DATE":"2023-01-01 00:00:00","FISCAL_YEAR":"12-31","CURRENCY":"HKD","IS_CNY_CODE":0,"DPS_HKD_LY":null,"ORG_TYPE":"一般企业","PREMIUM_INCOME":null,"PREMIUM_INCOME_YOY":null,"NET_INTEREST_INCOME":null,"NET_INTEREST_INCOME_YOY":null,"FEE_COMMISSION_INCOME":null,"FEE_COMMISSION_INCOME_YOY":null,"ACCOUNTS_RECE_TDAYS":0.34254567751,"INVENTORY_TDAYS":0.072668942984,"CURRENT_ASSETS_TDAYS":0.053853644516,"TOTAL_ASSETS_TDAYS":0.047960337147,"PREMIUM_EXPENSE":null,"LOAN_DEPOSIT":null,"LOAN_EQUITY":null,"LOAN_ASSETS":null,"DEPOSIT_EQUITY":null,"DEPOSIT_ASSETS":null,"EQUITY_MULTIPLIER":-10.803468999743,"EQUITY_RATIO":-9.470251343011},{"SECUCODE":"03883.HK","SECURITY_CODE":"03883","SECURITY_NAME_ABBR":"中国奥园","ORG_CODE":"10096600","STD_REPORT_DATE":"2022-12-31 00:00:00","REPORT_DATE":"2022-12-31 00:00:00","DATE_TYPE_CODE":"001","REPORT_TYPE":"2022年年报","PER_NETCASH_OPERATE":-0.467920961716,"PER_OI":6.30943240491,"BPS":-5.895841287574,"BASIC_EPS":-2.6447,"DILUTED_EPS":-2.6447,"OPERATE_INCOME":18711072000,"OPERATE_INCOME_YOY":-62.5940273501,"GROSS_PROFIT":840882000,"GROSS_PROFIT_YOY":107.045582855365,"HOLDER_PROFIT":-7842958000,"HOLDER_PROFIT_YOY":76.2870726605,"GROSS_PROFIT_RATIO":4.494034334324,"EPS_TTM":-2.644670137315,"OPERATE_INCOME_QOQ":-28.739089678984,"NET_PROFIT_RATIO":-45.4064096381,"ROE_AVG":41.038744696409,"GROSS_PROFIT_QOQ":104.287978411257,"ROA":-3.163448094767,"HOLDER_PROFIT_QOQ":79.406107073797,"ROE_YEARLY":41.038744696409,"ROIC_YEARLY":-3.348681482055,"TOTAL_ASSETS":234425885000,"TOTAL_LIABILITIES":252062781000,"TAX_EBT":-5.254142882557,"OCF_SALES":-7.416213245291,"TOTAL_PARENT_EQUITY":-22717415000,"DEBT_ASSET_RATIO":107.5234422171,"OPERATE_PROFIT":-6477752000,"PRETAX_PROFIT":-8071916000,"NETCASH_OPERATE":-1387653000,"NETCASH_INVEST":5905938000,"NETCASH_FINANCE":-7920810000,"END_CASH":5177996000,"DIVI_RATIO":null,"DIVIDEND_RATE":null,"CURRENT_RATIO":0.875146596213,"COMMON_ACS":100000000000,"CURRENTDEBT_DEBT":94.910350925629,"ISSUED_COMMON_SHARES":3853125261,"HK_COMMON_SHARES":3853125261,"PER_SHARES":1000,"TOTAL_MARKET_CAP":1001812567.86,"HKSK_MARKET_CAP":1001812567.86,"PE_TTM":0.058514861335,"PB_TTM":-0.163031559043,"REPORT_DATE_SQ":"2021-12-31 00:00:00","REPORT_TYPE_SQ":"2021年年报","OPERATE_INCOME_SQ":50021616000,"DPS_HKD":null,"OPERATE_INCOME_QOQ_SQ":-30.583822675901,"NET_PROFIT_RATIO_SQ":-70.9444213078,"HOLDER_PROFIT_SQ":-33074609000,"HOLDER_PROFIT_QOQ_SQ":-692.723668690165,"ROE_AVG_SQ":-2170.18585409223,"PE_TTM_SQ":-0.083156849201,"PB_TTM_SQ":-0.025642112145,"ROA_SQ":-11.267088348948,"START_DATE":"2022-01-01 00:00:00","FISCAL_YEAR":"12-31","CURRENCY":"HKD","IS_CNY_CODE":0,"DPS_HKD_LY":null,"ORG_TYPE":"一般企业","PREMIUM_INCOME":null,"PREMIUM_INCOME_YOY":null,"NET_INTEREST_INCOME":null,"NET_INTEREST_INCOME_YOY":null,"FEE_COMMISSION_INCOME":null,"FEE_COMMISSION_INCOME_YOY":null,"ACCOUNTS_RECE_TDAYS":0.551125687041,"INVENTORY_TDAYS":0.120904519242,"CURRENT_ASSETS_TDAYS":0.084794415222,"TOTAL_ASSETS_TDAYS":0.075470893851,"PREMIUM_EXPENSE":null,"LOAN_DEPOSIT":null,"LOAN_EQUITY":null,"LOAN_ASSETS":null,"DEPOSIT_EQUITY":null,"DEPOSIT_ASSETS":null,"EQUITY_MULTIPLIER":-13.291788135584,"EQUITY_RATIO":-11.095574958683},{"SECUCODE":"03883.HK","SECURITY_CODE":"03883","SECURITY_NAME_ABBR":"中国奥园","ORG_CODE":"10096600","STD_REPORT_DATE":"2022-06-30 00:00:00","REPORT_DATE":"2022-06-30 00:00:00","DATE_TYPE_CODE":"002","REPORT_TYPE":"2022年中报","PER_NETCASH_OPERATE":-1.772973694566,"PER_OI":2.948903585882,"BPS":-4.798983876066,"BASIC_EPS":-0.9849,"DILUTED_EPS":-0.9849,"OPERATE_INCOME":8745184000,"OPERATE_INCOME_YOY":-73.0997429165,"GROSS_PROFIT":156756000,"GROSS_PROFIT_YOY":-97.998542918407,"HOLDER_PROFIT":-2920649000,"HOLDER_PROFIT_YOY":-239.8346965783,"GROSS_PROFIT_RATIO":1.7924837259,"EPS_TTM":-12.842011691485,"OPERATE_INCOME_QOQ":-47.508427156772,"NET_PROFIT_RATIO":-40.218650631,"ROE_AVG":17.182368818013,"GROSS_PROFIT_QOQ":-64.310128914555,"ROA":-1.138266511894,"HOLDER_PROFIT_QOQ":-15.145433767637,"ROE_YEARLY":34.364737636025,"ROIC_YEARLY":-2.405072239099,"TOTAL_ASSETS":251752090000,"TOTAL_LIABILITIES":263249923000,"TAX_EBT":5.861830386716,"OCF_SALES":-60.123148924025,"TOTAL_PARENT_EQUITY":-18491086000,"DEBT_ASSET_RATIO":104.5671251428,"OPERATE_PROFIT":-3287756000,"PRETAX_PROFIT":-3736205000,"NETCASH_OPERATE":-5257880000,"NETCASH_INVEST":-1219433000,"NETCASH_FINANCE":94771000,"END_CASH":3262560000,"DIVI_RATIO":null,"DIVIDEND_RATE":null,"CURRENT_RATIO":0.890802299263,"COMMON_ACS":100000000000,"CURRENTDEBT_DEBT":96.009653913555,"ISSUED_COMMON_SHARES":3853125261,"HK_COMMON_SHARES":3853125261,"PER_SHARES":1000,"TOTAL_MARKET_CAP":1001812567.86,"HKSK_MARKET_CAP":1001812567.86,"PE_TTM":0.058514861335,"PB_TTM":-0.163031559043,"REPORT_DATE_SQ":"2021-06-30 00:00:00","REPORT_TYPE_SQ":"2021年中报","OPERATE_INCOME_SQ":32509667000,"DPS_HKD":null,"OPERATE_INCOME_QOQ_SQ":6.293595437175,"NET_PROFIT_RATIO_SQ":8.7437284424,"HOLDER_PROFIT_SQ":2088644000,"HOLDER_PROFIT_QOQ_SQ":-5.542805393099,"ROE_AVG_SQ":11.311263007293,"PE_TTM_SQ":-0.083156849201,"PB_TTM_SQ":-0.025642112145,"ROA_SQ":0.650837124342,"START_DATE":"2022-01-01 00:00:00","FISCAL_YEAR":"12-31","CURRENCY":"HKD","IS_CNY_CODE":0,"DPS_HKD_LY":null,"ORG_TYPE":"一般企业","PREMIUM_INCOME":null,"PREMIUM_INCOME_YOY":null,"NET_INTEREST_INCOME":null,"NET_INTEREST_INCOME_YOY":null,"FEE_COMMISSION_INCOME":null,"FEE_COMMISSION_INCOME_YOY":null,"ACCOUNTS_RECE_TDAYS":0.242558169606,"INVENTORY_TDAYS":0.056221823002,"CURRENT_ASSETS_TDAYS":0.038262969406,"TOTAL_ASSETS_TDAYS":0.034082664803,"PREMIUM_EXPENSE":null,"LOAN_DEPOSIT":null,"LOAN_EQUITY":null,"LOAN_ASSETS":null,"DEPOSIT_EQUITY":null,"DEPOSIT_ASSETS":null,"EQUITY_MULTIPLIER":-21.895611982003,"EQUITY_RATIO":-14.236585293043},{"SECUCODE":"03883.HK","SECURITY_CODE":"03883","SECURITY_NAME_ABBR":"中国奥园","ORG_CODE":"10096600","STD_REPORT_DATE":"2021-12-31 00:00:00","REPORT_DATE":"2021-12-31 00:00:00","DATE_TYPE_CODE":"001","REPORT_TYPE":"2021年年报","PER_NETCASH_OPERATE":-4.426546669428,"PER_OI":16.867446447556,"BPS":-4.023953531159,"BASIC_EPS":-12.1445,"DILUTED_EPS":-12.1445,"OPERATE_INCOME":50021616000,"OPERATE_INCOME_YOY":-26.2150493072,"GROSS_PROFIT":-11934882000,"GROSS_PROFIT_YOY":-174.216262918328,"HOLDER_PROFIT":-33074609000,"HOLDER_PROFIT_YOY":-659.8701492158,"GROSS_PROFIT_RATIO":-23.859449082972,"EPS_TTM":-11.15286231619,"OPERATE_INCOME_QOQ":-30.583822675901,"NET_PROFIT_RATIO":-70.9444213078,"ROE_AVG":-2170.18585409223,"GROSS_PROFIT_QOQ":-170.803187794513,"ROA":-11.267088348948,"HOLDER_PROFIT_QOQ":-692.723668690165,"ROE_YEARLY":-2170.18585409223,"ROIC_YEARLY":-13.733578657741,"TOTAL_ASSETS":261422807000,"TOTAL_LIABILITIES":268952596000,"TAX_EBT":2.069384706502,"OCF_SALES":-26.243134568064,"TOTAL_PARENT_EQUITY":-15504797000,"DEBT_ASSET_RATIO":102.8803106685,"OPERATE_PROFIT":-34037349000,"PRETAX_PROFIT":-36237438000,"NETCASH_OPERATE":-13127240000,"NETCASH_INVEST":28269439000,"NETCASH_FINANCE":-40676765000,"END_CASH":9408224000,"DIVI_RATIO":null,"DIVIDEND_RATE":null,"CURRENT_RATIO":0.879599446842,"COMMON_ACS":100000000000,"CURRENTDEBT_DEBT":98.052524467918,"ISSUED_COMMON_SHARES":3853125261,"HK_COMMON_SHARES":3853125261,"PER_SHARES":1000,"TOTAL_MARKET_CAP":805303179.549,"HKSK_MARKET_CAP":805303179.549,"PE_TTM":0.047036946227,"PB_TTM":-0.131052291692,"REPORT_DATE_SQ":"2020-12-31 00:00:00","REPORT_TYPE_SQ":"2020年年报","OPERATE_INCOME_SQ":67793792000,"DPS_HKD":null,"OPERATE_INCOME_QOQ_SQ":23.027747674858,"NET_PROFIT_RATIO_SQ":10.4007251873,"HOLDER_PROFIT_SQ":5907550000,"HOLDER_PROFIT_QOQ_SQ":35.963464745542,"ROE_AVG_SQ":35.182031451368,"PE_TTM_SQ":-0.066525479361,"PB_TTM_SQ":-0.020513689716,"ROA_SQ":1.919410183353,"START_DATE":"2021-01-01 00:00:00","FISCAL_YEAR":"12-31","CURRENCY":"HKD","IS_CNY_CODE":0,"DPS_HKD_LY":0.131,"ORG_TYPE":"一般企业","PREMIUM_INCOME":null,"PREMIUM_INCOME_YOY":null,"NET_INTEREST_INCOME":null,"NET_INTEREST_INCOME_YOY":null,"FEE_COMMISSION_INCOME":null,"FEE_COMMISSION_INCOME_YOY":null,"ACCOUNTS_RECE_TDAYS":1.567305300488,"INVENTORY_TDAYS":0.398130862724,"CURRENT_ASSETS_TDAYS":0.191428966477,"TOTAL_ASSETS_TDAYS":0.170402004398,"PREMIUM_EXPENSE":null,"LOAN_DEPOSIT":null,"LOAN_EQUITY":null,"LOAN_ASSETS":null,"DEPOSIT_EQUITY":null,"DEPOSIT_ASSETS":null,"EQUITY_MULTIPLIER":-34.718477105137,"EQUITY_RATIO":-17.346411952378},{"SECUCODE":"03883.HK","SECURITY_CODE":"03883","SECURITY_NAME_ABBR":"中国奥园","ORG_CODE":"10096600","STD_REPORT_DATE":"2021-06-30 00:00:00","REPORT_DATE":"2021-06-30 00:00:00","DATE_TYPE_CODE":"002","REPORT_TYPE":"2021年中报","PER_NETCASH_OPERATE":0.7499690211,"PER_OI":12.059003573639,"BPS":4.769493010261,"BASIC_EPS":0.7744,"DILUTED_EPS":0.7743,"OPERATE_INCOME":32509667000,"OPERATE_INCOME_YOY":15.1069893425,"GROSS_PROFIT":7832094000,"GROSS_PROFIT_YOY":-5.433511271231,"HOLDER_PROFIT":2088644000,"HOLDER_PROFIT_YOY":-13.5526520557,"GROSS_PROFIT_RATIO":25.006915635279,"EPS_TTM":2.069861810497,"OPERATE_INCOME_QOQ":6.293595437175,"NET_PROFIT_RATIO":8.7437284424,"ROE_AVG":11.311263007293,"GROSS_PROFIT_QOQ":-0.896227183285,"ROA":0.650837124342,"HOLDER_PROFIT_QOQ":-5.542805393099,"ROE_YEARLY":22.622526014585,"ROIC_YEARLY":1.823862543774,"TOTAL_ASSETS":316154630000,"TOTAL_LIABILITIES":262863651000,"TAX_EBT":53.281043117651,"OCF_SALES":6.219162441744,"TOTAL_PARENT_EQUITY":18377454000,"DEBT_ASSET_RATIO":83.1440143704,"OPERATE_PROFIT":6557872000,"PRETAX_PROFIT":6084376000,"NETCASH_OPERATE":-1197336000,"NETCASH_INVEST":21238377000,"NETCASH_FINANCE":-9018031000,"END_CASH":46056031000,"DIVI_RATIO":null,"DIVIDEND_RATE":null,"CURRENT_RATIO":1.390014692475,"COMMON_ACS":100000000000,"CURRENTDEBT_DEBT":76.136212153578,"ISSUED_COMMON_SHARES":3853125261,"HK_COMMON_SHARES":3853125261,"PER_SHARES":1000,"TOTAL_MARKET_CAP":1001812567.86,"HKSK_MARKET_CAP":1001812567.86,"PE_TTM":0.058514861335,"PB_TTM":-0.163031559043,"REPORT_DATE_SQ":"2020-06-30 00:00:00","REPORT_TYPE_SQ":"2020年中报","OPERATE_INCOME_SQ":28243000000,"DPS_HKD":null,"OPERATE_INCOME_QOQ_SQ":9.050502511817,"NET_PROFIT_RATIO_SQ":10.0551853557,"HOLDER_PROFIT_SQ":2416088000,"HOLDER_PROFIT_QOQ_SQ":3.432076900004,"ROE_AVG_SQ":15.951217460718,"PE_TTM_SQ":-0.083156849201,"PB_TTM_SQ":-0.025642112145,"ROA_SQ":0.821145676424,"START_DATE":"2021-01-01 00:00:00","FISCAL_YEAR":"12-31","CURRENCY":"HKD","IS_CNY_CODE":0,"DPS_HKD_LY":0.131,"ORG_TYPE":"一般企业","PREMIUM_INCOME":null,"PREMIUM_INCOME_YOY":null,"NET_INTEREST_INCOME":null,"NET_INTEREST_INCOME_YOY":null,"FEE_COMMISSION_INCOME":null,"FEE_COMMISSION_INCOME_YOY":null,"ACCOUNTS_RECE_TDAYS":1.125534394127,"INVENTORY_TDAYS":0.154869489069,"CURRENT_ASSETS_TDAYS":0.114301778981,"TOTAL_ASSETS_TDAYS":0.101302558902,"PREMIUM_EXPENSE":null,"LOAN_DEPOSIT":null,"LOAN_EQUITY":null,"LOAN_ASSETS":null,"DEPOSIT_EQUITY":null,"DEPOSIT_ASSETS":null,"EQUITY_MULTIPLIER":5.932610658163,"EQUITY_RATIO":14.303594556678},{"SECUCODE":"03883.HK","SECURITY_CODE":"03883","SECURITY_NAME_ABBR":"中国奥园","ORG_CODE":"10096600","STD_REPORT_DATE":"2020-12-31 00:00:00","REPORT_DATE":"2020-12-31 00:00:00","DATE_TYPE_CODE":"001","REPORT_TYPE":"2020年年报","PER_NETCASH_OPERATE":-5.793463479223,"PER_OI":25.082026532766,"BPS":4.815023063949,"BASIC_EPS":2.1884,"DILUTED_EPS":2.1871,"OPERATE_INCOME":67793792000,"OPERATE_INCOME_YOY":34.1623770684,"GROSS_PROFIT":16081222000,"GROSS_PROFIT_YOY":7.057081986844,"HOLDER_PROFIT":5907550000,"HOLDER_PROFIT_YOY":40.6298354115,"GROSS_PROFIT_RATIO":25.089106978999,"EPS_TTM":2.185647409185,"OPERATE_INCOME_QOQ":23.027747674858,"NET_PROFIT_RATIO":10.4007251873,"ROE_AVG":35.182031451368,"GROSS_PROFIT_QOQ":4.621061776461,"ROA":1.919410183353,"HOLDER_PROFIT_QOQ":35.963464745542,"ROE_YEARLY":35.182031451368,"ROIC_YEARLY":2.641154591512,"TOTAL_ASSETS":325678456000,"TOTAL_LIABILITIES":271425810000,"TAX_EBT":48.186559794458,"OCF_SALES":-23.09806774048,"TOTAL_PARENT_EQUITY":18552887000,"DEBT_ASSET_RATIO":83.3416534006,"OPERATE_PROFIT":14715787000,"PRETAX_PROFIT":13608527000,"NETCASH_OPERATE":-15659056000,"NETCASH_INVEST":-42530508000,"NETCASH_FINANCE":47606579000,"END_CASH":34928164000,"DIVI_RATIO":null,"DIVIDEND_RATE":null,"CURRENT_RATIO":1.409878437676,"COMMON_ACS":100000000000,"CURRENTDEBT_DEBT":75.951551180781,"ISSUED_COMMON_SHARES":3853125261,"HK_COMMON_SHARES":3853125261,"PER_SHARES":1000,"TOTAL_MARKET_CAP":805303179.549,"HKSK_MARKET_CAP":805303179.549,"PE_TTM":0.047036946227,"PB_TTM":-0.131052291692,"REPORT_DATE_SQ":"2019-12-31 00:00:00","REPORT_TYPE_SQ":"2019年年报","OPERATE_INCOME_SQ":50531150000,"DPS_HKD":null,"OPERATE_INCOME_QOQ_SQ":23.219782291962,"NET_PROFIT_RATIO_SQ":10.3338831592,"HOLDER_PROFIT_SQ":4200780000,"HOLDER_PROFIT_QOQ_SQ":21.250833805498,"ROE_AVG_SQ":31.230129337868,"PE_TTM_SQ":-0.066525479361,"PB_TTM_SQ":-0.020513689716,"ROA_SQ":1.754936637119,"START_DATE":"2020-01-01 00:00:00","FISCAL_YEAR":"12-31","CURRENCY":"HKD","IS_CNY_CODE":0,"DPS_HKD_LY":0.601,"ORG_TYPE":"一般企业","PREMIUM_INCOME":null,"PREMIUM_INCOME_YOY":null,"NET_INTEREST_INCOME":null,"NET_INTEREST_INCOME_YOY":null,"FEE_COMMISSION_INCOME":null,"FEE_COMMISSION_INCOME_YOY":null,"ACCOUNTS_RECE_TDAYS":2.446273648485,"INVENTORY_TDAYS":0.319842970221,"CURRENT_ASSETS_TDAYS":0.245138096675,"TOTAL_ASSETS_TDAYS":0.220267445443,"PREMIUM_EXPENSE":null,"LOAN_DEPOSIT":null,"LOAN_EQUITY":null,"LOAN_ASSETS":null,"DEPOSIT_EQUITY":null,"DEPOSIT_ASSETS":null,"EQUITY_MULTIPLIER":6.002996720191,"EQUITY_RATIO":14.629842245037},{"SECUCODE":"03883.HK","SECURITY_CODE":"03883","SECURITY_NAME_ABBR":"中国奥园","ORG_CODE":"10096600","STD_REPORT_DATE":"2020-06-30 00:00:00","REPORT_DATE":"2020-06-30 00:00:00","DATE_TYPE_CODE":"002","REPORT_TYPE":"2020年中报","PER_NETCASH_OPERATE":-4.544981558979,"PER_OI":10.449211564459,"BPS":3.96135084278,"BASIC_EPS":0.8961,"DILUTED_EPS":0.8951,"OPERATE_INCOME":28243000000,"OPERATE_INCOME_YOY":19.321442367,"GROSS_PROFIT":8282103000,"GROSS_PROFIT_YOY":17.548584701133,"HOLDER_PROFIT":2416088000,"HOLDER_PROFIT_YOY":6.3459268265,"GROSS_PROFIT_RATIO":29.32444499522,"EPS_TTM":1.607525531418,"OPERATE_INCOME_QOQ":9.050502511817,"NET_PROFIT_RATIO":10.0551853557,"ROE_AVG":15.951217460718,"GROSS_PROFIT_QOQ":8.231171934323,"ROA":0.821145676424,"HOLDER_PROFIT_QOQ":3.432076900004,"ROE_YEARLY":31.902434921436,"ROIC_YEARLY":2.254860901965,"TOTAL_ASSETS":298587136000,"TOTAL_LIABILITIES":256493176000,"TAX_EBT":53.597149574155,"OCF_SALES":-43.495928194597,"TOTAL_PARENT_EQUITY":15263581000,"DEBT_ASSET_RATIO":85.9022861588,"OPERATE_PROFIT":6710710000,"PRETAX_PROFIT":6120068000,"NETCASH_OPERATE":-8325848000,"NETCASH_INVEST":-10959686000,"NETCASH_FINANCE":10613074000,"END_CASH":37600283000,"DIVI_RATIO":null,"DIVIDEND_RATE":null,"CURRENT_RATIO":1.354187599001,"COMMON_ACS":100000000000,"CURRENTDEBT_DEBT":77.560210022898,"ISSUED_COMMON_SHARES":3853125261,"HK_COMMON_SHARES":3853125261,"PER_SHARES":1000,"TOTAL_MARKET_CAP":1001812567.86,"HKSK_MARKET_CAP":1001812567.86,"PE_TTM":0.058514861335,"PB_TTM":-0.163031559043,"REPORT_DATE_SQ":"2019-06-30 00:00:00","REPORT_TYPE_SQ":"2019年中报","OPERATE_INCOME_SQ":23669677000,"DPS_HKD":null,"OPERATE_INCOME_QOQ_SQ":32.262073647172,"NET_PROFIT_RATIO_SQ":11.8296333321,"HOLDER_PROFIT_SQ":2271914000,"HOLDER_PROFIT_QOQ_SQ":43.823740273995,"ROE_AVG_SQ":17.98148596647,"PE_TTM_SQ":-0.083156849201,"PB_TTM_SQ":-0.025642112145,"ROA_SQ":1.078203112287,"START_DATE":"2020-01-01 00:00:00","FISCAL_YEAR":"12-31","CURRENCY":"HKD","IS_CNY_CODE":0,"DPS_HKD_LY":0.601,"ORG_TYPE":"一般企业","PREMIUM_INCOME":null,"PREMIUM_INCOME_YOY":null,"NET_INTEREST_INCOME":null,"NET_INTEREST_INCOME_YOY":null,"FEE_COMMISSION_INCOME":null,"FEE_COMMISSION_INCOME_YOY":null,"ACCOUNTS_RECE_TDAYS":1.091996542636,"INVENTORY_TDAYS":0.125013549833,"CURRENT_ASSETS_TDAYS":0.106205625575,"TOTAL_ASSETS_TDAYS":0.09598829736,"PREMIUM_EXPENSE":null,"LOAN_DEPOSIT":null,"LOAN_EQUITY":null,"LOAN_ASSETS":null,"DEPOSIT_EQUITY":null,"DEPOSIT_ASSETS":null,"EQUITY_MULTIPLIER":7.09334868947,"EQUITY_RATIO":16.804259498475}],"count":40},"success":true,"message":"ok","code":0}