{"version":"77586ec6d28aa296174d20060c6cd928","result":{"pages":9,"data":[{"SECUCODE":"03888.HK","SECURITY_CODE":"03888","SECURITY_NAME_ABBR":"金山软件","ORG_CODE":"10096713","STD_REPORT_DATE":"2024-09-30 00:00:00","REPORT_DATE":"2024-09-30 00:00:00","DATE_TYPE_CODE":"004","REPORT_TYPE":"2024年三季报","PER_NETCASH_OPERATE":2.066909551961,"PER_OI":5.632443192409,"BPS":16.351929159904,"BASIC_EPS":0.82,"DILUTED_EPS":0.78,"OPERATE_INCOME":7525426000,"OPERATE_INCOME_YOY":20.9199810524,"GROSS_PROFIT":6237132000,"GROSS_PROFIT_YOY":21.484593286487,"HOLDER_PROFIT":1091372000,"HOLDER_PROFIT_YOY":292.5487911029,"GROSS_PROFIT_RATIO":82.880783094538,"EPS_TTM":0.970601765138,"OPERATE_INCOME_QOQ":9.521856075221,"NET_PROFIT_RATIO":25.9136293414,"ROE_AVG":5.062141773199,"GROSS_PROFIT_QOQ":10.57112544781,"ROA":3.047202287867,"HOLDER_PROFIT_QOQ":42.217140977134,"ROE_YEARLY":6.749522364265,"ROIC_YEARLY":11.049895038997,"TOTAL_ASSETS":36436371000,"TOTAL_LIABILITIES":8767422000,"TAX_EBT":5.884899440119,"OCF_SALES":36.696500636642,"TOTAL_PARENT_EQUITY":21829949000,"DEBT_ASSET_RATIO":24.0622810653,"OPERATE_PROFIT":null,"PRETAX_PROFIT":2072049000,"NETCASH_OPERATE":2761568000,"NETCASH_INVEST":-8190654000,"NETCASH_FINANCE":-1061221000,"END_CASH":2202483000,"DIVI_RATIO":0.130713547571,"DIVIDEND_RATE":0.319270239453,"CURRENT_RATIO":3.599215738333,"COMMON_ACS":2400000000,"CURRENTDEBT_DEBT":89.186182665783,"ISSUED_COMMON_SHARES":1335007557,"HK_COMMON_SHARES":1335007557,"PER_SHARES":200,"TOTAL_MARKET_CAP":58540081374.45,"HKSK_MARKET_CAP":58540081374.45,"PE_TTM":40.632019569953,"PB_TTM":2.418276835308,"REPORT_DATE_SQ":"2023-09-30 00:00:00","REPORT_TYPE_SQ":"2023年三季报","OPERATE_INCOME_SQ":6223476000,"DPS_HKD":0.14,"OPERATE_INCOME_QOQ_SQ":2.743026852087,"NET_PROFIT_RATIO_SQ":12.4951393723,"HOLDER_PROFIT_SQ":278022000,"HOLDER_PROFIT_QOQ_SQ":105.677066323872,"ROE_AVG_SQ":1.362748196609,"PE_TTM_SQ":105.427884544891,"PB_TTM_SQ":1.241202092653,"ROA_SQ":0.842890503045,"START_DATE":"2024-01-01 00:00:00","FISCAL_YEAR":"12-31","CURRENCY":"HKD","IS_CNY_CODE":0,"DPS_HKD_LY":0.14,"ORG_TYPE":"一般企业","PREMIUM_INCOME":null,"PREMIUM_INCOME_YOY":null,"NET_INTEREST_INCOME":null,"NET_INTEREST_INCOME_YOY":null,"FEE_COMMISSION_INCOME":null,"FEE_COMMISSION_INCOME_YOY":null,"ACCOUNTS_RECE_TDAYS":9.373734228261,"INVENTORY_TDAYS":84.733885819521,"CURRENT_ASSETS_TDAYS":0.27346954483,"TOTAL_ASSETS_TDAYS":0.210116214493,"PREMIUM_EXPENSE":null,"LOAN_DEPOSIT":null,"LOAN_EQUITY":null,"LOAN_ASSETS":null,"DEPOSIT_EQUITY":null,"DEPOSIT_ASSETS":null,"EQUITY_MULTIPLIER":1.316868631332,"EQUITY_RATIO":0.401623567696},{"SECUCODE":"03888.HK","SECURITY_CODE":"03888","SECURITY_NAME_ABBR":"金山软件","ORG_CODE":"10096713","STD_REPORT_DATE":"2024-06-30 00:00:00","REPORT_DATE":"2024-06-30 00:00:00","DATE_TYPE_CODE":"002","REPORT_TYPE":"2024年中报","PER_NETCASH_OPERATE":1.026193442341,"PER_OI":3.4428730178,"BPS":16.115796414177,"BASIC_EPS":0.51,"DILUTED_EPS":0.49,"OPERATE_INCOME":4610641000,"OPERATE_INCOME_YOY":10.7316471,"GROSS_PROFIT":3782688000,"GROSS_PROFIT_YOY":9.413552259476,"HOLDER_PROFIT":677923000,"HOLDER_PROFIT_YOY":171.6799583216,"GROSS_PROFIT_RATIO":82.042561977825,"EPS_TTM":0.680899632238,"OPERATE_INCOME_QOQ":3.221496937017,"NET_PROFIT_RATIO":25.9861915079,"ROE_AVG":3.167587470096,"GROSS_PROFIT_QOQ":2.941515222718,"ROA":1.911886700796,"HOLDER_PROFIT_QOQ":58.394188478401,"ROE_YEARLY":6.335174940192,"ROIC_YEARLY":13.451481043833,"TOTAL_ASSETS":35721938000,"TOTAL_LIABILITIES":8718933000,"TAX_EBT":7.037895404927,"OCF_SALES":29.80631109644,"TOTAL_PARENT_EQUITY":21514710000,"DEBT_ASSET_RATIO":24.4077826908,"OPERATE_PROFIT":1395615000,"PRETAX_PROFIT":1288837000,"NETCASH_OPERATE":1374262000,"NETCASH_INVEST":-6787751000,"NETCASH_FINANCE":-869442000,"END_CASH":2430983000,"DIVI_RATIO":0.186328195806,"DIVIDEND_RATE":0.307354555434,"CURRENT_RATIO":3.426327670715,"COMMON_ACS":2400000000,"CURRENTDEBT_DEBT":89.003230097077,"ISSUED_COMMON_SHARES":1335007557,"HK_COMMON_SHARES":1335007557,"PER_SHARES":200,"TOTAL_MARKET_CAP":60809594221.35,"HKSK_MARKET_CAP":60809594221.35,"PE_TTM":42.207263202084,"PB_TTM":2.512029871113,"REPORT_DATE_SQ":"2023-06-30 00:00:00","REPORT_TYPE_SQ":"2023年中报","OPERATE_INCOME_SQ":4163797000,"DPS_HKD":0.14,"OPERATE_INCOME_QOQ_SQ":4.634206577608,"NET_PROFIT_RATIO_SQ":14.5474190985,"HOLDER_PROFIT_SQ":249530000,"HOLDER_PROFIT_QOQ_SQ":3.315304535964,"ROE_AVG_SQ":1.229790005705,"PE_TTM_SQ":109.924808530218,"PB_TTM_SQ":1.294144362008,"ROA_SQ":0.747333836448,"START_DATE":"2024-01-01 00:00:00","FISCAL_YEAR":"12-31","CURRENCY":"HKD","IS_CNY_CODE":0,"DPS_HKD_LY":0.14,"ORG_TYPE":"一般企业","PREMIUM_INCOME":null,"PREMIUM_INCOME_YOY":null,"NET_INTEREST_INCOME":null,"NET_INTEREST_INCOME_YOY":null,"FEE_COMMISSION_INCOME":null,"FEE_COMMISSION_INCOME_YOY":null,"ACCOUNTS_RECE_TDAYS":5.398952912687,"INVENTORY_TDAYS":54.5639251351,"CURRENT_ASSETS_TDAYS":0.172418521091,"TOTAL_ASSETS_TDAYS":0.130029858996,"PREMIUM_EXPENSE":null,"LOAN_DEPOSIT":null,"LOAN_EQUITY":null,"LOAN_ASSETS":null,"DEPOSIT_EQUITY":null,"DEPOSIT_ASSETS":null,"EQUITY_MULTIPLIER":1.32288750826,"EQUITY_RATIO":0.405254497969},{"SECUCODE":"03888.HK","SECURITY_CODE":"03888","SECURITY_NAME_ABBR":"金山软件","ORG_CODE":"10096713","STD_REPORT_DATE":"2024-03-31 00:00:00","REPORT_DATE":"2024-03-31 00:00:00","DATE_TYPE_CODE":"003","REPORT_TYPE":"2024年一季报","PER_NETCASH_OPERATE":0.245702717624,"PER_OI":1.595674634535,"BPS":15.963984539452,"BASIC_EPS":0.21,"DILUTED_EPS":0.21,"OPERATE_INCOME":2136875000,"OPERATE_INCOME_YOY":8.4539109895,"GROSS_PROFIT":1740653000,"GROSS_PROFIT_YOY":7.091208095519,"HOLDER_PROFIT":284570000,"HOLDER_PROFIT_YOY":47.9492365202,"GROSS_PROFIT_RATIO":81.457876572097,"EPS_TTM":0.42988212053,"OPERATE_INCOME_QOQ":1.951905236834,"NET_PROFIT_RATIO":24.4089616847,"ROE_AVG":1.33597573939,"GROSS_PROFIT_QOQ":1.639464817008,"ROA":0.810590435104,"HOLDER_PROFIT_QOQ":19.076567305882,"ROE_YEARLY":5.343902957562,"ROIC_YEARLY":12.285461374777,"TOTAL_ASSETS":35018305000,"TOTAL_LIABILITIES":8349375000,"TAX_EBT":7.507217284599,"OCF_SALES":15.398046212343,"TOTAL_PARENT_EQUITY":21312040000,"DEBT_ASSET_RATIO":23.8428873128,"OPERATE_PROFIT":601578000,"PRETAX_PROFIT":563924000,"NETCASH_OPERATE":329037000,"NETCASH_INVEST":-1312817000,"NETCASH_FINANCE":-357325000,"END_CASH":7372164000,"DIVI_RATIO":0.295129278332,"DIVIDEND_RATE":0.307354555434,"CURRENT_RATIO":5.665236711256,"COMMON_ACS":2400000000,"CURRENTDEBT_DEBT":55.006320832398,"ISSUED_COMMON_SHARES":1335007557,"HK_COMMON_SHARES":1335007557,"PER_SHARES":200,"TOTAL_MARKET_CAP":60809594221.35,"HKSK_MARKET_CAP":60809594221.35,"PE_TTM":42.207263202084,"PB_TTM":2.512029871113,"REPORT_DATE_SQ":"2023-03-31 00:00:00","REPORT_TYPE_SQ":"2023年一季报","OPERATE_INCOME_SQ":1970307000,"DPS_HKD":0.14,"OPERATE_INCOME_QOQ_SQ":1.535890365827,"NET_PROFIT_RATIO_SQ":17.1520478788,"HOLDER_PROFIT_SQ":192343000,"HOLDER_PROFIT_QOQ_SQ":1.55750625724,"ROE_AVG_SQ":0.981173960874,"PE_TTM_SQ":109.924808530218,"PB_TTM_SQ":1.294144362008,"ROA_SQ":0.603847061745,"START_DATE":"2024-01-01 00:00:00","FISCAL_YEAR":"12-31","CURRENCY":"HKD","IS_CNY_CODE":0,"DPS_HKD_LY":0.14,"ORG_TYPE":"一般企业","PREMIUM_INCOME":null,"PREMIUM_INCOME_YOY":null,"NET_INTEREST_INCOME":null,"NET_INTEREST_INCOME_YOY":null,"FEE_COMMISSION_INCOME":null,"FEE_COMMISSION_INCOME_YOY":null,"ACCOUNTS_RECE_TDAYS":2.733324720576,"INVENTORY_TDAYS":25.054348857062,"CURRENT_ASSETS_TDAYS":0.080771122449,"TOTAL_ASSETS_TDAYS":0.060868342974,"PREMIUM_EXPENSE":null,"LOAN_DEPOSIT":null,"LOAN_EQUITY":null,"LOAN_ASSETS":null,"DEPOSIT_EQUITY":null,"DEPOSIT_ASSETS":null,"EQUITY_MULTIPLIER":1.31307499026,"EQUITY_RATIO":0.391767986547},{"SECUCODE":"03888.HK","SECURITY_CODE":"03888","SECURITY_NAME_ABBR":"金山软件","ORG_CODE":"10096713","STD_REPORT_DATE":"2023-12-31 00:00:00","REPORT_DATE":"2023-12-31 00:00:00","DATE_TYPE_CODE":"001","REPORT_TYPE":"2023年年报","PER_NETCASH_OPERATE":2.554840960787,"PER_OI":6.249242256736,"BPS":15.946750929141,"BASIC_EPS":0.36,"DILUTED_EPS":0.34,"OPERATE_INCOME":8533611000,"OPERATE_INCOME_YOY":11.7441165691,"GROSS_PROFIT":7030343000,"GROSS_PROFIT_YOY":13.814826968621,"HOLDER_PROFIT":483457000,"HOLDER_PROFIT_YOY":107.9918054805,"GROSS_PROFIT_RATIO":82.384151328201,"EPS_TTM":0.354040032258,"OPERATE_INCOME_QOQ":2.371494465221,"NET_PROFIT_RATIO":14.2400210181,"ROE_AVG":2.370437510139,"GROSS_PROFIT_QOQ":2.260531120812,"ROA":1.441374781816,"HOLDER_PROFIT_QOQ":47.933942461277,"ROE_YEARLY":2.370437510139,"ROIC_YEARLY":5.178358640996,"TOTAL_ASSETS":35194712000,"TOTAL_LIABILITIES":8621455000,"TAX_EBT":18.38087331716,"OCF_SALES":40.882411912144,"TOTAL_PARENT_EQUITY":21289033000,"DEBT_ASSET_RATIO":24.4964499212,"OPERATE_PROFIT":2226882000,"PRETAX_PROFIT":1488852000,"NETCASH_OPERATE":3488746000,"NETCASH_INVEST":-6476034000,"NETCASH_FINANCE":655863000,"END_CASH":8707372000,"DIVI_RATIO":0.358351566039,"DIVIDEND_RATE":0.307354555434,"CURRENT_RATIO":5.510409926322,"COMMON_ACS":2400000000,"CURRENTDEBT_DEBT":56.608055136865,"ISSUED_COMMON_SHARES":1335007557,"HK_COMMON_SHARES":1335007557,"PER_SHARES":200,"TOTAL_MARKET_CAP":60809594221.35,"HKSK_MARKET_CAP":60809594221.35,"PE_TTM":42.207263202084,"PB_TTM":2.512029871113,"REPORT_DATE_SQ":"2022-12-31 00:00:00","REPORT_TYPE_SQ":"2022年年报","OPERATE_INCOME_SQ":7636743000,"DPS_HKD":0.14,"OPERATE_INCOME_QOQ_SQ":3.952124059608,"NET_PROFIT_RATIO_SQ":-69.9380351021,"HOLDER_PROFIT_SQ":-6049409000,"HOLDER_PROFIT_QOQ_SQ":5.938294514425,"ROE_AVG_SQ":-27.314658452962,"PE_TTM_SQ":109.924808530218,"PB_TTM_SQ":1.294144362008,"ROA_SQ":-17.678791542531,"START_DATE":"2023-01-01 00:00:00","FISCAL_YEAR":"12-31","CURRENCY":"HKD","IS_CNY_CODE":0,"DPS_HKD_LY":0.13,"ORG_TYPE":"一般企业","PREMIUM_INCOME":null,"PREMIUM_INCOME_YOY":null,"NET_INTEREST_INCOME":null,"NET_INTEREST_INCOME_YOY":null,"FEE_COMMISSION_INCOME":null,"FEE_COMMISSION_INCOME_YOY":null,"ACCOUNTS_RECE_TDAYS":10.369991274908,"INVENTORY_TDAYS":88.529077471217,"CURRENT_ASSETS_TDAYS":0.338413474737,"TOTAL_ASSETS_TDAYS":0.254420386782,"PREMIUM_EXPENSE":null,"LOAN_DEPOSIT":null,"LOAN_EQUITY":null,"LOAN_ASSETS":null,"DEPOSIT_EQUITY":null,"DEPOSIT_ASSETS":null,"EQUITY_MULTIPLIER":1.324441034834,"EQUITY_RATIO":0.404971658412},{"SECUCODE":"03888.HK","SECURITY_CODE":"03888","SECURITY_NAME_ABBR":"金山软件","ORG_CODE":"10096713","STD_REPORT_DATE":"2023-09-30 00:00:00","REPORT_DATE":"2023-09-30 00:00:00","DATE_TYPE_CODE":"004","REPORT_TYPE":"2023年三季报","PER_NETCASH_OPERATE":1.28529573405,"PER_OI":4.557509031403,"BPS":15.956194321378,"BASIC_EPS":0.2,"DILUTED_EPS":0.19,"OPERATE_INCOME":6223476000,"OPERATE_INCOME_YOY":12.6564951105,"GROSS_PROFIT":5134093000,"GROSS_PROFIT_YOY":15.732792385128,"HOLDER_PROFIT":278022000,"HOLDER_PROFIT_YOY":104.5599967722,"GROSS_PROFIT_RATIO":82.495586067979,"EPS_TTM":0.239323056202,"OPERATE_INCOME_QOQ":2.743026852087,"NET_PROFIT_RATIO":12.4951393723,"ROE_AVG":1.362748196609,"GROSS_PROFIT_QOQ":3.161329084996,"ROA":0.842890503045,"HOLDER_PROFIT_QOQ":105.677066323872,"ROE_YEARLY":1.816997595479,"ROIC_YEARLY":3.032205692919,"TOTAL_ASSETS":34080662000,"TOTAL_LIABILITIES":7751100000,"TAX_EBT":15.962474293205,"OCF_SALES":28.201715568599,"TOTAL_PARENT_EQUITY":21301640000,"DEBT_ASSET_RATIO":22.7433962404,"OPERATE_PROFIT":null,"PRETAX_PROFIT":925339000,"NETCASH_OPERATE":1755127000,"NETCASH_INVEST":-5012807000,"NETCASH_FINANCE":938112000,"END_CASH":8742625000,"DIVI_RATIO":0.530123599513,"DIVIDEND_RATE":0.307354555434,"CURRENT_RATIO":6.068915614823,"COMMON_ACS":2400000000,"CURRENTDEBT_DEBT":54.470113919315,"ISSUED_COMMON_SHARES":1335007557,"HK_COMMON_SHARES":1335007557,"PER_SHARES":200,"TOTAL_MARKET_CAP":60809594221.35,"HKSK_MARKET_CAP":60809594221.35,"PE_TTM":42.207263202084,"PB_TTM":2.512029871113,"REPORT_DATE_SQ":"2022-09-30 00:00:00","REPORT_TYPE_SQ":"2022年三季报","OPERATE_INCOME_SQ":5524294000,"DPS_HKD":0.14,"OPERATE_INCOME_QOQ_SQ":4.657978414232,"NET_PROFIT_RATIO_SQ":-100.9963264084,"HOLDER_PROFIT_SQ":-6096978000,"HOLDER_PROFIT_QOQ_SQ":-3482.9789025096,"ROE_AVG_SQ":-27.606569673351,"PE_TTM_SQ":109.924808530218,"PB_TTM_SQ":1.294144362008,"ROA_SQ":-18.051026681267,"START_DATE":"2023-01-01 00:00:00","FISCAL_YEAR":"12-31","CURRENCY":"HKD","IS_CNY_CODE":0,"DPS_HKD_LY":0.13,"ORG_TYPE":"一般企业","PREMIUM_INCOME":null,"PREMIUM_INCOME_YOY":null,"NET_INTEREST_INCOME":null,"NET_INTEREST_INCOME_YOY":null,"FEE_COMMISSION_INCOME":null,"FEE_COMMISSION_INCOME_YOY":null,"ACCOUNTS_RECE_TDAYS":7.120576009739,"INVENTORY_TDAYS":57.634737983758,"CURRENT_ASSETS_TDAYS":0.253177262824,"TOTAL_ASSETS_TDAYS":0.188679630257,"PREMIUM_EXPENSE":null,"LOAN_DEPOSIT":null,"LOAN_EQUITY":null,"LOAN_ASSETS":null,"DEPOSIT_EQUITY":null,"DEPOSIT_ASSETS":null,"EQUITY_MULTIPLIER":1.294387730416,"EQUITY_RATIO":0.363873391908},{"SECUCODE":"03888.HK","SECURITY_CODE":"03888","SECURITY_NAME_ABBR":"金山软件","ORG_CODE":"10096713","STD_REPORT_DATE":"2023-06-30 00:00:00","REPORT_DATE":"2023-06-30 00:00:00","DATE_TYPE_CODE":"002","REPORT_TYPE":"2023年中报","PER_NETCASH_OPERATE":1.693139079694,"PER_OI":3.055110488692,"BPS":15.789735338554,"BASIC_EPS":0.18,"DILUTED_EPS":0.17,"OPERATE_INCOME":4163797000,"OPERATE_INCOME_YOY":12.9267266712,"GROSS_PROFIT":3457239000,"GROSS_PROFIT_YOY":16.405902250044,"HOLDER_PROFIT":249530000,"HOLDER_PROFIT_YOY":693.2151007988,"GROSS_PROFIT_RATIO":83.03092105595,"EPS_TTM":-4.223800785486,"OPERATE_INCOME_QOQ":4.634206577608,"NET_PROFIT_RATIO":14.5474190985,"ROE_AVG":1.229790005705,"GROSS_PROFIT_QOQ":5.780751716292,"ROA":0.747333836448,"HOLDER_PROFIT_QOQ":3.315304535964,"ROE_YEARLY":2.45958001141,"ROIC_YEARLY":5.734204467603,"TOTAL_ASSETS":34890675000,"TOTAL_LIABILITIES":8978605000,"TAX_EBT":14.639370806658,"OCF_SALES":55.419896791318,"TOTAL_PARENT_EQUITY":21079416000,"DEBT_ASSET_RATIO":25.7335376859,"OPERATE_PROFIT":1136015000,"PRETAX_PROFIT":709607000,"NETCASH_OPERATE":2307572000,"NETCASH_INVEST":-1482629000,"NETCASH_FINANCE":989023000,"END_CASH":12892696000,"DIVI_RATIO":-0.030037117384,"DIVIDEND_RATE":0.307354555434,"CURRENT_RATIO":4.808714909002,"COMMON_ACS":2400000000,"CURRENTDEBT_DEBT":60.69876111044,"ISSUED_COMMON_SHARES":1335007557,"HK_COMMON_SHARES":1335007557,"PER_SHARES":200,"TOTAL_MARKET_CAP":60809594221.35,"HKSK_MARKET_CAP":60809594221.35,"PE_TTM":42.207263202084,"PB_TTM":2.512029871113,"REPORT_DATE_SQ":"2022-06-30 00:00:00","REPORT_TYPE_SQ":"2022年中报","OPERATE_INCOME_SQ":3687167000,"DPS_HKD":0.14,"OPERATE_INCOME_QOQ_SQ":5.320868669403,"NET_PROFIT_RATIO_SQ":9.1734114565,"HOLDER_PROFIT_SQ":-42064000,"HOLDER_PROFIT_QOQ_SQ":-49.736345221158,"ROE_AVG_SQ":-0.161058983135,"PE_TTM_SQ":109.924808530218,"PB_TTM_SQ":1.294144362008,"ROA_SQ":-0.108982296598,"START_DATE":"2023-01-01 00:00:00","FISCAL_YEAR":"12-31","CURRENCY":"HKD","IS_CNY_CODE":0,"DPS_HKD_LY":0.13,"ORG_TYPE":"一般企业","PREMIUM_INCOME":null,"PREMIUM_INCOME_YOY":null,"NET_INTEREST_INCOME":null,"NET_INTEREST_INCOME_YOY":null,"FEE_COMMISSION_INCOME":null,"FEE_COMMISSION_INCOME_YOY":null,"ACCOUNTS_RECE_TDAYS":4.866514376144,"INVENTORY_TDAYS":38.369654348475,"CURRENT_ASSETS_TDAYS":0.16739940309,"TOTAL_ASSETS_TDAYS":0.124704299531,"PREMIUM_EXPENSE":null,"LOAN_DEPOSIT":null,"LOAN_EQUITY":null,"LOAN_ASSETS":null,"DEPOSIT_EQUITY":null,"DEPOSIT_ASSETS":null,"EQUITY_MULTIPLIER":1.346502807378,"EQUITY_RATIO":0.425941828749},{"SECUCODE":"03888.HK","SECURITY_CODE":"03888","SECURITY_NAME_ABBR":"金山软件","ORG_CODE":"10096713","STD_REPORT_DATE":"2023-03-31 00:00:00","REPORT_DATE":"2023-03-31 00:00:00","DATE_TYPE_CODE":"003","REPORT_TYPE":"2023年一季报","PER_NETCASH_OPERATE":0.266036495293,"PER_OI":1.445677006262,"BPS":14.760374124234,"BASIC_EPS":0.14,"DILUTED_EPS":0.14,"OPERATE_INCOME":1970307000,"OPERATE_INCOME_YOY":6.3297922575,"GROSS_PROFIT":1625393000,"GROSS_PROFIT_YOY":8.191403891686,"HOLDER_PROFIT":192343000,"HOLDER_PROFIT_YOY":95.9843899656,"GROSS_PROFIT_RATIO":82.494403156462,"EPS_TTM":-4.368634317163,"OPERATE_INCOME_QOQ":1.535890365827,"NET_PROFIT_RATIO":17.1520478788,"ROE_AVG":0.981173960874,"GROSS_PROFIT_QOQ":1.992261293142,"ROA":0.603847061745,"HOLDER_PROFIT_QOQ":1.55750625724,"ROE_YEARLY":3.924695843494,"ROIC_YEARLY":7.508962723095,"TOTAL_ASSETS":31817817000,"TOTAL_LIABILITIES":7457407000,"TAX_EBT":7.119122937686,"OCF_SALES":18.402208386815,"TOTAL_PARENT_EQUITY":19705211000,"DEBT_ASSET_RATIO":23.4378335886,"OPERATE_PROFIT":460302000,"PRETAX_PROFIT":363851000,"NETCASH_OPERATE":362580000,"NETCASH_INVEST":-3078881000,"NETCASH_FINANCE":-116880000,"END_CASH":8164593000,"DIVI_RATIO":-0.029041295469,"DIVIDEND_RATE":0.307354555434,"CURRENT_RATIO":5.721968970363,"COMMON_ACS":2400000000,"CURRENTDEBT_DEBT":55.658448036965,"ISSUED_COMMON_SHARES":1335007557,"HK_COMMON_SHARES":1335007557,"PER_SHARES":200,"TOTAL_MARKET_CAP":60809594221.35,"HKSK_MARKET_CAP":60809594221.35,"PE_TTM":42.207263202084,"PB_TTM":2.512029871113,"REPORT_DATE_SQ":"2022-03-31 00:00:00","REPORT_TYPE_SQ":"2022年一季报","OPERATE_INCOME_SQ":1853015000,"DPS_HKD":0.14,"OPERATE_INCOME_QOQ_SQ":4.605074609906,"NET_PROFIT_RATIO_SQ":15.6001975159,"HOLDER_PROFIT_SQ":98142000,"HOLDER_PROFIT_QOQ_SQ":-4.347232199771,"ROE_AVG_SQ":0.400179002654,"PE_TTM_SQ":109.924808530218,"PB_TTM_SQ":1.294144362008,"ROA_SQ":0.27236237059,"START_DATE":"2023-01-01 00:00:00","FISCAL_YEAR":"12-31","CURRENCY":"HKD","IS_CNY_CODE":0,"DPS_HKD_LY":0.13,"ORG_TYPE":"一般企业","PREMIUM_INCOME":null,"PREMIUM_INCOME_YOY":null,"NET_INTEREST_INCOME":null,"NET_INTEREST_INCOME_YOY":null,"FEE_COMMISSION_INCOME":null,"FEE_COMMISSION_INCOME_YOY":null,"ACCOUNTS_RECE_TDAYS":2.299186016592,"INVENTORY_TDAYS":18.94507305284,"CURRENT_ASSETS_TDAYS":0.083328913783,"TOTAL_ASSETS_TDAYS":0.061856375989,"PREMIUM_EXPENSE":null,"LOAN_DEPOSIT":null,"LOAN_EQUITY":null,"LOAN_ASSETS":null,"DEPOSIT_EQUITY":null,"DEPOSIT_ASSETS":null,"EQUITY_MULTIPLIER":1.306128139879,"EQUITY_RATIO":0.378448472336},{"SECUCODE":"03888.HK","SECURITY_CODE":"03888","SECURITY_NAME_ABBR":"金山软件","ORG_CODE":"10096713","STD_REPORT_DATE":"2022-12-31 00:00:00","REPORT_DATE":"2022-12-31 00:00:00","DATE_TYPE_CODE":"001","REPORT_TYPE":"2022年年报","PER_NETCASH_OPERATE":1.889104522524,"PER_OI":5.605789480728,"BPS":14.607607198736,"BASIC_EPS":-4.43,"DILUTED_EPS":-4.45,"OPERATE_INCOME":7636743000,"OPERATE_INCOME_YOY":19.8596196821,"GROSS_PROFIT":6177001000,"GROSS_PROFIT_YOY":18.462958228821,"HOLDER_PROFIT":-6049409000,"HOLDER_PROFIT_YOY":-1629.9024617284,"GROSS_PROFIT_RATIO":80.885280544337,"EPS_TTM":-4.439707124176,"OPERATE_INCOME_QOQ":3.952124059608,"NET_PROFIT_RATIO":-69.9380351021,"ROE_AVG":-27.314658452962,"GROSS_PROFIT_QOQ":4.948462786457,"ROA":-17.678791542531,"HOLDER_PROFIT_QOQ":5.938294514425,"ROE_YEARLY":-27.314658452962,"ROIC_YEARLY":-47.680325653747,"TOTAL_ASSETS":31887955000,"TOTAL_LIABILITIES":7731488000,"TAX_EBT":6.63228895733,"OCF_SALES":33.699169920999,"TOTAL_PARENT_EQUITY":19501496000,"DEBT_ASSET_RATIO":24.2506495145,"OPERATE_PROFIT":1868682000,"PRETAX_PROFIT":-5721343000,"NETCASH_OPERATE":2573519000,"NETCASH_INVEST":4421589000,"NETCASH_FINANCE":-619041000,"END_CASH":11018882000,"DIVI_RATIO":-0.02857638949,"DIVIDEND_RATE":0.307354555434,"CURRENT_RATIO":3.417376774301,"COMMON_ACS":2400000000,"CURRENTDEBT_DEBT":89.093781171231,"ISSUED_COMMON_SHARES":1335007557,"HK_COMMON_SHARES":1335007557,"PER_SHARES":200,"TOTAL_MARKET_CAP":60809594221.35,"HKSK_MARKET_CAP":60809594221.35,"PE_TTM":42.207263202084,"PB_TTM":2.512029871113,"REPORT_DATE_SQ":"2021-12-31 00:00:00","REPORT_TYPE_SQ":"2021年年报","OPERATE_INCOME_SQ":6371406000,"DPS_HKD":0.14,"OPERATE_INCOME_QOQ_SQ":3.51920109261,"NET_PROFIT_RATIO_SQ":14.9549879571,"HOLDER_PROFIT_SQ":395332000,"HOLDER_PROFIT_QOQ_SQ":-58.429688452948,"ROE_AVG_SQ":1.598960440318,"PE_TTM_SQ":109.924808530218,"PB_TTM_SQ":1.294144362008,"ROA_SQ":1.104598567851,"START_DATE":"2022-01-01 00:00:00","FISCAL_YEAR":"12-31","CURRENCY":"HKD","IS_CNY_CODE":0,"DPS_HKD_LY":0.12,"ORG_TYPE":"一般企业","PREMIUM_INCOME":null,"PREMIUM_INCOME_YOY":null,"NET_INTEREST_INCOME":null,"NET_INTEREST_INCOME_YOY":null,"FEE_COMMISSION_INCOME":null,"FEE_COMMISSION_INCOME_YOY":null,"ACCOUNTS_RECE_TDAYS":8.985117053413,"INVENTORY_TDAYS":79.093086259211,"CURRENT_ASSETS_TDAYS":0.337973735676,"TOTAL_ASSETS_TDAYS":0.223220993839,"PREMIUM_EXPENSE":null,"LOAN_DEPOSIT":null,"LOAN_EQUITY":null,"LOAN_ASSETS":null,"DEPOSIT_EQUITY":null,"DEPOSIT_ASSETS":null,"EQUITY_MULTIPLIER":1.320143332703,"EQUITY_RATIO":0.3964561488},{"SECUCODE":"03888.HK","SECURITY_CODE":"03888","SECURITY_NAME_ABBR":"金山软件","ORG_CODE":"10096713","STD_REPORT_DATE":"2022-09-30 00:00:00","REPORT_DATE":"2022-09-30 00:00:00","DATE_TYPE_CODE":"004","REPORT_TYPE":"2022年三季报","PER_NETCASH_OPERATE":0.98163664426,"PER_OI":4.042241910683,"BPS":14.510442954744,"BASIC_EPS":-4.47,"DILUTED_EPS":-4.49,"OPERATE_INCOME":5524294000,"OPERATE_INCOME_YOY":21.4318435204,"GROSS_PROFIT":4436161000,"GROSS_PROFIT_YOY":17.835616780394,"HOLDER_PROFIT":-6096978000,"HOLDER_PROFIT_YOY":-934.4252868842,"GROSS_PROFIT_RATIO":80.302768100322,"EPS_TTM":-4.704986495734,"OPERATE_INCOME_QOQ":4.657978414232,"NET_PROFIT_RATIO":-100.9963264084,"ROE_AVG":-27.606569673351,"GROSS_PROFIT_QOQ":3.978487576192,"ROA":-18.051026681267,"HOLDER_PROFIT_QOQ":-3482.9789025096,"ROE_YEARLY":-36.808759564468,"ROIC_YEARLY":-39.75641253607,"TOTAL_ASSETS":30994853000,"TOTAL_LIABILITIES":7204295000,"TAX_EBT":8.57963281483,"OCF_SALES":24.284460602568,"TOTAL_PARENT_EQUITY":19371551000,"DEBT_ASSET_RATIO":23.2435204645,"OPERATE_PROFIT":null,"PRETAX_PROFIT":-6105203000,"NETCASH_OPERATE":1341545000,"NETCASH_INVEST":-1866094000,"NETCASH_FINANCE":-545271000,"END_CASH":3606565000,"DIVI_RATIO":-0.026965178352,"DIVIDEND_RATE":0.307354555434,"CURRENT_RATIO":5.765033649581,"COMMON_ACS":2400000000,"CURRENTDEBT_DEBT":54.545489877913,"ISSUED_COMMON_SHARES":1335007557,"HK_COMMON_SHARES":1335007557,"PER_SHARES":200,"TOTAL_MARKET_CAP":60809594221.35,"HKSK_MARKET_CAP":60809594221.35,"PE_TTM":42.207263202084,"PB_TTM":2.512029871113,"REPORT_DATE_SQ":"2021-09-30 00:00:00","REPORT_TYPE_SQ":"2021年三季报","OPERATE_INCOME_SQ":4549296000,"DPS_HKD":0.14,"OPERATE_INCOME_QOQ_SQ":1.868160404956,"NET_PROFIT_RATIO_SQ":25.4216476571,"HOLDER_PROFIT_SQ":730434000,"HOLDER_PROFIT_QOQ_SQ":-9.660479665923,"ROE_AVG_SQ":2.931641959548,"PE_TTM_SQ":109.924808530218,"PB_TTM_SQ":1.294144362008,"ROA_SQ":2.053743262101,"START_DATE":"2022-01-01 00:00:00","FISCAL_YEAR":"12-31","CURRENCY":"HKD","IS_CNY_CODE":0,"DPS_HKD_LY":0.12,"ORG_TYPE":"一般企业","PREMIUM_INCOME":null,"PREMIUM_INCOME_YOY":null,"NET_INTEREST_INCOME":null,"NET_INTEREST_INCOME_YOY":null,"FEE_COMMISSION_INCOME":null,"FEE_COMMISSION_INCOME_YOY":null,"ACCOUNTS_RECE_TDAYS":6.300722594199,"INVENTORY_TDAYS":53.247192385799,"CURRENT_ASSETS_TDAYS":0.249370642354,"TOTAL_ASSETS_TDAYS":0.163610154396,"PREMIUM_EXPENSE":null,"LOAN_DEPOSIT":null,"LOAN_EQUITY":null,"LOAN_ASSETS":null,"DEPOSIT_EQUITY":null,"DEPOSIT_ASSETS":null,"EQUITY_MULTIPLIER":1.30282160679,"EQUITY_RATIO":0.371900783783}],"count":77},"success":true,"message":"ok","code":0}