{"version":"e361fa8fb57b4a50b30397e6b0f6239b","result":{"pages":5,"data":[{"SECUCODE":"03889.HK","SECURITY_CODE":"03889","SECURITY_NAME_ABBR":"大成糖业","ORG_CODE":"10086703","STD_REPORT_DATE":"2024-06-30 00:00:00","REPORT_DATE":"2024-06-30 00:00:00","DATE_TYPE_CODE":"002","REPORT_TYPE":"2024年中报","PER_NETCASH_OPERATE":-0.030172335259,"PER_OI":0.160520164578,"BPS":-0.084983739956,"BASIC_EPS":0.09400604,"DILUTED_EPS":0.08761728,"OPERATE_INCOME":303443283,"OPERATE_INCOME_YOY":71.6788615157,"GROSS_PROFIT":10378084.28,"GROSS_PROFIT_YOY":-43.662157786759,"HOLDER_PROFIT":151140720.68,"HOLDER_PROFIT_YOY":297.2873157888,"GROSS_PROFIT_RATIO":3.420106774945,"EPS_TTM":0.259681823349,"OPERATE_INCOME_QOQ":31.264075450123,"NET_PROFIT_RATIO":49.8085570344,"ROE_AVG":-59.594107560237,"GROSS_PROFIT_QOQ":-24.237840089554,"ROA":31.262695673843,"HOLDER_PROFIT_QOQ":87.104085842371,"ROE_YEARLY":-119.188215120474,"ROIC_YEARLY":63.313420567179,"TOTAL_ASSETS":441790968.12,"TOTAL_LIABILITIES":605926426.64,"TAX_EBT":null,"OCF_SALES":-18.796601248214,"TOTAL_PARENT_EQUITY":-164135458.52,"DEBT_ASSET_RATIO":137.152289287,"OPERATE_PROFIT":164676677.76,"PRETAX_PROFIT":151140720.68,"NETCASH_OPERATE":-57037023.92,"NETCASH_INVEST":-9015453.04,"NETCASH_FINANCE":58924446.16,"END_CASH":5079064.2,"DIVI_RATIO":null,"DIVIDEND_RATE":null,"CURRENT_RATIO":0.241628673764,"COMMON_ACS":100000000000,"CURRENTDEBT_DEBT":97.396286778993,"ISSUED_COMMON_SHARES":1931374856,"HK_COMMON_SHARES":1931374856,"PER_SHARES":2000,"TOTAL_MARKET_CAP":208588484.448,"HKSK_MARKET_CAP":208588484.448,"PE_TTM":0.386951419608,"PB_TTM":-1.159862346032,"REPORT_DATE_SQ":"2023-06-30 00:00:00","REPORT_TYPE_SQ":"2023年中报","OPERATE_INCOME_SQ":178551568.78,"DPS_HKD":null,"OPERATE_INCOME_QOQ_SQ":14.328280696168,"NET_PROFIT_RATIO_SQ":-43.3432647771,"HOLDER_PROFIT_SQ":-77390079.22,"HOLDER_PROFIT_QOQ_SQ":12.168530629631,"ROE_AVG_SQ":12.216532393335,"PE_TTM_SQ":-0.682998541305,"PB_TTM_SQ":-0.174793256392,"ROA_SQ":-12.501703477925,"START_DATE":"2024-01-01 00:00:00","FISCAL_YEAR":"12-31","CURRENCY":"HKD","IS_CNY_CODE":0,"DPS_HKD_LY":null,"ORG_TYPE":"一般企业","PREMIUM_INCOME":null,"PREMIUM_INCOME_YOY":null,"NET_INTEREST_INCOME":null,"NET_INTEREST_INCOME_YOY":null,"FEE_COMMISSION_INCOME":null,"FEE_COMMISSION_INCOME_YOY":null,"ACCOUNTS_RECE_TDAYS":3.834531834774,"INVENTORY_TDAYS":9.321141397428,"CURRENT_ASSETS_TDAYS":1.75562038785,"TOTAL_ASSETS_TDAYS":0.627657124302,"PREMIUM_EXPENSE":null,"LOAN_DEPOSIT":null,"LOAN_EQUITY":null,"LOAN_ASSETS":null,"DEPOSIT_EQUITY":null,"DEPOSIT_ASSETS":null,"EQUITY_MULTIPLIER":-2.69162417496,"EQUITY_RATIO":-3.691624174956},{"SECUCODE":"03889.HK","SECURITY_CODE":"03889","SECURITY_NAME_ABBR":"大成糖业","ORG_CODE":"10086703","STD_REPORT_DATE":"2023-12-31 00:00:00","REPORT_DATE":"2023-12-31 00:00:00","DATE_TYPE_CODE":"001","REPORT_TYPE":"2023年年报","PER_NETCASH_OPERATE":0.052436187423,"PER_OI":0.261506427042,"BPS":-0.176387222927,"BASIC_EPS":0.17127558,"DILUTED_EPS":0.17127558,"OPERATE_INCOME":399473556.86,"OPERATE_INCOME_YOY":22.5955107115,"GROSS_PROFIT":33183963.96,"GROSS_PROFIT_YOY":36.241104637146,"HOLDER_PROFIT":262365189.52,"HOLDER_PROFIT_YOY":236.2485940581,"GROSS_PROFIT_RATIO":8.306923797619,"EPS_TTM":0.171751501729,"OPERATE_INCOME_QOQ":8.785694507432,"NET_PROFIT_RATIO":65.6777363644,"ROE_AVG":-55.095531704347,"GROSS_PROFIT_QOQ":-0.070942480617,"ROA":45.865228632262,"HOLDER_PROFIT_QOQ":257.373924526082,"ROE_YEARLY":-55.095531704347,"ROIC_YEARLY":46.082965446053,"TOTAL_ASSETS":521400020.54,"TOTAL_LIABILITIES":867444658.64,"TAX_EBT":3.028705777913,"OCF_SALES":20.051586500398,"TOTAL_PARENT_EQUITY":-340669847.28,"DEBT_ASSET_RATIO":166.3683591231,"OPERATE_PROFIT":-92203353.9,"PRETAX_PROFIT":-130665143.14,"NETCASH_OPERATE":80100785.8,"NETCASH_INVEST":-533763.58,"NETCASH_FINANCE":-70953401.12,"END_CASH":12281093.44,"DIVI_RATIO":null,"DIVIDEND_RATE":null,"CURRENT_RATIO":0.232547081078,"COMMON_ACS":100000000000,"CURRENTDEBT_DEBT":99.963226537068,"ISSUED_COMMON_SHARES":1931374856,"HK_COMMON_SHARES":1931374856,"PER_SHARES":2000,"TOTAL_MARKET_CAP":220176733.584,"HKSK_MARKET_CAP":220176733.584,"PE_TTM":0.408448720697,"PB_TTM":-1.224299143033,"REPORT_DATE_SQ":"2022-12-31 00:00:00","REPORT_TYPE_SQ":"2022年年报","OPERATE_INCOME_SQ":321190414.09,"DPS_HKD":null,"OPERATE_INCOME_QOQ_SQ":-25.524822502272,"NET_PROFIT_RATIO_SQ":-59.0963575634,"HOLDER_PROFIT_SQ":-189811835.57,"HOLDER_PROFIT_QOQ_SQ":-2.486240754959,"ROE_AVG_SQ":36.347199735894,"PE_TTM_SQ":-0.597623723641,"PB_TTM_SQ":-0.152944099343,"ROA_SQ":-26.198137819138,"START_DATE":"2023-01-01 00:00:00","FISCAL_YEAR":"12-31","CURRENCY":"HKD","IS_CNY_CODE":0,"DPS_HKD_LY":null,"ORG_TYPE":"一般企业","PREMIUM_INCOME":null,"PREMIUM_INCOME_YOY":null,"NET_INTEREST_INCOME":null,"NET_INTEREST_INCOME_YOY":null,"FEE_COMMISSION_INCOME":null,"FEE_COMMISSION_INCOME_YOY":null,"ACCOUNTS_RECE_TDAYS":7.540936772957,"INVENTORY_TDAYS":10.555047788165,"CURRENT_ASSETS_TDAYS":2.557216614456,"TOTAL_ASSETS_TDAYS":0.698337536754,"PREMIUM_EXPENSE":null,"LOAN_DEPOSIT":null,"LOAN_EQUITY":null,"LOAN_ASSETS":null,"DEPOSIT_EQUITY":null,"DEPOSIT_ASSETS":null,"EQUITY_MULTIPLIER":-1.506742087966,"EQUITY_RATIO":-2.54629127164},{"SECUCODE":"03889.HK","SECURITY_CODE":"03889","SECURITY_NAME_ABBR":"大成糖业","ORG_CODE":"10086703","STD_REPORT_DATE":"2023-06-30 00:00:00","REPORT_DATE":"2023-06-30 00:00:00","DATE_TYPE_CODE":"002","REPORT_TYPE":"2023年中报","PER_NETCASH_OPERATE":-0.012022183772,"PER_OI":0.116884789976,"BPS":-0.333753562638,"BASIC_EPS":-0.0507089,"DILUTED_EPS":-0.0507089,"OPERATE_INCOME":178551568.78,"OPERATE_INCOME_YOY":24.9651549957,"GROSS_PROFIT":18421160.4,"GROSS_PROFIT_YOY":92.479939950543,"HOLDER_PROFIT":-77390079.22,"HOLDER_PROFIT_YOY":28.5643770797,"GROSS_PROFIT_RATIO":10.316997227113,"EPS_TTM":-0.109135933571,"OPERATE_INCOME_QOQ":14.328280696168,"NET_PROFIT_RATIO":-43.3432647771,"ROE_AVG":12.216532393335,"GROSS_PROFIT_QOQ":36.337826072981,"ROA":-12.501703477925,"HOLDER_PROFIT_QOQ":12.168530629631,"ROE_YEARLY":24.43306478667,"ROIC_YEARLY":-25.015590226995,"TOTAL_ASSETS":604573633.32,"TOTAL_LIABILITIES":1254339038.32,"TAX_EBT":7.046660124863,"OCF_SALES":-10.285498887231,"TOTAL_PARENT_EQUITY":-644603238.98,"DEBT_ASSET_RATIO":207.4749822336,"OPERATE_PROFIT":-45042410.92,"PRETAX_PROFIT":-64830867.66,"NETCASH_OPERATE":-18364919.62,"NETCASH_INVEST":5066280.1,"NETCASH_FINANCE":16995779.32,"END_CASH":7291939.82,"DIVI_RATIO":null,"DIVIDEND_RATE":null,"CURRENT_RATIO":0.091389264586,"COMMON_ACS":100000000000,"CURRENTDEBT_DEBT":98.094134146377,"ISSUED_COMMON_SHARES":1931374856,"HK_COMMON_SHARES":1931374856,"PER_SHARES":2000,"TOTAL_MARKET_CAP":220176733.584,"HKSK_MARKET_CAP":220176733.584,"PE_TTM":0.408448720697,"PB_TTM":-1.224299143033,"REPORT_DATE_SQ":"2022-06-30 00:00:00","REPORT_TYPE_SQ":"2022年中报","OPERATE_INCOME_SQ":132530504.68,"DPS_HKD":null,"OPERATE_INCOME_QOQ_SQ":-27.553115975774,"NET_PROFIT_RATIO_SQ":-75.8220839894,"HOLDER_PROFIT_SQ":-100487390.57,"HOLDER_PROFIT_QOQ_SQ":-135.321691981798,"ROE_AVG_SQ":21.580021267257,"PE_TTM_SQ":-0.597623723641,"PB_TTM_SQ":-0.152944099343,"ROA_SQ":-13.739047773834,"START_DATE":"2023-01-01 00:00:00","FISCAL_YEAR":"12-31","CURRENCY":"HKD","IS_CNY_CODE":0,"DPS_HKD_LY":null,"ORG_TYPE":"一般企业","PREMIUM_INCOME":null,"PREMIUM_INCOME_YOY":null,"NET_INTEREST_INCOME":null,"NET_INTEREST_INCOME_YOY":null,"FEE_COMMISSION_INCOME":null,"FEE_COMMISSION_INCOME_YOY":null,"ACCOUNTS_RECE_TDAYS":4.543579757408,"INVENTORY_TDAYS":3.989273491513,"CURRENT_ASSETS_TDAYS":1.586026723012,"TOTAL_ASSETS_TDAYS":0.28843474395,"PREMIUM_EXPENSE":null,"LOAN_DEPOSIT":null,"LOAN_EQUITY":null,"LOAN_ASSETS":null,"DEPOSIT_EQUITY":null,"DEPOSIT_ASSETS":null,"EQUITY_MULTIPLIER":-0.930449095424,"EQUITY_RATIO":-1.945908680671},{"SECUCODE":"03889.HK","SECURITY_CODE":"03889","SECURITY_NAME_ABBR":"大成糖业","ORG_CODE":"10086703","STD_REPORT_DATE":"2022-12-31 00:00:00","REPORT_DATE":"2022-12-31 00:00:00","DATE_TYPE_CODE":"001","REPORT_TYPE":"2022年年报","PER_NETCASH_OPERATE":0.007762678664,"PER_OI":0.210260118965,"BPS":-0.312207340717,"BASIC_EPS":-0.12416453,"DILUTED_EPS":-0.12416453,"OPERATE_INCOME":321190414.09,"OPERATE_INCOME_YOY":-50.6156443011,"GROSS_PROFIT":24356793.09,"GROSS_PROFIT_YOY":-28.367321818662,"HOLDER_PROFIT":-189811835.57,"HOLDER_PROFIT_YOY":-120.7423490058,"GROSS_PROFIT_RATIO":7.583287676567,"EPS_TTM":-0.124256071717,"OPERATE_INCOME_QOQ":-25.524822502272,"NET_PROFIT_RATIO":-59.0963575634,"ROE_AVG":36.347199735894,"GROSS_PROFIT_QOQ":-24.492208462064,"ROA":-26.198137819138,"HOLDER_PROFIT_QOQ":-2.486240754959,"ROE_YEARLY":36.347199735894,"ROIC_YEARLY":-26.194730629717,"TOTAL_ASSETS":613772069.89,"TOTAL_LIABILITIES":1222059461.98,"TAX_EBT":4.992676601406,"OCF_SALES":3.691940584091,"TOTAL_PARENT_EQUITY":-602989407.72,"DEBT_ASSET_RATIO":199.1063982757,"OPERATE_PROFIT":-96292719.46,"PRETAX_PROFIT":-132952520.26,"NETCASH_OPERATE":11858159.25,"NETCASH_INVEST":17539356.45,"NETCASH_FINANCE":-32273845.1,"END_CASH":3818729.25,"DIVI_RATIO":null,"DIVIDEND_RATE":null,"CURRENT_RATIO":0.091980686652,"COMMON_ACS":100000000000,"CURRENTDEBT_DEBT":97.145987717039,"ISSUED_COMMON_SHARES":1931374856,"HK_COMMON_SHARES":1931374856,"PER_SHARES":2000,"TOTAL_MARKET_CAP":220176733.584,"HKSK_MARKET_CAP":220176733.584,"PE_TTM":0.408448720697,"PB_TTM":-1.224299143033,"REPORT_DATE_SQ":"2021-12-31 00:00:00","REPORT_TYPE_SQ":"2021年年报","OPERATE_INCOME_SQ":595293742.4,"DPS_HKD":null,"OPERATE_INCOME_QOQ_SQ":8.861727539734,"NET_PROFIT_RATIO_SQ":-13.2210042865,"HOLDER_PROFIT_SQ":-78703811.2,"HOLDER_PROFIT_QOQ_SQ":-157.539559341755,"ROE_AVG_SQ":21.09098557666,"PE_TTM_SQ":-0.597623723641,"PB_TTM_SQ":-0.152944099343,"ROA_SQ":-8.596352653888,"START_DATE":"2022-01-01 00:00:00","FISCAL_YEAR":"12-31","CURRENCY":"HKD","IS_CNY_CODE":0,"DPS_HKD_LY":null,"ORG_TYPE":"一般企业","PREMIUM_INCOME":null,"PREMIUM_INCOME_YOY":null,"NET_INTEREST_INCOME":null,"NET_INTEREST_INCOME_YOY":null,"FEE_COMMISSION_INCOME":null,"FEE_COMMISSION_INCOME_YOY":null,"ACCOUNTS_RECE_TDAYS":4.838515209215,"INVENTORY_TDAYS":6.151083797642,"CURRENT_ASSETS_TDAYS":1.903598958113,"TOTAL_ASSETS_TDAYS":0.443312225987,"PREMIUM_EXPENSE":null,"LOAN_DEPOSIT":null,"LOAN_EQUITY":null,"LOAN_ASSETS":null,"DEPOSIT_EQUITY":null,"DEPOSIT_ASSETS":null,"EQUITY_MULTIPLIER":-1.009016589644,"EQUITY_RATIO":-2.026668207325},{"SECUCODE":"03889.HK","SECURITY_CODE":"03889","SECURITY_NAME_ABBR":"大成糖业","ORG_CODE":"10086703","STD_REPORT_DATE":"2022-06-30 00:00:00","REPORT_DATE":"2022-06-30 00:00:00","DATE_TYPE_CODE":"002","REPORT_TYPE":"2022年中报","PER_NETCASH_OPERATE":0.006406705979,"PER_OI":0.086758129938,"BPS":-0.263372636529,"BASIC_EPS":-0.06584963,"DILUTED_EPS":-0.06584963,"OPERATE_INCOME":132530504.68,"OPERATE_INCOME_YOY":-56.5172741787,"GROSS_PROFIT":9570431.29,"GROSS_PROFIT_YOY":-15.421602473089,"HOLDER_PROFIT":-100487390.57,"HOLDER_PROFIT_YOY":-1725.214384509,"GROSS_PROFIT_RATIO":7.221304493715,"EPS_TTM":-0.121241710889,"OPERATE_INCOME_QOQ":-27.553115975774,"NET_PROFIT_RATIO":-75.8220839894,"ROE_AVG":21.580021267257,"GROSS_PROFIT_QOQ":-5.132070846823,"ROA":-13.739047773834,"HOLDER_PROFIT_QOQ":-135.321691981798,"ROE_YEARLY":43.160042534513,"ROIC_YEARLY":-27.491387226775,"TOTAL_ASSETS":663131429.8,"TOTAL_LIABILITIES":1177061281.06,"TAX_EBT":null,"OCF_SALES":7.384559791446,"TOTAL_PARENT_EQUITY":-508671287.95,"DEBT_ASSET_RATIO":177.5004513683,"OPERATE_PROFIT":-69034357.56,"PRETAX_PROFIT":-100487390.57,"NETCASH_OPERATE":9786794.36,"NETCASH_INVEST":-81243.05,"NETCASH_FINANCE":-11511712.59,"END_CASH":4730055.89,"DIVI_RATIO":null,"DIVIDEND_RATE":null,"CURRENT_RATIO":0.113664111488,"COMMON_ACS":100000000000,"CURRENTDEBT_DEBT":96.344816161886,"ISSUED_COMMON_SHARES":1931374856,"HK_COMMON_SHARES":1931374856,"PER_SHARES":2000,"TOTAL_MARKET_CAP":220176733.584,"HKSK_MARKET_CAP":220176733.584,"PE_TTM":0.408448720697,"PB_TTM":-1.224299143033,"REPORT_DATE_SQ":"2021-06-30 00:00:00","REPORT_TYPE_SQ":"2021年中报","OPERATE_INCOME_SQ":296552479.92,"DPS_HKD":null,"OPERATE_INCOME_QOQ_SQ":-15.513010728993,"NET_PROFIT_RATIO_SQ":2.0286252206,"HOLDER_PROFIT_SQ":6015938.4,"HOLDER_PROFIT_QOQ_SQ":1962.4630074309,"ROE_AVG_SQ":-1.734784345671,"PE_TTM_SQ":-0.597623723641,"PB_TTM_SQ":-0.152944099343,"ROA_SQ":0.642315248857,"START_DATE":"2022-01-01 00:00:00","FISCAL_YEAR":"12-31","CURRENCY":"HKD","IS_CNY_CODE":0,"DPS_HKD_LY":null,"ORG_TYPE":"一般企业","PREMIUM_INCOME":null,"PREMIUM_INCOME_YOY":null,"NET_INTEREST_INCOME":null,"NET_INTEREST_INCOME_YOY":null,"FEE_COMMISSION_INCOME":null,"FEE_COMMISSION_INCOME_YOY":null,"ACCOUNTS_RECE_TDAYS":2.036051186378,"INVENTORY_TDAYS":2.365850247229,"CURRENT_ASSETS_TDAYS":0.762925931122,"TOTAL_ASSETS_TDAYS":0.181201136278,"PREMIUM_EXPENSE":null,"LOAN_DEPOSIT":null,"LOAN_EQUITY":null,"LOAN_ASSETS":null,"DEPOSIT_EQUITY":null,"DEPOSIT_ASSETS":null,"EQUITY_MULTIPLIER":-1.290315065712,"EQUITY_RATIO":-2.313991980565},{"SECUCODE":"03889.HK","SECURITY_CODE":"03889","SECURITY_NAME_ABBR":"大成糖业","ORG_CODE":"10086703","STD_REPORT_DATE":"2021-12-31 00:00:00","REPORT_DATE":"2021-12-31 00:00:00","DATE_TYPE_CODE":"001","REPORT_TYPE":"2021年年报","PER_NETCASH_OPERATE":-0.151929627006,"PER_OI":0.38969573065,"BPS":-0.209204440839,"BASIC_EPS":-0.0515088,"DILUTED_EPS":-0.0515088,"OPERATE_INCOME":595293742.4,"OPERATE_INCOME_YOY":-5.3216804677,"GROSS_PROFIT":34002348.8,"GROSS_PROFIT_YOY":-48.115852540365,"HOLDER_PROFIT":-78703811.2,"HOLDER_PROFIT_YOY":-1003.1629612652,"GROSS_PROFIT_RATIO":5.711860612362,"EPS_TTM":-0.051521689254,"OPERATE_INCOME_QOQ":8.861727539734,"NET_PROFIT_RATIO":-13.2210042865,"ROE_AVG":21.09098557666,"GROSS_PROFIT_QOQ":2.929169561763,"ROA":-8.596352653888,"HOLDER_PROFIT_QOQ":-157.539559341755,"ROE_YEARLY":21.09098557666,"ROIC_YEARLY":-8.660159237101,"TOTAL_ASSETS":764518955.2,"TOTAL_LIABILITIES":1173789075.2,"TAX_EBT":1.70225367358,"OCF_SALES":-38.986731200015,"TOTAL_PARENT_EQUITY":-404052196.8,"DEBT_ASSET_RATIO":153.5330245531,"OPERATE_PROFIT":-16377345.6,"PRETAX_PROFIT":-80066750.4,"NETCASH_OPERATE":-232085571.2,"NETCASH_INVEST":313239729.6,"NETCASH_FINANCE":-92328297.6,"END_CASH":6399355.2,"DIVI_RATIO":null,"DIVIDEND_RATE":null,"CURRENT_RATIO":0.185022858955,"COMMON_ACS":100000000000,"CURRENTDEBT_DEBT":96.198660956834,"ISSUED_COMMON_SHARES":1931374856,"HK_COMMON_SHARES":1931374856,"PER_SHARES":2000,"TOTAL_MARKET_CAP":220176733.584,"HKSK_MARKET_CAP":220176733.584,"PE_TTM":0.408448720697,"PB_TTM":-1.224299143033,"REPORT_DATE_SQ":"2020-12-31 00:00:00","REPORT_TYPE_SQ":"2020年年报","OPERATE_INCOME_SQ":647241359.36,"DPS_HKD":null,"OPERATE_INCOME_QOQ_SQ":-53.073102244152,"NET_PROFIT_RATIO_SQ":-1.1346850033,"HOLDER_PROFIT_SQ":-7344150.64,"HOLDER_PROFIT_QOQ_SQ":96.203675364758,"ROE_AVG_SQ":2.117318774644,"PE_TTM_SQ":-0.597623723641,"PB_TTM_SQ":-0.152944099343,"ROA_SQ":-0.645534045152,"START_DATE":"2021-01-01 00:00:00","FISCAL_YEAR":"12-31","CURRENCY":"HKD","IS_CNY_CODE":0,"DPS_HKD_LY":null,"ORG_TYPE":"一般企业","PREMIUM_INCOME":null,"PREMIUM_INCOME_YOY":null,"NET_INTEREST_INCOME":null,"NET_INTEREST_INCOME_YOY":null,"FEE_COMMISSION_INCOME":null,"FEE_COMMISSION_INCOME_YOY":null,"ACCOUNTS_RECE_TDAYS":7.44043859918,"INVENTORY_TDAYS":10.79301020328,"CURRENT_ASSETS_TDAYS":1.678929873855,"TOTAL_ASSETS_TDAYS":0.650204210482,"PREMIUM_EXPENSE":null,"LOAN_DEPOSIT":null,"LOAN_EQUITY":null,"LOAN_ASSETS":null,"DEPOSIT_EQUITY":null,"DEPOSIT_ASSETS":null,"EQUITY_MULTIPLIER":-1.868005793336,"EQUITY_RATIO":-2.905043171393},{"SECUCODE":"03889.HK","SECURITY_CODE":"03889","SECURITY_NAME_ABBR":"大成糖业","ORG_CODE":"10086703","STD_REPORT_DATE":"2021-06-30 00:00:00","REPORT_DATE":"2021-06-30 00:00:00","DATE_TYPE_CODE":"002","REPORT_TYPE":"2021年中报","PER_NETCASH_OPERATE":-0.153955275369,"PER_OI":0.194131446557,"BPS":-0.178748310266,"BASIC_EPS":0.0041604,"DILUTED_EPS":0.0041604,"OPERATE_INCOME":296552479.92,"OPERATE_INCOME_YOY":-17.9892584956,"GROSS_PROFIT":11315455.92,"GROSS_PROFIT_YOY":-74.174994640848,"HOLDER_PROFIT":6015938.4,"HOLDER_PROFIT_YOY":104.7818092832,"GROSS_PROFIT_RATIO":3.815667271794,"EPS_TTM":0.089541334419,"OPERATE_INCOME_QOQ":-15.513010728993,"NET_PROFIT_RATIO":2.0286252206,"ROE_AVG":-1.734784345671,"GROSS_PROFIT_QOQ":-49.592377281834,"ROA":0.642315248857,"HOLDER_PROFIT_QOQ":1962.4630074309,"ROE_YEARLY":-3.469568691342,"ROIC_YEARLY":1.297167536902,"TOTAL_ASSETS":787735960.56,"TOTAL_LIABILITIES":1138210552.8,"TAX_EBT":null,"OCF_SALES":-79.304655736969,"TOTAL_PARENT_EQUITY":-345229992,"DEBT_ASSET_RATIO":144.4913790645,"OPERATE_PROFIT":40629634.32,"PRETAX_PROFIT":6015938.4,"NETCASH_OPERATE":-235179923.28,"NETCASH_INVEST":343220518.8,"NETCASH_FINANCE":-115050037.44,"END_CASH":10821200.4,"DIVI_RATIO":null,"DIVIDEND_RATE":null,"CURRENT_RATIO":0.244541192112,"COMMON_ACS":100000000000,"CURRENTDEBT_DEBT":82.916419939908,"ISSUED_COMMON_SHARES":1931374856,"HK_COMMON_SHARES":1931374856,"PER_SHARES":2000,"TOTAL_MARKET_CAP":220176733.584,"HKSK_MARKET_CAP":220176733.584,"PE_TTM":0.408448720697,"PB_TTM":-1.224299143033,"REPORT_DATE_SQ":"2020-06-30 00:00:00","REPORT_TYPE_SQ":"2020年中报","OPERATE_INCOME_SQ":396959101.44,"DPS_HKD":null,"OPERATE_INCOME_QOQ_SQ":-21.314958852423,"NET_PROFIT_RATIO_SQ":-34.7920731932,"HOLDER_PROFIT_SQ":-138110301.12,"HOLDER_PROFIT_QOQ_SQ":-32.842324287677,"ROE_AVG_SQ":31.601068849231,"PE_TTM_SQ":-0.597623723641,"PB_TTM_SQ":-0.152944099343,"ROA_SQ":-12.200677985796,"START_DATE":"2021-01-01 00:00:00","FISCAL_YEAR":"12-31","CURRENCY":"HKD","IS_CNY_CODE":0,"DPS_HKD_LY":null,"ORG_TYPE":"一般企业","PREMIUM_INCOME":null,"PREMIUM_INCOME_YOY":null,"NET_INTEREST_INCOME":null,"NET_INTEREST_INCOME_YOY":null,"FEE_COMMISSION_INCOME":null,"FEE_COMMISSION_INCOME_YOY":null,"ACCOUNTS_RECE_TDAYS":3.400169818161,"INVENTORY_TDAYS":5.523375252765,"CURRENT_ASSETS_TDAYS":0.801644230012,"TOTAL_ASSETS_TDAYS":0.316625881573,"PREMIUM_EXPENSE":null,"LOAN_DEPOSIT":null,"LOAN_EQUITY":null,"LOAN_ASSETS":null,"DEPOSIT_EQUITY":null,"DEPOSIT_ASSETS":null,"EQUITY_MULTIPLIER":-2.247626441406,"EQUITY_RATIO":-3.296963123644},{"SECUCODE":"03889.HK","SECURITY_CODE":"03889","SECURITY_NAME_ABBR":"大成糖业","ORG_CODE":"10086703","STD_REPORT_DATE":"2020-12-31 00:00:00","REPORT_DATE":"2020-12-31 00:00:00","DATE_TYPE_CODE":"001","REPORT_TYPE":"2020年年报","PER_NETCASH_OPERATE":-0.011128306177,"PER_OI":0.423702075929,"BPS":-0.182428738277,"BASIC_EPS":-0.00504984,"DILUTED_EPS":-0.00504984,"OPERATE_INCOME":647241359.36,"OPERATE_INCOME_YOY":-60.7003199068,"GROSS_PROFIT":65535140.24,"GROSS_PROFIT_YOY":-64.766008019649,"HOLDER_PROFIT":-7344150.64,"HOLDER_PROFIT_YOY":94.6324660146,"GROSS_PROFIT_RATIO":10.125301681092,"EPS_TTM":-0.004807683914,"OPERATE_INCOME_QOQ":-53.073102244152,"NET_PROFIT_RATIO":-1.1346850033,"ROE_AVG":2.117318774644,"GROSS_PROFIT_QOQ":-58.727314580927,"ROA":-0.645534045152,"HOLDER_PROFIT_QOQ":96.203675364758,"ROE_YEARLY":2.117318774644,"ROIC_YEARLY":-0.655248748224,"TOTAL_ASSETS":1097939579.36,"TOTAL_LIABILITIES":1455517066.48,"TAX_EBT":191.988193126713,"OCF_SALES":-2.626445988682,"TOTAL_PARENT_EQUITY":-352338278.12,"DEBT_ASSET_RATIO":132.568047809,"OPERATE_PROFIT":100650885.96,"PRETAX_PROFIT":7983797.04,"NETCASH_OPERATE":-16999444.72,"NETCASH_INVEST":87814192.68,"NETCASH_FINANCE":-79629243.68,"END_CASH":17910940.84,"DIVI_RATIO":null,"DIVIDEND_RATE":null,"CURRENT_RATIO":0.408715345046,"COMMON_ACS":100000000000,"CURRENTDEBT_DEBT":86.556931898216,"ISSUED_COMMON_SHARES":1931374856,"HK_COMMON_SHARES":1931374856,"PER_SHARES":2000,"TOTAL_MARKET_CAP":220176733.584,"HKSK_MARKET_CAP":220176733.584,"PE_TTM":0.408448720697,"PB_TTM":-1.224299143033,"REPORT_DATE_SQ":"2019-12-31 00:00:00","REPORT_TYPE_SQ":"2019年年报","OPERATE_INCOME_SQ":1752880219.6,"DPS_HKD":null,"OPERATE_INCOME_QOQ_SQ":1.048878628934,"NET_PROFIT_RATIO_SQ":-8.3078668452,"HOLDER_PROFIT_SQ":-145626954.6,"HOLDER_PROFIT_QOQ_SQ":9.537200052916,"ROE_AVG_SQ":45.607759799693,"PE_TTM_SQ":-0.597623723641,"PB_TTM_SQ":-0.152944099343,"ROA_SQ":-10.94290230917,"START_DATE":"2020-01-01 00:00:00","FISCAL_YEAR":"12-31","CURRENCY":"HKD","IS_CNY_CODE":0,"DPS_HKD_LY":null,"ORG_TYPE":"一般企业","PREMIUM_INCOME":null,"PREMIUM_INCOME_YOY":null,"NET_INTEREST_INCOME":null,"NET_INTEREST_INCOME_YOY":null,"FEE_COMMISSION_INCOME":null,"FEE_COMMISSION_INCOME_YOY":null,"ACCOUNTS_RECE_TDAYS":5.366999912763,"INVENTORY_TDAYS":5.428574794708,"CURRENT_ASSETS_TDAYS":1.435580565945,"TOTAL_ASSETS_TDAYS":0.56891035244,"PREMIUM_EXPENSE":null,"LOAN_DEPOSIT":null,"LOAN_EQUITY":null,"LOAN_ASSETS":null,"DEPOSIT_EQUITY":null,"DEPOSIT_ASSETS":null,"EQUITY_MULTIPLIER":-3.070494141573,"EQUITY_RATIO":-4.131021682476},{"SECUCODE":"03889.HK","SECURITY_CODE":"03889","SECURITY_NAME_ABBR":"大成糖业","ORG_CODE":"10086703","STD_REPORT_DATE":"2020-06-30 00:00:00","REPORT_DATE":"2020-06-30 00:00:00","DATE_TYPE_CODE":"002","REPORT_TYPE":"2020年中报","PER_NETCASH_OPERATE":0.02990712248,"PER_OI":0.259860395055,"BPS":-0.260736267968,"BASIC_EPS":-0.09043056,"DILUTED_EPS":-0.09043056,"OPERATE_INCOME":396959101.44,"OPERATE_INCOME_YOY":-50.3910374736,"GROSS_PROFIT":43815889.92,"GROSS_PROFIT_YOY":-38.313462068129,"HOLDER_PROFIT":-138110301.12,"HOLDER_PROFIT_YOY":-47.3176530195,"GROSS_PROFIT_RATIO":11.037885203049,"EPS_TTM":-0.126640484582,"OPERATE_INCOME_QOQ":-21.314958852423,"NET_PROFIT_RATIO":-34.7920731932,"ROE_AVG":31.601068849231,"GROSS_PROFIT_QOQ":-14.631210393524,"ROA":-12.200677985796,"HOLDER_PROFIT_QOQ":-32.842324287677,"ROE_YEARLY":63.202137698463,"ROIC_YEARLY":-24.782809484959,"TOTAL_ASSETS":986098671.36,"TOTAL_LIABILITIES":1494909414.24,"TAX_EBT":null,"OCF_SALES":11.508919038327,"TOTAL_PARENT_EQUITY":-503579472,"DEBT_ASSET_RATIO":151.5983600483,"OPERATE_PROFIT":-69105389.76,"PRETAX_PROFIT":-138110301.12,"NETCASH_OPERATE":45685701.6,"NETCASH_INVEST":-843105.12,"NETCASH_FINANCE":-55559988,"END_CASH":17218344,"DIVI_RATIO":null,"DIVIDEND_RATE":null,"CURRENT_RATIO":0.119258601435,"COMMON_ACS":100000000000,"CURRENTDEBT_DEBT":97.772171204305,"ISSUED_COMMON_SHARES":1931374856,"HK_COMMON_SHARES":1931374856,"PER_SHARES":2000,"TOTAL_MARKET_CAP":220176733.584,"HKSK_MARKET_CAP":220176733.584,"PE_TTM":0.408448720697,"PB_TTM":-1.224299143033,"REPORT_DATE_SQ":"2019-06-30 00:00:00","REPORT_TYPE_SQ":"2019年中报","OPERATE_INCOME_SQ":770584798.98,"DPS_HKD":null,"OPERATE_INCOME_QOQ_SQ":0.957598997506,"NET_PROFIT_RATIO_SQ":-11.7161699218,"HOLDER_PROFIT_SQ":-90283024.44,"HOLDER_PROFIT_QOQ_SQ":11.880755385674,"ROE_AVG_SQ":28.69604847075,"PE_TTM_SQ":-0.597623723641,"PB_TTM_SQ":-0.152944099343,"ROA_SQ":-6.549177859116,"START_DATE":"2020-01-01 00:00:00","FISCAL_YEAR":"12-31","CURRENCY":"HKD","IS_CNY_CODE":0,"DPS_HKD_LY":null,"ORG_TYPE":"一般企业","PREMIUM_INCOME":null,"PREMIUM_INCOME_YOY":null,"NET_INTEREST_INCOME":null,"NET_INTEREST_INCOME_YOY":null,"FEE_COMMISSION_INCOME":null,"FEE_COMMISSION_INCOME_YOY":null,"ACCOUNTS_RECE_TDAYS":3.267636133961,"INVENTORY_TDAYS":3.146377590052,"CURRENT_ASSETS_TDAYS":1.336338672628,"TOTAL_ASSETS_TDAYS":0.350674072167,"PREMIUM_EXPENSE":null,"LOAN_DEPOSIT":null,"LOAN_EQUITY":null,"LOAN_ASSETS":null,"DEPOSIT_EQUITY":null,"DEPOSIT_ASSETS":null,"EQUITY_MULTIPLIER":-1.938046091124,"EQUITY_RATIO":-2.968567023399}],"count":41},"success":true,"message":"ok","code":0}