{"version":"ed1f895df1aa004a0142f6623105e5c0","result":{"pages":7,"data":[{"SECUCODE":"03886.HK","SECURITY_CODE":"03886","SECURITY_NAME_ABBR":"康健国际医疗","ORG_CODE":"10010737","STD_REPORT_DATE":"2024-06-30 00:00:00","REPORT_DATE":"2024-06-30 00:00:00","DATE_TYPE_CODE":"002","REPORT_TYPE":"2024年中报","PER_NETCASH_OPERATE":0.01907775815,"PER_OI":0.123192190816,"BPS":0.422808809014,"BASIC_EPS":-0.00638876,"DILUTED_EPS":-0.00638876,"OPERATE_INCOME":834445070.4,"OPERATE_INCOME_YOY":-0.2784585633,"GROSS_PROFIT":227762032.04,"GROSS_PROFIT_YOY":1.886383106393,"HOLDER_PROFIT":-43512931.68,"HOLDER_PROFIT_YOY":-326.3710175205,"GROSS_PROFIT_RATIO":27.295029968937,"EPS_TTM":-0.035273779685,"OPERATE_INCOME_QOQ":-0.653566049046,"NET_PROFIT_RATIO":-3.1218007613,"ROE_AVG":-1.494537021421,"GROSS_PROFIT_QOQ":0.927049045415,"ROA":-1.086475233784,"HOLDER_PROFIT_QOQ":-35.756721645498,"ROE_YEARLY":-2.989074042842,"ROIC_YEARLY":-3.340287595007,"TOTAL_ASSETS":3902349526.72,"TOTAL_LIABILITIES":685403513.72,"TAX_EBT":-187.808813149138,"OCF_SALES":15.486174913593,"TOTAL_PARENT_EQUITY":2863904960.76,"DEBT_ASSET_RATIO":17.5638678449,"OPERATE_PROFIT":67186938.2,"PRETAX_PROFIT":-9051047.56,"NETCASH_OPERATE":129223623.16,"NETCASH_INVEST":-216253137.24,"NETCASH_FINANCE":-159353928,"END_CASH":683392879.68,"DIVI_RATIO":-0.030829245114,"DIVIDEND_RATE":0.421052631579,"CURRENT_RATIO":3.780931885577,"COMMON_ACS":30000000000,"CURRENTDEBT_DEBT":65.156149506178,"ISSUED_COMMON_SHARES":6773522452,"HK_COMMON_SHARES":6773522452,"PER_SHARES":2000,"TOTAL_MARKET_CAP":1930453898.82,"HKSK_MARKET_CAP":1930453898.82,"PE_TTM":-7.341608380472,"PB_TTM":0.615204306189,"REPORT_DATE_SQ":"2023-06-30 00:00:00","REPORT_TYPE_SQ":"2023年中报","OPERATE_INCOME_SQ":845301689.34,"DPS_HKD":0.0012,"OPERATE_INCOME_QOQ_SQ":17.304976563968,"NET_PROFIT_RATIO_SQ":4.2191980437,"HOLDER_PROFIT_SQ":19417820.78,"HOLDER_PROFIT_QOQ_SQ":300.835857115341,"ROE_AVG_SQ":0.609209238541,"PE_TTM_SQ":32.392386132248,"PB_TTM_SQ":0.583789064469,"ROA_SQ":0.447237980041,"START_DATE":"2024-01-01 00:00:00","FISCAL_YEAR":"12-31","CURRENCY":"HKD","IS_CNY_CODE":0,"DPS_HKD_LY":0.0012,"ORG_TYPE":"一般企业","PREMIUM_INCOME":null,"PREMIUM_INCOME_YOY":null,"NET_INTEREST_INCOME":null,"NET_INTEREST_INCOME_YOY":null,"FEE_COMMISSION_INCOME":null,"FEE_COMMISSION_INCOME_YOY":null,"ACCOUNTS_RECE_TDAYS":1.822789049868,"INVENTORY_TDAYS":12.390527139875,"CURRENT_ASSETS_TDAYS":0.482223837347,"TOTAL_ASSETS_TDAYS":0.208352751226,"PREMIUM_EXPENSE":null,"LOAN_DEPOSIT":null,"LOAN_EQUITY":null,"LOAN_ASSETS":null,"DEPOSIT_EQUITY":null,"DEPOSIT_ASSETS":null,"EQUITY_MULTIPLIER":1.213060309669,"EQUITY_RATIO":0.239324811092},{"SECUCODE":"03886.HK","SECURITY_CODE":"03886","SECURITY_NAME_ABBR":"康健国际医疗","ORG_CODE":"10010737","STD_REPORT_DATE":"2023-12-31 00:00:00","REPORT_DATE":"2023-12-31 00:00:00","DATE_TYPE_CODE":"001","REPORT_TYPE":"2023年年报","PER_NETCASH_OPERATE":0.033116153864,"PER_OI":0.245239564515,"BPS":0.433759858803,"BASIC_EPS":-0.026008514,"DILUTED_EPS":-0.026008514,"OPERATE_INCOME":1661135696.36,"OPERATE_INCOME_YOY":19.3710519804,"GROSS_PROFIT":454875316.56,"GROSS_PROFIT_YOY":22.868814986403,"HOLDER_PROFIT":-175996986.2,"HOLDER_PROFIT_YOY":-1370.2596638106,"GROSS_PROFIT_RATIO":27.38339303386,"EPS_TTM":-0.025983081542,"OPERATE_INCOME_QOQ":3.236548913543,"NET_PROFIT_RATIO":-8.6789799229,"ROE_AVG":-5.768432526997,"GROSS_PROFIT_QOQ":5.073524639222,"ROA":-4.199023463808,"HOLDER_PROFIT_QOQ":-421.496934929815,"ROE_YEARLY":-5.768432526997,"ROIC_YEARLY":-6.344920820805,"TOTAL_ASSETS":4078502920.52,"TOTAL_LIABILITIES":799122920.4,"TAX_EBT":-31.627545237169,"OCF_SALES":13.503593487969,"TOTAL_PARENT_EQUITY":2938082142.38,"DEBT_ASSET_RATIO":19.5935355686,"OPERATE_PROFIT":138966118.34,"PRETAX_PROFIT":-109528467.86,"NETCASH_OPERATE":224313011.72,"NETCASH_INVEST":-18980777.9,"NETCASH_FINANCE":-136901749.18,"END_CASH":935290631.38,"DIVI_RATIO":-0.041852772475,"DIVIDEND_RATE":0.504201680672,"CURRENT_RATIO":3.250718145477,"COMMON_ACS":30000000000,"CURRENTDEBT_DEBT":67.743076818398,"ISSUED_COMMON_SHARES":6773522452,"HK_COMMON_SHARES":6773522452,"PER_SHARES":2000,"TOTAL_MARKET_CAP":1612098343.576,"HKSK_MARKET_CAP":1612098343.576,"PE_TTM":-6.130886998429,"PB_TTM":0.513749560958,"REPORT_DATE_SQ":"2022-12-31 00:00:00","REPORT_TYPE_SQ":"2022年年报","OPERATE_INCOME_SQ":1371687546.6,"DPS_HKD":0.0012,"OPERATE_INCOME_QOQ_SQ":12.394578277498,"NET_PROFIT_RATIO_SQ":3.2249703695,"HOLDER_PROFIT_SQ":13657205.03,"HOLDER_PROFIT_QOQ_SQ":265.31069124811,"ROE_AVG_SQ":0.416228189639,"PE_TTM_SQ":32.941409626015,"PB_TTM_SQ":0.593683794375,"ROA_SQ":0.322551041397,"START_DATE":"2023-01-01 00:00:00","FISCAL_YEAR":"12-31","CURRENCY":"HKD","IS_CNY_CODE":0,"DPS_HKD_LY":0.0012,"ORG_TYPE":"一般企业","PREMIUM_INCOME":null,"PREMIUM_INCOME_YOY":null,"NET_INTEREST_INCOME":null,"NET_INTEREST_INCOME_YOY":null,"FEE_COMMISSION_INCOME":null,"FEE_COMMISSION_INCOME_YOY":null,"ACCOUNTS_RECE_TDAYS":3.591709651662,"INVENTORY_TDAYS":24.246381959434,"CURRENT_ASSETS_TDAYS":0.94737182126,"TOTAL_ASSETS_TDAYS":0.396322000518,"PREMIUM_EXPENSE":null,"LOAN_DEPOSIT":null,"LOAN_EQUITY":null,"LOAN_ASSETS":null,"DEPOSIT_EQUITY":null,"DEPOSIT_ASSETS":null,"EQUITY_MULTIPLIER":1.243681098369,"EQUITY_RATIO":0.271987943725},{"SECUCODE":"03886.HK","SECURITY_CODE":"03886","SECURITY_NAME_ABBR":"康健国际医疗","ORG_CODE":"10010737","STD_REPORT_DATE":"2023-06-30 00:00:00","REPORT_DATE":"2023-06-30 00:00:00","DATE_TYPE_CODE":"002","REPORT_TYPE":"2023年中报","PER_NETCASH_OPERATE":0.010440587511,"PER_OI":0.124794993348,"BPS":0.465894475512,"BASIC_EPS":0.002858138,"DILUTED_EPS":0.002858138,"OPERATE_INCOME":845301689.34,"OPERATE_INCOME_YOY":28.9728263698,"GROSS_PROFIT":223545114.76,"GROSS_PROFIT_YOY":38.980968985497,"HOLDER_PROFIT":19417820.78,"HOLDER_PROFIT_YOY":183.1234952836,"GROSS_PROFIT_RATIO":26.445601325432,"EPS_TTM":0.008081906457,"OPERATE_INCOME_QOQ":17.304976563968,"NET_PROFIT_RATIO":4.2191980437,"ROE_AVG":0.609209238541,"GROSS_PROFIT_QOQ":16.936036369087,"ROA":0.447237980041,"HOLDER_PROFIT_QOQ":300.835857115341,"ROE_YEARLY":1.218418477081,"ROIC_YEARLY":1.323388492848,"TOTAL_ASSETS":4304330012.56,"TOTAL_LIABILITIES":812891326.4,"TAX_EBT":33.419965576592,"OCF_SALES":8.366191007523,"TOTAL_PARENT_EQUITY":3155746690.14,"DEBT_ASSET_RATIO":18.885432205,"OPERATE_PROFIT":63477401.02,"PRETAX_PROFIT":53567038,"NETCASH_OPERATE":70719553.92,"NETCASH_INVEST":50773438.6,"NETCASH_FINANCE":-88887169.82,"END_CASH":909063060.2,"DIVI_RATIO":0.134555380691,"DIVIDEND_RATE":0.504201680672,"CURRENT_RATIO":3.236485655738,"COMMON_ACS":30000000000,"CURRENTDEBT_DEBT":66.418655294438,"ISSUED_COMMON_SHARES":6773522452,"HK_COMMON_SHARES":6773522452,"PER_SHARES":2000,"TOTAL_MARKET_CAP":1612098343.576,"HKSK_MARKET_CAP":1612098343.576,"PE_TTM":-6.130886998429,"PB_TTM":0.513749560958,"REPORT_DATE_SQ":"2022-06-30 00:00:00","REPORT_TYPE_SQ":"2022年中报","OPERATE_INCOME_SQ":607931480.87,"DPS_HKD":0.0012,"OPERATE_INCOME_QOQ_SQ":0.592744521813,"NET_PROFIT_RATIO_SQ":-0.9599464321,"HOLDER_PROFIT_SQ":-21667949.03,"HOLDER_PROFIT_QOQ_SQ":-145.902968418057,"ROE_AVG_SQ":-0.664281803143,"PE_TTM_SQ":32.941409626015,"PB_TTM_SQ":0.593683794375,"ROA_SQ":-0.541277163731,"START_DATE":"2023-01-01 00:00:00","FISCAL_YEAR":"12-31","CURRENCY":"HKD","IS_CNY_CODE":0,"DPS_HKD_LY":0.0012,"ORG_TYPE":"一般企业","PREMIUM_INCOME":null,"PREMIUM_INCOME_YOY":null,"NET_INTEREST_INCOME":null,"NET_INTEREST_INCOME_YOY":null,"FEE_COMMISSION_INCOME":null,"FEE_COMMISSION_INCOME_YOY":null,"ACCOUNTS_RECE_TDAYS":1.76176993089,"INVENTORY_TDAYS":11.683792891361,"CURRENT_ASSETS_TDAYS":0.479624161453,"TOTAL_ASSETS_TDAYS":0.19469281561,"PREMIUM_EXPENSE":null,"LOAN_DEPOSIT":null,"LOAN_EQUITY":null,"LOAN_ASSETS":null,"DEPOSIT_EQUITY":null,"DEPOSIT_ASSETS":null,"EQUITY_MULTIPLIER":1.232824173492,"EQUITY_RATIO":0.257590803768},{"SECUCODE":"03886.HK","SECURITY_CODE":"03886","SECURITY_NAME_ABBR":"康健国际医疗","ORG_CODE":"10010737","STD_REPORT_DATE":"2022-12-31 00:00:00","REPORT_DATE":"2022-12-31 00:00:00","DATE_TYPE_CODE":"001","REPORT_TYPE":"2022年年报","PER_NETCASH_OPERATE":0.004146108521,"PER_OI":0.200645467306,"BPS":0.460436529505,"BASIC_EPS":0.001875867,"DILUTED_EPS":0.001875867,"OPERATE_INCOME":1371687546.6,"OPERATE_INCOME_YOY":3.4832723675,"GROSS_PROFIT":370212178.42,"GROSS_PROFIT_YOY":-3.916609896799,"HOLDER_PROFIT":13657205.03,"HOLDER_PROFIT_YOY":-30.5455866988,"GROSS_PROFIT_RATIO":26.989541411063,"EPS_TTM":0.001997726299,"OPERATE_INCOME_QOQ":12.394578277498,"NET_PROFIT_RATIO":3.2249703695,"ROE_AVG":0.416228189639,"GROSS_PROFIT_QOQ":7.125421691521,"ROA":0.322551041397,"HOLDER_PROFIT_QOQ":265.31069124811,"ROE_YEARLY":0.416228189639,"ROIC_YEARLY":0.5405916666,"TOTAL_ASSETS":4242746653.6,"TOTAL_LIABILITIES":800450314.3,"TAX_EBT":39.975516041841,"OCF_SALES":2.066385339741,"TOTAL_PARENT_EQUITY":3118777170.32,"DEBT_ASSET_RATIO":18.866323626,"OPERATE_PROFIT":58818256.42,"PRETAX_PROFIT":73697454.81,"NETCASH_OPERATE":38428475.4,"NETCASH_INVEST":525039987.71,"NETCASH_FINANCE":-473200849.8,"END_CASH":868203950.53,"DIVI_RATIO":0.544350845633,"DIVIDEND_RATE":0.504201680672,"CURRENT_RATIO":3.900001820687,"COMMON_ACS":30000000000,"CURRENTDEBT_DEBT":55.163990224196,"ISSUED_COMMON_SHARES":6773522452,"HK_COMMON_SHARES":6773522452,"PER_SHARES":2000,"TOTAL_MARKET_CAP":1612098343.576,"HKSK_MARKET_CAP":1612098343.576,"PE_TTM":-6.130886998429,"PB_TTM":0.513749560958,"REPORT_DATE_SQ":"2021-12-31 00:00:00","REPORT_TYPE_SQ":"2021年年报","OPERATE_INCOME_SQ":1213230099.2,"DPS_HKD":0.0012,"OPERATE_INCOME_QOQ_SQ":10.175827706619,"NET_PROFIT_RATIO_SQ":5.0591282924,"HOLDER_PROFIT_SQ":17997828.8,"HOLDER_PROFIT_QOQ_SQ":112.318229058017,"ROE_AVG_SQ":0.574338374612,"PE_TTM_SQ":32.941409626015,"PB_TTM_SQ":0.593683794375,"ROA_SQ":0.472736577405,"START_DATE":"2022-01-01 00:00:00","FISCAL_YEAR":"12-31","CURRENCY":"HKD","IS_CNY_CODE":0,"DPS_HKD_LY":0.0015,"ORG_TYPE":"一般企业","PREMIUM_INCOME":null,"PREMIUM_INCOME_YOY":null,"NET_INTEREST_INCOME":null,"NET_INTEREST_INCOME_YOY":null,"FEE_COMMISSION_INCOME":null,"FEE_COMMISSION_INCOME_YOY":null,"ACCOUNTS_RECE_TDAYS":3.225280005041,"INVENTORY_TDAYS":23.362799033092,"CURRENT_ASSETS_TDAYS":0.713377654441,"TOTAL_ASSETS_TDAYS":0.323960316665,"PREMIUM_EXPENSE":null,"LOAN_DEPOSIT":null,"LOAN_EQUITY":null,"LOAN_ASSETS":null,"DEPOSIT_EQUITY":null,"DEPOSIT_ASSETS":null,"EQUITY_MULTIPLIER":1.232533819114,"EQUITY_RATIO":0.256655179446},{"SECUCODE":"03886.HK","SECURITY_CODE":"03886","SECURITY_NAME_ABBR":"康健国际医疗","ORG_CODE":"10010737","STD_REPORT_DATE":"2022-06-30 00:00:00","REPORT_DATE":"2022-06-30 00:00:00","DATE_TYPE_CODE":"002","REPORT_TYPE":"2022年中报","PER_NETCASH_OPERATE":0.001325145843,"PER_OI":0.080776059044,"BPS":0.476404209202,"BASIC_EPS":-0.002907646,"DILUTED_EPS":-0.002907646,"OPERATE_INCOME":607931480.87,"OPERATE_INCOME_YOY":-1.5375899963,"GROSS_PROFIT":160845845.58,"GROSS_PROFIT_YOY":-19.802126429747,"HOLDER_PROFIT":-21667949.03,"HOLDER_PROFIT_YOY":-559.1699891265,"GROSS_PROFIT_RATIO":26.457890509275,"EPS_TTM":-0.001097713271,"OPERATE_INCOME_QOQ":0.592744521813,"NET_PROFIT_RATIO":-0.9599464321,"ROE_AVG":-0.664281803143,"GROSS_PROFIT_QOQ":-10.307573509598,"ROA":-0.541277163731,"HOLDER_PROFIT_QOQ":-145.902968418057,"ROE_YEARLY":-1.328563606287,"ROIC_YEARLY":-2.064957278889,"TOTAL_ASSETS":3960865506.78,"TOTAL_LIABILITIES":420398576.15,"TAX_EBT":175.637330968743,"OCF_SALES":1.640518067222,"TOTAL_PARENT_EQUITY":3226934607.26,"DEBT_ASSET_RATIO":10.6138058823,"OPERATE_PROFIT":21045370.71,"PRETAX_PROFIT":7715524.18,"NETCASH_OPERATE":9973225.78,"NETCASH_INVEST":478939752.41,"NETCASH_FINANCE":-35503212.85,"END_CASH":1214273163.53,"DIVI_RATIO":-0.99066307056,"DIVIDEND_RATE":0.504201680672,"CURRENT_RATIO":5.459020285358,"COMMON_ACS":30000000000,"CURRENTDEBT_DEBT":86.542510450889,"ISSUED_COMMON_SHARES":6773522452,"HK_COMMON_SHARES":6773522452,"PER_SHARES":2000,"TOTAL_MARKET_CAP":1612098343.576,"HKSK_MARKET_CAP":1612098343.576,"PE_TTM":-6.130886998429,"PB_TTM":0.513749560958,"REPORT_DATE_SQ":"2021-06-30 00:00:00","REPORT_TYPE_SQ":"2021年中报","OPERATE_INCOME_SQ":600740125.92,"DPS_HKD":0.0012,"OPERATE_INCOME_QOQ_SQ":22.38677758105,"NET_PROFIT_RATIO_SQ":3.4177131032,"HOLDER_PROFIT_SQ":4591417.44,"HOLDER_PROFIT_QOQ_SQ":38.229598105275,"ROE_AVG_SQ":0.144698085661,"PE_TTM_SQ":32.941409626015,"PB_TTM_SQ":0.593683794375,"ROA_SQ":0.119772787679,"START_DATE":"2022-01-01 00:00:00","FISCAL_YEAR":"12-31","CURRENCY":"HKD","IS_CNY_CODE":0,"DPS_HKD_LY":0.0015,"ORG_TYPE":"一般企业","PREMIUM_INCOME":null,"PREMIUM_INCOME_YOY":null,"NET_INTEREST_INCOME":null,"NET_INTEREST_INCOME_YOY":null,"FEE_COMMISSION_INCOME":null,"FEE_COMMISSION_INCOME_YOY":null,"ACCOUNTS_RECE_TDAYS":1.594749174721,"INVENTORY_TDAYS":12.520590595026,"CURRENT_ASSETS_TDAYS":0.302519552915,"TOTAL_ASSETS_TDAYS":0.151864593761,"PREMIUM_EXPENSE":null,"LOAN_DEPOSIT":null,"LOAN_EQUITY":null,"LOAN_ASSETS":null,"DEPOSIT_EQUITY":null,"DEPOSIT_ASSETS":null,"EQUITY_MULTIPLIER":1.118740997836,"EQUITY_RATIO":0.130277996711},{"SECUCODE":"03886.HK","SECURITY_CODE":"03886","SECURITY_NAME_ABBR":"康健国际医疗","ORG_CODE":"10010737","STD_REPORT_DATE":"2021-12-31 00:00:00","REPORT_DATE":"2021-12-31 00:00:00","DATE_TYPE_CODE":"001","REPORT_TYPE":"2021年年报","PER_NETCASH_OPERATE":0.018571116539,"PER_OI":0.161202288763,"BPS":0.465323122251,"BASIC_EPS":0.00237104,"DILUTED_EPS":0.00237104,"OPERATE_INCOME":1213230099.2,"OPERATE_INCOME_YOY":38.805382374,"GROSS_PROFIT":385302993.6,"GROSS_PROFIT_YOY":60.868732705159,"HOLDER_PROFIT":17997828.8,"HOLDER_PROFIT_YOY":107.8327485963,"GROSS_PROFIT_RATIO":31.758443336847,"EPS_TTM":0.002391377528,"OPERATE_INCOME_QOQ":10.175827706619,"NET_PROFIT_RATIO":5.0591282924,"ROE_AVG":0.574338374612,"GROSS_PROFIT_QOQ":16.743889837957,"ROA":0.472736577405,"HOLDER_PROFIT_QOQ":112.318229058017,"ROE_YEARLY":0.574338374612,"ROIC_YEARLY":0.895186739541,"TOTAL_ASSETS":3867550512,"TOTAL_LIABILITIES":412835673.6,"TAX_EBT":40.658298289436,"OCF_SALES":11.520380189394,"TOTAL_PARENT_EQUITY":3151876616,"DEBT_ASSET_RATIO":10.674344713,"OPERATE_PROFIT":156231913.6,"PRETAX_PROFIT":103432940.8,"NETCASH_OPERATE":139768720,"NETCASH_INVEST":-213939756.8,"NETCASH_FINANCE":-74240532.8,"END_CASH":744390460.8,"DIVI_RATIO":0.454743756409,"DIVIDEND_RATE":0.504201680672,"CURRENT_RATIO":5.640181738377,"COMMON_ACS":30000000000,"CURRENTDEBT_DEBT":83.472954988355,"ISSUED_COMMON_SHARES":6773522452,"HK_COMMON_SHARES":6773522452,"PER_SHARES":2000,"TOTAL_MARKET_CAP":1612098343.576,"HKSK_MARKET_CAP":1612098343.576,"PE_TTM":-6.130886998429,"PB_TTM":0.513749560958,"REPORT_DATE_SQ":"2020-12-31 00:00:00","REPORT_TYPE_SQ":"2020年年报","OPERATE_INCOME_SQ":899751033.8,"DPS_HKD":0.0012,"OPERATE_INCOME_QOQ_SQ":0.410569215929,"NET_PROFIT_RATIO_SQ":-24.1757830587,"HOLDER_PROFIT_SQ":-236532822.32,"HOLDER_PROFIT_QOQ_SQ":-123.521520989561,"ROE_AVG_SQ":-7.182136327649,"PE_TTM_SQ":32.941409626015,"PB_TTM_SQ":0.593683794375,"ROA_SQ":-6.030075494491,"START_DATE":"2021-01-01 00:00:00","FISCAL_YEAR":"12-31","CURRENCY":"HKD","IS_CNY_CODE":0,"DPS_HKD_LY":null,"ORG_TYPE":"一般企业","PREMIUM_INCOME":null,"PREMIUM_INCOME_YOY":null,"NET_INTEREST_INCOME":null,"NET_INTEREST_INCOME_YOY":null,"FEE_COMMISSION_INCOME":null,"FEE_COMMISSION_INCOME_YOY":null,"ACCOUNTS_RECE_TDAYS":3.423724863843,"INVENTORY_TDAYS":27.667513661202,"CURRENT_ASSETS_TDAYS":0.636346658347,"TOTAL_ASSETS_TDAYS":0.318670796947,"PREMIUM_EXPENSE":null,"LOAN_DEPOSIT":null,"LOAN_EQUITY":null,"LOAN_ASSETS":null,"DEPOSIT_EQUITY":null,"DEPOSIT_ASSETS":null,"EQUITY_MULTIPLIER":1.119499204106,"EQUITY_RATIO":0.130980911976},{"SECUCODE":"03886.HK","SECURITY_CODE":"03886","SECURITY_NAME_ABBR":"康健国际医疗","ORG_CODE":"10010737","STD_REPORT_DATE":"2021-06-30 00:00:00","REPORT_DATE":"2021-06-30 00:00:00","DATE_TYPE_CODE":"002","REPORT_TYPE":"2021年中报","PER_NETCASH_OPERATE":0.003798688012,"PER_OI":0.079820541309,"BPS":0.468822304085,"BASIC_EPS":0.000582456,"DILUTED_EPS":0.000582456,"OPERATE_INCOME":600740125.92,"OPERATE_INCOME_YOY":65.1528634009,"GROSS_PROFIT":200561234.88,"GROSS_PROFIT_YOY":82.272229251644,"HOLDER_PROFIT":4591417.44,"HOLDER_PROFIT_YOY":105.8722118168,"GROSS_PROFIT_RATIO":33.385689789383,"EPS_TTM":-0.019413322455,"OPERATE_INCOME_QOQ":22.38677758105,"NET_PROFIT_RATIO":3.4177131032,"ROE_AVG":0.144698085661,"GROSS_PROFIT_QOQ":37.79627604361,"ROA":0.119772787679,"HOLDER_PROFIT_QOQ":38.229598105275,"ROE_YEARLY":0.289396171322,"ROIC_YEARLY":0.447131175022,"TOTAL_ASSETS":3853756885.92,"TOTAL_LIABILITIES":396769859.28,"TAX_EBT":51.918392797989,"OCF_SALES":4.759035643943,"TOTAL_PARENT_EQUITY":3175578402.72,"DEBT_ASSET_RATIO":10.2956639722,"OPERATE_PROFIT":35627169.36,"PRETAX_PROFIT":42701513.52,"NETCASH_OPERATE":28589436.72,"NETCASH_INVEST":74831450.64,"NETCASH_FINANCE":-34493044.32,"END_CASH":967016749.44,"DIVI_RATIO":-0.056016377541,"DIVIDEND_RATE":0.504201680672,"CURRENT_RATIO":5.822474372251,"COMMON_ACS":30000000000,"CURRENTDEBT_DEBT":83.835492333923,"ISSUED_COMMON_SHARES":6773522452,"HK_COMMON_SHARES":6773522452,"PER_SHARES":2000,"TOTAL_MARKET_CAP":1612098343.576,"HKSK_MARKET_CAP":1612098343.576,"PE_TTM":-6.130886998429,"PB_TTM":0.513749560958,"REPORT_DATE_SQ":"2020-06-30 00:00:00","REPORT_TYPE_SQ":"2020年中报","OPERATE_INCOME_SQ":399314863.2,"DPS_HKD":0.0012,"OPERATE_INCOME_QOQ_SQ":-11.391827394389,"NET_PROFIT_RATIO_SQ":-20.0528416694,"HOLDER_PROFIT_SQ":-85834129.92,"HOLDER_PROFIT_QOQ_SQ":-1304.00353217352,"ROE_AVG_SQ":-2.378454695447,"PE_TTM_SQ":32.941409626015,"PB_TTM_SQ":0.593683794375,"ROA_SQ":-2.013866765423,"START_DATE":"2021-01-01 00:00:00","FISCAL_YEAR":"12-31","CURRENCY":"HKD","IS_CNY_CODE":0,"DPS_HKD_LY":null,"ORG_TYPE":"一般企业","PREMIUM_INCOME":null,"PREMIUM_INCOME_YOY":null,"NET_INTEREST_INCOME":null,"NET_INTEREST_INCOME_YOY":null,"FEE_COMMISSION_INCOME":null,"FEE_COMMISSION_INCOME_YOY":null,"ACCOUNTS_RECE_TDAYS":1.607390701288,"INVENTORY_TDAYS":14.026627779803,"CURRENT_ASSETS_TDAYS":0.312939992896,"TOTAL_ASSETS_TDAYS":0.156710472294,"PREMIUM_EXPENSE":null,"LOAN_DEPOSIT":null,"LOAN_EQUITY":null,"LOAN_ASSETS":null,"DEPOSIT_EQUITY":null,"DEPOSIT_ASSETS":null,"EQUITY_MULTIPLIER":1.114773314514,"EQUITY_RATIO":0.124944123231},{"SECUCODE":"03886.HK","SECURITY_CODE":"03886","SECURITY_NAME_ABBR":"康健国际医疗","ORG_CODE":"10010737","STD_REPORT_DATE":"2020-12-31 00:00:00","REPORT_DATE":"2020-12-31 00:00:00","DATE_TYPE_CODE":"001","REPORT_TYPE":"2020年年报","PER_NETCASH_OPERATE":0.004367369301,"PER_OI":0.119550220573,"BPS":0.473469048278,"BASIC_EPS":-0.031393172,"DILUTED_EPS":-0.031393172,"OPERATE_INCOME":899751033.8,"OPERATE_INCOME_YOY":-5.3047482045,"GROSS_PROFIT":239513911.2,"GROSS_PROFIT_YOY":-28.956997894368,"HOLDER_PROFIT":-236532822.32,"HOLDER_PROFIT_YOY":-3240.1236035179,"GROSS_PROFIT_RATIO":26.620020672656,"EPS_TTM":-0.031428195155,"OPERATE_INCOME_QOQ":0.410569215929,"NET_PROFIT_RATIO":-24.1757830587,"ROE_AVG":-7.182136327649,"GROSS_PROFIT_QOQ":-9.54324341557,"ROA":-6.030075494491,"HOLDER_PROFIT_QOQ":-123.521520989561,"ROE_YEARLY":-7.182136327649,"ROIC_YEARLY":-11.10696577383,"TOTAL_ASSETS":3856932287.96,"TOTAL_LIABILITIES":384214551.48,"TAX_EBT":-10.991818943119,"OCF_SALES":3.653167079028,"TOTAL_PARENT_EQUITY":3207053228.84,"DEBT_ASSET_RATIO":9.9616618285,"OPERATE_PROFIT":-20253224.96,"PRETAX_PROFIT":-195980082.2,"NETCASH_OPERATE":25925036.92,"NETCASH_INVEST":-625223215.32,"NETCASH_FINANCE":-71902988.48,"END_CASH":901257569.4,"DIVI_RATIO":-0.034601541534,"DIVIDEND_RATE":0.504201680672,"CURRENT_RATIO":6.344748072878,"COMMON_ACS":30000000000,"CURRENTDEBT_DEBT":78.943367790636,"ISSUED_COMMON_SHARES":6773522452,"HK_COMMON_SHARES":6773522452,"PER_SHARES":2000,"TOTAL_MARKET_CAP":1612098343.576,"HKSK_MARKET_CAP":1612098343.576,"PE_TTM":-6.130886998429,"PB_TTM":0.513749560958,"REPORT_DATE_SQ":"2019-12-31 00:00:00","REPORT_TYPE_SQ":"2019年年报","OPERATE_INCOME_SQ":1011274706.96,"DPS_HKD":0.0012,"OPERATE_INCOME_QOQ_SQ":-3.78423334172,"NET_PROFIT_RATIO_SQ":0.9317655979,"HOLDER_PROFIT_SQ":-7537092.92,"HOLDER_PROFIT_QOQ_SQ":-137.773152934788,"ROE_AVG_SQ":-0.208091736453,"PE_TTM_SQ":32.941409626015,"PB_TTM_SQ":0.593683794375,"ROA_SQ":-0.179563041214,"START_DATE":"2020-01-01 00:00:00","FISCAL_YEAR":"12-31","CURRENCY":"HKD","IS_CNY_CODE":0,"DPS_HKD_LY":null,"ORG_TYPE":"一般企业","PREMIUM_INCOME":null,"PREMIUM_INCOME_YOY":null,"NET_INTEREST_INCOME":null,"NET_INTEREST_INCOME_YOY":null,"FEE_COMMISSION_INCOME":null,"FEE_COMMISSION_INCOME_YOY":null,"ACCOUNTS_RECE_TDAYS":2.205517067797,"INVENTORY_TDAYS":26.542098763344,"CURRENT_ASSETS_TDAYS":0.450446445689,"TOTAL_ASSETS_TDAYS":0.229379018389,"PREMIUM_EXPENSE":null,"LOAN_DEPOSIT":null,"LOAN_EQUITY":null,"LOAN_ASSETS":null,"DEPOSIT_EQUITY":null,"DEPOSIT_ASSETS":null,"EQUITY_MULTIPLIER":1.110638001887,"EQUITY_RATIO":0.119802985502},{"SECUCODE":"03886.HK","SECURITY_CODE":"03886","SECURITY_NAME_ABBR":"康健国际医疗","ORG_CODE":"10010737","STD_REPORT_DATE":"2020-06-30 00:00:00","REPORT_DATE":"2020-06-30 00:00:00","DATE_TYPE_CODE":"002","REPORT_TYPE":"2020年中报","PER_NETCASH_OPERATE":0.001082854915,"PER_OI":0.053057099331,"BPS":0.524051878607,"BASIC_EPS":-0.011418,"DILUTED_EPS":-0.011418,"OPERATE_INCOME":399314863.2,"OPERATE_INCOME_YOY":-25.2605123909,"GROSS_PROFIT":110033895.84,"GROSS_PROFIT_YOY":-39.671245088274,"HOLDER_PROFIT":-85834129.92,"HOLDER_PROFIT_YOY":-763.9440401328,"GROSS_PROFIT_RATIO":27.55567247315,"EPS_TTM":-0.01406047839,"OPERATE_INCOME_QOQ":-11.391827394389,"NET_PROFIT_RATIO":-20.0528416694,"ROE_AVG":-2.378454695447,"GROSS_PROFIT_QOQ":-21.46191750826,"ROA":-2.013866765423,"HOLDER_PROFIT_QOQ":-1304.00353217352,"ROE_YEARLY":-4.756909390894,"ROIC_YEARLY":-7.381223940905,"TOTAL_ASSETS":4195910389.44,"TOTAL_LIABILITIES":383677683.84,"TAX_EBT":-12.615297654223,"OCF_SALES":2.040923699832,"TOTAL_PARENT_EQUITY":3549677165.76,"DEBT_ASSET_RATIO":9.1440866994,"OPERATE_PROFIT":-58968946.08,"PRETAX_PROFIT":-71103996.48,"NETCASH_OPERATE":8149711.68,"NETCASH_INVEST":-137920305.6,"NETCASH_FINANCE":-39642382.56,"END_CASH":1503813627.36,"DIVI_RATIO":-0.077341891923,"DIVIDEND_RATE":0.504201680672,"CURRENT_RATIO":7.863891110288,"COMMON_ACS":30000000000,"CURRENTDEBT_DEBT":73.235151272748,"ISSUED_COMMON_SHARES":6773522452,"HK_COMMON_SHARES":6773522452,"PER_SHARES":2000,"TOTAL_MARKET_CAP":1612098343.576,"HKSK_MARKET_CAP":1612098343.576,"PE_TTM":-6.130886998429,"PB_TTM":0.513749560958,"REPORT_DATE_SQ":"2019-06-30 00:00:00","REPORT_TYPE_SQ":"2019年中报","OPERATE_INCOME_SQ":514517532.3,"DPS_HKD":0.0012,"OPERATE_INCOME_QOQ_SQ":6.937245596111,"NET_PROFIT_RATIO_SQ":4.6057052,"HOLDER_PROFIT_SQ":12449827.98,"HOLDER_PROFIT_QOQ_SQ":-64.425204022114,"ROE_AVG_SQ":0.348474093181,"PE_TTM_SQ":32.941409626015,"PB_TTM_SQ":0.593683794375,"ROA_SQ":0.300530435263,"START_DATE":"2020-01-01 00:00:00","FISCAL_YEAR":"12-31","CURRENCY":"HKD","IS_CNY_CODE":0,"DPS_HKD_LY":null,"ORG_TYPE":"一般企业","PREMIUM_INCOME":null,"PREMIUM_INCOME_YOY":null,"NET_INTEREST_INCOME":null,"NET_INTEREST_INCOME_YOY":null,"FEE_COMMISSION_INCOME":null,"FEE_COMMISSION_INCOME_YOY":null,"ACCOUNTS_RECE_TDAYS":0.812611648013,"INVENTORY_TDAYS":11.962679660793,"CURRENT_ASSETS_TDAYS":0.179194492768,"TOTAL_ASSETS_TDAYS":0.093688481806,"PREMIUM_EXPENSE":null,"LOAN_DEPOSIT":null,"LOAN_EQUITY":null,"LOAN_ASSETS":null,"DEPOSIT_EQUITY":null,"DEPOSIT_ASSETS":null,"EQUITY_MULTIPLIER":1.100643825671,"EQUITY_RATIO":0.108088050243}],"count":57},"success":true,"message":"ok","code":0}