{"version":"5fc62067a9d45f6f7da1cb6d74532aac","result":{"pages":2,"data":[{"SECUCODE":"03896.HK","SECURITY_CODE":"03896","SECURITY_NAME_ABBR":"金山云","ORG_CODE":"10000086372","STD_REPORT_DATE":"2024-09-30 00:00:00","REPORT_DATE":"2024-09-30 00:00:00","DATE_TYPE_CODE":"004","REPORT_TYPE":"2024年三季报","PER_NETCASH_OPERATE":0.015293730442,"PER_OI":1.459296291973,"BPS":1.374457175617,"BASIC_EPS":-0.49,"DILUTED_EPS":-0.49,"OPERATE_INCOME":5553038000,"OPERATE_INCOME_YOY":4.2821883373,"GROSS_PROFIT":914954000,"GROSS_PROFIT_YOY":53.250668725745,"HOLDER_PROFIT":-1769721000,"HOLDER_PROFIT_YOY":6.4724404289,"GROSS_PROFIT_RATIO":16.476638553527,"EPS_TTM":-0.539741203986,"OPERATE_INCOME_QOQ":3.711496393078,"NET_PROFIT_RATIO":-32.025712772,"ROE_AVG":-29.202466297805,"GROSS_PROFIT_QOQ":10.095779554336,"ROA":-11.141931488228,"HOLDER_PROFIT_QOQ":-15.218055944346,"ROE_YEARLY":-38.936621730407,"ROIC_YEARLY":-13.014118021582,"TOTAL_ASSETS":16696584000,"TOTAL_LIABILITIES":11125436000,"TAX_EBT":-0.122845281379,"OCF_SALES":1.048020921161,"TOTAL_PARENT_EQUITY":5230201000,"DEBT_ASSET_RATIO":66.633007087,"OPERATE_PROFIT":-1695499000,"PRETAX_PROFIT":-1776218000,"NETCASH_OPERATE":58197000,"NETCASH_INVEST":-2282467000,"NETCASH_FINANCE":1452656000,"END_CASH":1710389000,"DIVI_RATIO":null,"DIVIDEND_RATE":null,"CURRENT_RATIO":0.666622728196,"COMMON_ACS":40000000000,"CURRENTDEBT_DEBT":81.554502672974,"ISSUED_COMMON_SHARES":3805284801,"HK_COMMON_SHARES":3805284801,"PER_SHARES":2000,"TOTAL_MARKET_CAP":39498856234.38,"HKSK_MARKET_CAP":39498856234.38,"PE_TTM":-17.158724530845,"PB_TTM":6.810383303357,"REPORT_DATE_SQ":"2023-09-30 00:00:00","REPORT_TYPE_SQ":"2023年三季报","OPERATE_INCOME_SQ":5325011000,"DPS_HKD":null,"OPERATE_INCOME_QOQ_SQ":-4.405083181798,"NET_PROFIT_RATIO_SQ":-35.6207902669,"HOLDER_PROFIT_SQ":-1892192000,"HOLDER_PROFIT_QOQ_SQ":0.299011199321,"ROE_AVG_SQ":-23.744779062944,"PE_TTM_SQ":-2.044592697148,"PB_TTM_SQ":0.699667045572,"ROA_SQ":-12.04197526268,"START_DATE":"2024-01-01 00:00:00","FISCAL_YEAR":"12-31","CURRENCY":"HKD","IS_CNY_CODE":0,"DPS_HKD_LY":null,"ORG_TYPE":"一般企业","PREMIUM_INCOME":null,"PREMIUM_INCOME_YOY":null,"NET_INTEREST_INCOME":null,"NET_INTEREST_INCOME_YOY":null,"FEE_COMMISSION_INCOME":null,"FEE_COMMISSION_INCOME_YOY":null,"ACCOUNTS_RECE_TDAYS":3.404914742818,"INVENTORY_TDAYS":null,"CURRENT_ASSETS_TDAYS":0.914337096146,"TOTAL_ASSETS_TDAYS":0.349611995041,"PREMIUM_EXPENSE":null,"LOAN_DEPOSIT":null,"LOAN_EQUITY":null,"LOAN_ASSETS":null,"DEPOSIT_EQUITY":null,"DEPOSIT_ASSETS":null,"EQUITY_MULTIPLIER":2.996973693756,"EQUITY_RATIO":2.127152665834},{"SECUCODE":"03896.HK","SECURITY_CODE":"03896","SECURITY_NAME_ABBR":"金山云","ORG_CODE":"10000086372","STD_REPORT_DATE":"2024-06-30 00:00:00","REPORT_DATE":"2024-06-30 00:00:00","DATE_TYPE_CODE":"002","REPORT_TYPE":"2024年中报","PER_NETCASH_OPERATE":-0.044718597661,"PER_OI":0.963781738238,"BPS":1.670555380856,"BASIC_EPS":-0.2,"DILUTED_EPS":-0.2,"OPERATE_INCOME":3667464000,"OPERATE_INCOME_YOY":-0.8740735655,"GROSS_PROFIT":611600000,"GROSS_PROFIT_YOY":52.59823698636,"HOLDER_PROFIT":-712586000,"HOLDER_PROFIT_YOY":35.5902788763,"GROSS_PROFIT_RATIO":16.676373646749,"EPS_TTM":-0.468451927575,"OPERATE_INCOME_QOQ":0.810160452783,"NET_PROFIT_RATIO":-19.5594012647,"ROE_AVG":-10.758377065576,"GROSS_PROFIT_QOQ":11.77166503202,"ROA":-4.519873276146,"HOLDER_PROFIT_QOQ":7.578384476675,"ROE_YEARLY":-21.516754131152,"ROIC_YEARLY":-10.66043524109,"TOTAL_ASSETS":16460960000,"TOTAL_LIABILITIES":9759174000,"TAX_EBT":1.168343404784,"OCF_SALES":-4.639909212469,"TOTAL_PARENT_EQUITY":6356939000,"DEBT_ASSET_RATIO":59.2867852179,"OPERATE_PROFIT":-551726000,"PRETAX_PROFIT":-725814000,"NETCASH_OPERATE":-170167000,"NETCASH_INVEST":-1823846000,"NETCASH_FINANCE":1636046000,"END_CASH":2096404000,"DIVI_RATIO":null,"DIVIDEND_RATE":null,"CURRENT_RATIO":0.842113211602,"COMMON_ACS":40000000000,"CURRENTDEBT_DEBT":76.670740781956,"ISSUED_COMMON_SHARES":3805284801,"HK_COMMON_SHARES":3805284801,"PER_SHARES":2000,"TOTAL_MARKET_CAP":18303419892.81,"HKSK_MARKET_CAP":18303419892.81,"PE_TTM":-7.951200866413,"PB_TTM":3.155871260997,"REPORT_DATE_SQ":"2023-06-30 00:00:00","REPORT_TYPE_SQ":"2023年中报","OPERATE_INCOME_SQ":3699803000,"DPS_HKD":null,"OPERATE_INCOME_QOQ_SQ":-0.903287103634,"NET_PROFIT_RATIO_SQ":-29.9230256314,"HOLDER_PROFIT_SQ":-1106333000,"HOLDER_PROFIT_QOQ_SQ":11.196925576427,"ROE_AVG_SQ":-13.222574419283,"PE_TTM_SQ":-3.131229375353,"PB_TTM_SQ":1.071518062799,"ROA_SQ":-6.614825274838,"START_DATE":"2024-01-01 00:00:00","FISCAL_YEAR":"12-31","CURRENCY":"HKD","IS_CNY_CODE":0,"DPS_HKD_LY":null,"ORG_TYPE":"一般企业","PREMIUM_INCOME":null,"PREMIUM_INCOME_YOY":null,"NET_INTEREST_INCOME":null,"NET_INTEREST_INCOME_YOY":null,"FEE_COMMISSION_INCOME":null,"FEE_COMMISSION_INCOME_YOY":null,"ACCOUNTS_RECE_TDAYS":2.284398046641,"INVENTORY_TDAYS":null,"CURRENT_ASSETS_TDAYS":0.591565666692,"TOTAL_ASSETS_TDAYS":0.232624167817,"PREMIUM_EXPENSE":null,"LOAN_DEPOSIT":null,"LOAN_EQUITY":null,"LOAN_ASSETS":null,"DEPOSIT_EQUITY":null,"DEPOSIT_ASSETS":null,"EQUITY_MULTIPLIER":2.456204957904,"EQUITY_RATIO":1.535200196195},{"SECUCODE":"03896.HK","SECURITY_CODE":"03896","SECURITY_NAME_ABBR":"金山云","ORG_CODE":"10000086372","STD_REPORT_DATE":"2024-03-31 00:00:00","REPORT_DATE":"2024-03-31 00:00:00","DATE_TYPE_CODE":"003","REPORT_TYPE":"2024年一季报","PER_NETCASH_OPERATE":-0.084444664934,"PER_OI":0.466636294748,"BPS":1.750820857942,"BASIC_EPS":-0.1,"DILUTED_EPS":-0.1,"OPERATE_INCOME":1775684000,"OPERATE_INCOME_YOY":-4.7584209397,"GROSS_PROFIT":293253000,"GROSS_PROFIT_YOY":51.017328835904,"HOLDER_PROFIT":-359410000,"HOLDER_PROFIT_YOY":40.7879562693,"GROSS_PROFIT_RATIO":16.514931710822,"EPS_TTM":-0.506864032751,"OPERATE_INCOME_QOQ":-1.258836338364,"NET_PROFIT_RATIO":-20.4775173961,"ROE_AVG":-5.303956665194,"GROSS_PROFIT_QOQ":11.652741984241,"ROA":-2.31707316287,"HOLDER_PROFIT_QOQ":11.375887958683,"ROE_YEARLY":-21.215826660776,"ROIC_YEARLY":-10.951543927812,"TOTAL_ASSETS":15952480000,"TOTAL_LIABILITIES":8944691000,"TAX_EBT":4.055811940779,"OCF_SALES":-18.096463109427,"TOTAL_PARENT_EQUITY":6662372000,"DEBT_ASSET_RATIO":56.070849172,"OPERATE_PROFIT":-274157000,"PRETAX_PROFIT":-378987000,"NETCASH_OPERATE":-321336000,"NETCASH_INVEST":-1169017000,"NETCASH_FINANCE":1112096000,"END_CASH":2090760000,"DIVI_RATIO":null,"DIVIDEND_RATE":null,"CURRENT_RATIO":0.886711992123,"COMMON_ACS":40000000000,"CURRENTDEBT_DEBT":78.65216361303,"ISSUED_COMMON_SHARES":3805284801,"HK_COMMON_SHARES":3805284801,"PER_SHARES":2000,"TOTAL_MARKET_CAP":18303419892.81,"HKSK_MARKET_CAP":18303419892.81,"PE_TTM":-7.951200866413,"PB_TTM":3.155871260997,"REPORT_DATE_SQ":"2023-03-31 00:00:00","REPORT_TYPE_SQ":"2023年一季报","OPERATE_INCOME_SQ":1864400000,"DPS_HKD":null,"OPERATE_INCOME_QOQ_SQ":-3.782456635347,"NET_PROFIT_RATIO_SQ":-32.6550632911,"HOLDER_PROFIT_SQ":-606988000,"HOLDER_PROFIT_QOQ_SQ":-2.021643347488,"ROE_AVG_SQ":-7.15090859568,"PE_TTM_SQ":-3.131229375353,"PB_TTM_SQ":1.071518062799,"ROA_SQ":-3.583852847281,"START_DATE":"2024-01-01 00:00:00","FISCAL_YEAR":"12-31","CURRENCY":"HKD","IS_CNY_CODE":0,"DPS_HKD_LY":null,"ORG_TYPE":"一般企业","PREMIUM_INCOME":null,"PREMIUM_INCOME_YOY":null,"NET_INTEREST_INCOME":null,"NET_INTEREST_INCOME_YOY":null,"FEE_COMMISSION_INCOME":null,"FEE_COMMISSION_INCOME_YOY":null,"ACCOUNTS_RECE_TDAYS":1.116880029135,"INVENTORY_TDAYS":null,"CURRENT_ASSETS_TDAYS":0.287879183361,"TOTAL_ASSETS_TDAYS":0.11447621775,"PREMIUM_EXPENSE":null,"LOAN_DEPOSIT":null,"LOAN_EQUITY":null,"LOAN_ASSETS":null,"DEPOSIT_EQUITY":null,"DEPOSIT_ASSETS":null,"EQUITY_MULTIPLIER":2.276392739562,"EQUITY_RATIO":1.342568532649},{"SECUCODE":"03896.HK","SECURITY_CODE":"03896","SECURITY_NAME_ABBR":"金山云","ORG_CODE":"10000086372","STD_REPORT_DATE":"2023-12-31 00:00:00","REPORT_DATE":"2023-12-31 00:00:00","DATE_TYPE_CODE":"001","REPORT_TYPE":"2023年年报","PER_NETCASH_OPERATE":-0.044430314376,"PER_OI":1.852019328001,"BPS":1.810679715271,"BASIC_EPS":-0.61,"DILUTED_EPS":-0.61,"OPERATE_INCOME":7047461000,"OPERATE_INCOME_YOY":-13.8463469977,"GROSS_PROFIT":850169000,"GROSS_PROFIT_YOY":97.926376711723,"HOLDER_PROFIT":-2176340000,"HOLDER_PROFIT_YOY":18.126811387,"GROSS_PROFIT_RATIO":12.063479315458,"EPS_TTM":-0.571925654403,"OPERATE_INCOME_QOQ":-5.479636331643,"NET_PROFIT_RATIO":-30.9848752622,"ROE_AVG":-27.739674257602,"GROSS_PROFIT_QOQ":12.013496919582,"ROA":-13.439793711635,"HOLDER_PROFIT_QOQ":9.359577188503,"ROE_YEARLY":-27.739674257602,"ROIC_YEARLY":-17.020058595067,"TOTAL_ASSETS":15070278000,"TOTAL_LIABILITIES":7824374000,"TAX_EBT":-0.829251489596,"OCF_SALES":-2.399020015861,"TOTAL_PARENT_EQUITY":6890152000,"DEBT_ASSET_RATIO":51.919241304,"OPERATE_PROFIT":-2108551000,"PRETAX_PROFIT":-2165688000,"NETCASH_OPERATE":-169070000,"NETCASH_INVEST":-673186000,"NETCASH_FINANCE":-227852000,"END_CASH":2489481000,"DIVI_RATIO":null,"DIVIDEND_RATE":null,"CURRENT_RATIO":0.893028282559,"COMMON_ACS":40000000000,"CURRENTDEBT_DEBT":87.273307743214,"ISSUED_COMMON_SHARES":3805284801,"HK_COMMON_SHARES":3805284801,"PER_SHARES":2000,"TOTAL_MARKET_CAP":18303419892.81,"HKSK_MARKET_CAP":18303419892.81,"PE_TTM":-7.951200866413,"PB_TTM":3.155871260997,"REPORT_DATE_SQ":"2022-12-31 00:00:00","REPORT_TYPE_SQ":"2022年年报","OPERATE_INCOME_SQ":8180107000,"DPS_HKD":null,"OPERATE_INCOME_QOQ_SQ":-6.071049317336,"NET_PROFIT_RATIO_SQ":-32.8649490771,"HOLDER_PROFIT_SQ":-2658184000,"HOLDER_PROFIT_QOQ_SQ":-1.178122069159,"ROE_AVG_SQ":-27.396941474114,"PE_TTM_SQ":-3.131229375353,"PB_TTM_SQ":1.071518062799,"ROA_SQ":-13.846774171074,"START_DATE":"2023-01-01 00:00:00","FISCAL_YEAR":"12-31","CURRENCY":"HKD","IS_CNY_CODE":0,"DPS_HKD_LY":null,"ORG_TYPE":"一般企业","PREMIUM_INCOME":null,"PREMIUM_INCOME_YOY":null,"NET_INTEREST_INCOME":null,"NET_INTEREST_INCOME_YOY":null,"FEE_COMMISSION_INCOME":null,"FEE_COMMISSION_INCOME_YOY":null,"ACCOUNTS_RECE_TDAYS":4.60643957344,"INVENTORY_TDAYS":null,"CURRENT_ASSETS_TDAYS":0.9305742847,"TOTAL_ASSETS_TDAYS":0.435209673262,"PREMIUM_EXPENSE":null,"LOAN_DEPOSIT":null,"LOAN_EQUITY":null,"LOAN_ASSETS":null,"DEPOSIT_EQUITY":null,"DEPOSIT_ASSETS":null,"EQUITY_MULTIPLIER":2.079834069014,"EQUITY_RATIO":1.13558801025},{"SECUCODE":"03896.HK","SECURITY_CODE":"03896","SECURITY_NAME_ABBR":"金山云","ORG_CODE":"10000086372","STD_REPORT_DATE":"2023-09-30 00:00:00","REPORT_DATE":"2023-09-30 00:00:00","DATE_TYPE_CODE":"004","REPORT_TYPE":"2023年三季报","PER_NETCASH_OPERATE":-0.048822889669,"PER_OI":1.399372524916,"BPS":1.875479070088,"BASIC_EPS":-0.53,"DILUTED_EPS":-0.53,"OPERATE_INCOME":5325011000,"OPERATE_INCOME_YOY":-11.9701065978,"GROSS_PROFIT":597031000,"GROSS_PROFIT_YOY":123.121596824887,"HOLDER_PROFIT":-1892192000,"HOLDER_PROFIT_YOY":11.9626521305,"GROSS_PROFIT_RATIO":11.211826604677,"EPS_TTM":-0.630982994852,"OPERATE_INCOME_QOQ":-4.405083181798,"NET_PROFIT_RATIO":-35.6207902669,"ROE_AVG":-23.744779062944,"GROSS_PROFIT_QOQ":10.774161627749,"ROA":-12.04197526268,"HOLDER_PROFIT_QOQ":0.299011199321,"ROE_YEARLY":-31.659705417259,"ROIC_YEARLY":-15.598904807491,"TOTAL_ASSETS":14110374000,"TOTAL_LIABILITIES":6621315000,"TAX_EBT":-0.923727686291,"OCF_SALES":-3.488912980649,"TOTAL_PARENT_EQUITY":7136732000,"DEBT_ASSET_RATIO":46.9251559172,"OPERATE_PROFIT":-1765817000,"PRETAX_PROFIT":-1879450000,"NETCASH_OPERATE":-185785000,"NETCASH_INVEST":741575000,"NETCASH_FINANCE":-1382667000,"END_CASH":2731628000,"DIVI_RATIO":null,"DIVIDEND_RATE":null,"CURRENT_RATIO":1.170830929971,"COMMON_ACS":40000000000,"CURRENTDEBT_DEBT":84.729332466436,"ISSUED_COMMON_SHARES":3805284801,"HK_COMMON_SHARES":3805284801,"PER_SHARES":2000,"TOTAL_MARKET_CAP":18303419892.81,"HKSK_MARKET_CAP":18303419892.81,"PE_TTM":-7.951200866413,"PB_TTM":3.155871260997,"REPORT_DATE_SQ":"2022-09-30 00:00:00","REPORT_TYPE_SQ":"2022年三季报","OPERATE_INCOME_SQ":6049094000,"DPS_HKD":null,"OPERATE_INCOME_QOQ_SQ":-4.861855179972,"NET_PROFIT_RATIO_SQ":-35.8190995213,"HOLDER_PROFIT_SQ":-2149306000,"HOLDER_PROFIT_QOQ_SQ":-12.172286882936,"ROE_AVG_SQ":-21.437989021901,"PE_TTM_SQ":-3.131229375353,"PB_TTM_SQ":1.071518062799,"ROA_SQ":-10.848700621496,"START_DATE":"2023-01-01 00:00:00","FISCAL_YEAR":"12-31","CURRENCY":"HKD","IS_CNY_CODE":0,"DPS_HKD_LY":null,"ORG_TYPE":"一般企业","PREMIUM_INCOME":null,"PREMIUM_INCOME_YOY":null,"NET_INTEREST_INCOME":null,"NET_INTEREST_INCOME_YOY":null,"FEE_COMMISSION_INCOME":null,"FEE_COMMISSION_INCOME_YOY":null,"ACCOUNTS_RECE_TDAYS":3.026312095391,"INVENTORY_TDAYS":null,"CURRENT_ASSETS_TDAYS":0.681953012062,"TOTAL_ASSETS_TDAYS":0.338885539816,"PREMIUM_EXPENSE":null,"LOAN_DEPOSIT":null,"LOAN_EQUITY":null,"LOAN_ASSETS":null,"DEPOSIT_EQUITY":null,"DEPOSIT_ASSETS":null,"EQUITY_MULTIPLIER":1.884131771428,"EQUITY_RATIO":0.927779689639},{"SECUCODE":"03896.HK","SECURITY_CODE":"03896","SECURITY_NAME_ABBR":"金山云","ORG_CODE":"10000086372","STD_REPORT_DATE":"2023-06-30 00:00:00","REPORT_DATE":"2023-06-30 00:00:00","DATE_TYPE_CODE":"002","REPORT_TYPE":"2023年中报","PER_NETCASH_OPERATE":-0.054176496841,"PER_OI":0.972280182295,"BPS":2.084727796962,"BASIC_EPS":-0.31,"DILUTED_EPS":-0.31,"OPERATE_INCOME":3699803000,"OPERATE_INCOME_YOY":-9.3253767425,"GROSS_PROFIT":400791000,"GROSS_PROFIT_YOY":176.099116848762,"HOLDER_PROFIT":-1106333000,"HOLDER_PROFIT_YOY":18.4268193233,"GROSS_PROFIT_RATIO":10.832765960782,"EPS_TTM":-0.632875363065,"OPERATE_INCOME_QOQ":-0.903287103634,"NET_PROFIT_RATIO":-29.9230256314,"ROE_AVG":-13.222574419283,"GROSS_PROFIT_QOQ":26.004248158671,"ROA":-6.614825274838,"HOLDER_PROFIT_QOQ":11.196925576427,"ROE_YEARLY":-26.445148838565,"ROIC_YEARLY":-17.572012746675,"TOTAL_ASSETS":16133874000,"TOTAL_LIABILITIES":7845106000,"TAX_EBT":-0.578801913653,"OCF_SALES":-5.572107487885,"TOTAL_PARENT_EQUITY":7932983000,"DEBT_ASSET_RATIO":48.6250605403,"OPERATE_PROFIT":-960982000,"PRETAX_PROFIT":-1100722000,"NETCASH_OPERATE":-206157000,"NETCASH_INVEST":576486000,"NETCASH_FINANCE":-118773000,"END_CASH":3823087000,"DIVI_RATIO":null,"DIVIDEND_RATE":null,"CURRENT_RATIO":1.250398334455,"COMMON_ACS":40000000000,"CURRENTDEBT_DEBT":86.040660253666,"ISSUED_COMMON_SHARES":3805284801,"HK_COMMON_SHARES":3805284801,"PER_SHARES":2000,"TOTAL_MARKET_CAP":18303419892.81,"HKSK_MARKET_CAP":18303419892.81,"PE_TTM":-7.951200866413,"PB_TTM":3.155871260997,"REPORT_DATE_SQ":"2022-06-30 00:00:00","REPORT_TYPE_SQ":"2022年中报","OPERATE_INCOME_SQ":4080307000,"DPS_HKD":null,"OPERATE_INCOME_QOQ_SQ":-2.836081838341,"NET_PROFIT_RATIO_SQ":-33.4603254118,"HOLDER_PROFIT_SQ":-1356246000,"HOLDER_PROFIT_QOQ_SQ":-33.114179791156,"ROE_AVG_SQ":-13.265887812073,"PE_TTM_SQ":-3.131229375353,"PB_TTM_SQ":1.071518062799,"ROA_SQ":-6.767969179588,"START_DATE":"2023-01-01 00:00:00","FISCAL_YEAR":"12-31","CURRENCY":"HKD","IS_CNY_CODE":0,"DPS_HKD_LY":null,"ORG_TYPE":"一般企业","PREMIUM_INCOME":null,"PREMIUM_INCOME_YOY":null,"NET_INTEREST_INCOME":null,"NET_INTEREST_INCOME_YOY":null,"FEE_COMMISSION_INCOME":null,"FEE_COMMISSION_INCOME_YOY":null,"ACCOUNTS_RECE_TDAYS":1.806256032362,"INVENTORY_TDAYS":null,"CURRENT_ASSETS_TDAYS":0.423112238556,"TOTAL_ASSETS_TDAYS":0.221213236849,"PREMIUM_EXPENSE":null,"LOAN_DEPOSIT":null,"LOAN_EQUITY":null,"LOAN_ASSETS":null,"DEPOSIT_EQUITY":null,"DEPOSIT_ASSETS":null,"EQUITY_MULTIPLIER":1.94647431319,"EQUITY_RATIO":0.988922578052},{"SECUCODE":"03896.HK","SECURITY_CODE":"03896","SECURITY_NAME_ABBR":"金山云","ORG_CODE":"10000086372","STD_REPORT_DATE":"2023-03-31 00:00:00","REPORT_DATE":"2023-03-31 00:00:00","DATE_TYPE_CODE":"003","REPORT_TYPE":"2023年一季报","PER_NETCASH_OPERATE":-0.071318446369,"PER_OI":0.489950187043,"BPS":2.148461528517,"BASIC_EPS":-0.17,"DILUTED_EPS":-0.17,"OPERATE_INCOME":1864400000,"OPERATE_INCOME_YOY":-14.2334952151,"GROSS_PROFIT":194185000,"GROSS_PROFIT_YOY":142.858750844193,"HOLDER_PROFIT":-606988000,"HOLDER_PROFIT_YOY":-9.7133478777,"GROSS_PROFIT_RATIO":10.415415146964,"EPS_TTM":-0.712672806852,"OPERATE_INCOME_QOQ":-3.782456635347,"NET_PROFIT_RATIO":-32.6550632911,"ROE_AVG":-7.15090859568,"GROSS_PROFIT_QOQ":26.592990608514,"ROA":-3.583852847281,"HOLDER_PROFIT_QOQ":-2.021643347488,"ROE_YEARLY":-28.60363438272,"ROIC_YEARLY":-19.175931234762,"TOTAL_ASSETS":16557258000,"TOTAL_LIABILITIES":7601105000,"TAX_EBT":-0.251773446711,"OCF_SALES":-14.556264750054,"TOTAL_PARENT_EQUITY":8175508000,"DEBT_ASSET_RATIO":45.9079939444,"OPERATE_PROFIT":-597866000,"PRETAX_PROFIT":-607292000,"NETCASH_OPERATE":-271387000,"NETCASH_INVEST":319670000,"NETCASH_FINANCE":103994000,"END_CASH":3666185000,"DIVI_RATIO":null,"DIVIDEND_RATE":null,"CURRENT_RATIO":1.331330194616,"COMMON_ACS":40000000000,"CURRENTDEBT_DEBT":86.113282213573,"ISSUED_COMMON_SHARES":3805284801,"HK_COMMON_SHARES":3805284801,"PER_SHARES":2000,"TOTAL_MARKET_CAP":18303419892.81,"HKSK_MARKET_CAP":18303419892.81,"PE_TTM":-7.951200866413,"PB_TTM":3.155871260997,"REPORT_DATE_SQ":"2022-03-31 00:00:00","REPORT_TYPE_SQ":"2022年一季报","OPERATE_INCOME_SQ":2173809000,"DPS_HKD":null,"OPERATE_INCOME_QOQ_SQ":3.976223249555,"NET_PROFIT_RATIO_SQ":-25.522941528,"HOLDER_PROFIT_SQ":-553249000,"HOLDER_PROFIT_QOQ_SQ":-10.749903066132,"ROE_AVG_SQ":-5.335489585458,"PE_TTM_SQ":-3.131229375353,"PB_TTM_SQ":1.071518062799,"ROA_SQ":-2.697861297982,"START_DATE":"2023-01-01 00:00:00","FISCAL_YEAR":"12-31","CURRENCY":"HKD","IS_CNY_CODE":0,"DPS_HKD_LY":null,"ORG_TYPE":"一般企业","PREMIUM_INCOME":null,"PREMIUM_INCOME_YOY":null,"NET_INTEREST_INCOME":null,"NET_INTEREST_INCOME_YOY":null,"FEE_COMMISSION_INCOME":null,"FEE_COMMISSION_INCOME_YOY":null,"ACCOUNTS_RECE_TDAYS":0.835042025313,"INVENTORY_TDAYS":null,"CURRENT_ASSETS_TDAYS":0.209923560981,"TOTAL_ASSETS_TDAYS":0.110080186898,"PREMIUM_EXPENSE":null,"LOAN_DEPOSIT":null,"LOAN_EQUITY":null,"LOAN_ASSETS":null,"DEPOSIT_EQUITY":null,"DEPOSIT_ASSETS":null,"EQUITY_MULTIPLIER":1.848702004086,"EQUITY_RATIO":0.929741002027},{"SECUCODE":"03896.HK","SECURITY_CODE":"03896","SECURITY_NAME_ABBR":"金山云","ORG_CODE":"10000086372","STD_REPORT_DATE":"2022-12-31 00:00:00","REPORT_DATE":"2022-12-31 00:00:00","DATE_TYPE_CODE":"001","REPORT_TYPE":"2022年年报","PER_NETCASH_OPERATE":0.049660934695,"PER_OI":2.149670110855,"BPS":2.312841340466,"BASIC_EPS":-0.73,"DILUTED_EPS":-0.73,"OPERATE_INCOME":8180107000,"OPERATE_INCOME_YOY":-9.719655606,"GROSS_PROFIT":429538000,"GROSS_PROFIT_YOY":22.275170230694,"HOLDER_PROFIT":-2658184000,"HOLDER_PROFIT_YOY":-67.3169208768,"GROSS_PROFIT_RATIO":5.251007107853,"EPS_TTM":-0.698550605017,"OPERATE_INCOME_QOQ":-6.071049317336,"NET_PROFIT_RATIO":-32.8649490771,"ROE_AVG":-27.396941474114,"GROSS_PROFIT_QOQ":45.373504088374,"ROA":-13.846774171074,"HOLDER_PROFIT_QOQ":-1.178122069159,"ROE_YEARLY":-27.396941474114,"ROIC_YEARLY":-18.277707306286,"TOTAL_ASSETS":17316231000,"TOTAL_LIABILITIES":7732732000,"TAX_EBT":-0.918685468568,"OCF_SALES":2.310165380477,"TOTAL_PARENT_EQUITY":8801020000,"DEBT_ASSET_RATIO":44.6559762341,"OPERATE_PROFIT":-2251414000,"PRETAX_PROFIT":-2663915000,"NETCASH_OPERATE":188974000,"NETCASH_INVEST":-32865000,"NETCASH_FINANCE":-1152146000,"END_CASH":3533726000,"DIVI_RATIO":null,"DIVIDEND_RATE":null,"CURRENT_RATIO":1.358891909532,"COMMON_ACS":40000000000,"CURRENTDEBT_DEBT":86.109618178931,"ISSUED_COMMON_SHARES":3805284801,"HK_COMMON_SHARES":3805284801,"PER_SHARES":2000,"TOTAL_MARKET_CAP":18303419892.81,"HKSK_MARKET_CAP":18303419892.81,"PE_TTM":-7.951200866413,"PB_TTM":3.155871260997,"REPORT_DATE_SQ":"2021-12-31 00:00:00","REPORT_TYPE_SQ":"2021年年报","OPERATE_INCOME_SQ":9060784000,"DPS_HKD":null,"OPERATE_INCOME_QOQ_SQ":37.758264894736,"NET_PROFIT_RATIO_SQ":-17.5675305801,"HOLDER_PROFIT_SQ":-1588712000,"HOLDER_PROFIT_QOQ_SQ":-65.102326920299,"ROE_AVG_SQ":-16.861783349107,"PE_TTM_SQ":-3.131229375353,"PB_TTM_SQ":1.071518062799,"ROA_SQ":-9.626441508888,"START_DATE":"2022-01-01 00:00:00","FISCAL_YEAR":"12-31","CURRENCY":"HKD","IS_CNY_CODE":0,"DPS_HKD_LY":null,"ORG_TYPE":"一般企业","PREMIUM_INCOME":null,"PREMIUM_INCOME_YOY":null,"NET_INTEREST_INCOME":null,"NET_INTEREST_INCOME_YOY":null,"FEE_COMMISSION_INCOME":null,"FEE_COMMISSION_INCOME_YOY":null,"ACCOUNTS_RECE_TDAYS":null,"INVENTORY_TDAYS":null,"CURRENT_ASSETS_TDAYS":0.762317001464,"TOTAL_ASSETS_TDAYS":0.426110812209,"PREMIUM_EXPENSE":null,"LOAN_DEPOSIT":null,"LOAN_EQUITY":null,"LOAN_ASSETS":null,"DEPOSIT_EQUITY":null,"DEPOSIT_ASSETS":null,"EQUITY_MULTIPLIER":1.806879825417,"EQUITY_RATIO":0.878617705675},{"SECUCODE":"03896.HK","SECURITY_CODE":"03896","SECURITY_NAME_ABBR":"金山云","ORG_CODE":"10000086372","STD_REPORT_DATE":"2022-09-30 00:00:00","REPORT_DATE":"2022-09-30 00:00:00","DATE_TYPE_CODE":"004","REPORT_TYPE":"2022年三季报","PER_NETCASH_OPERATE":-0.000069502216,"PER_OI":0.002316750988,"BPS":2.482712462814,"BASIC_EPS":-0.59,"DILUTED_EPS":-0.59,"OPERATE_INCOME":6049094000,"OPERATE_INCOME_YOY":-5.4984694708,"GROSS_PROFIT":267581000,"GROSS_PROFIT_YOY":-17.259281935207,"HOLDER_PROFIT":-2149306000,"HOLDER_PROFIT_YOY":-93.4941563902,"GROSS_PROFIT_RATIO":4.423488872879,"EPS_TTM":-0.001006207265,"OPERATE_INCOME_QOQ":-4.861855179972,"NET_PROFIT_RATIO":-35.8190995213,"ROE_AVG":-21.437989021901,"GROSS_PROFIT_QOQ":13.006329719083,"ROA":-10.848700621496,"HOLDER_PROFIT_QOQ":-12.172286882936,"ROE_YEARLY":-28.583985362535,"ROIC_YEARLY":-14.098257952009,"TOTAL_ASSETS":18545249000,"TOTAL_LIABILITIES":8234121000,"TAX_EBT":-0.576705177117,"OCF_SALES":-2.999986444251,"TOTAL_PARENT_EQUITY":9447428000,"DEBT_ASSET_RATIO":44.4001641606,"OPERATE_PROFIT":-1589038000,"PRETAX_PROFIT":-2154307000,"NETCASH_OPERATE":-181472000,"NETCASH_INVEST":-933816000,"NETCASH_FINANCE":-345490000,"END_CASH":3206354000,"DIVI_RATIO":null,"DIVIDEND_RATE":null,"CURRENT_RATIO":1.394027306053,"COMMON_ACS":40000000000,"CURRENTDEBT_DEBT":87.45811483703,"ISSUED_COMMON_SHARES":3805284801,"HK_COMMON_SHARES":3805284801,"PER_SHARES":2000,"TOTAL_MARKET_CAP":18303419892.81,"HKSK_MARKET_CAP":18303419892.81,"PE_TTM":-7.951200866413,"PB_TTM":3.155871260997,"REPORT_DATE_SQ":"2021-09-30 00:00:00","REPORT_TYPE_SQ":"2021年三季报","OPERATE_INCOME_SQ":6401054000,"DPS_HKD":null,"OPERATE_INCOME_QOQ_SQ":0,"NET_PROFIT_RATIO_SQ":-17.3337547223,"HOLDER_PROFIT_SQ":-1110786000,"HOLDER_PROFIT_QOQ_SQ":0,"ROE_AVG_SQ":null,"PE_TTM_SQ":-3.131229375353,"PB_TTM_SQ":1.071518062799,"ROA_SQ":null,"START_DATE":"2022-01-01 00:00:00","FISCAL_YEAR":"12-31","CURRENCY":"HKD","IS_CNY_CODE":0,"DPS_HKD_LY":null,"ORG_TYPE":"一般企业","PREMIUM_INCOME":null,"PREMIUM_INCOME_YOY":null,"NET_INTEREST_INCOME":null,"NET_INTEREST_INCOME_YOY":null,"FEE_COMMISSION_INCOME":null,"FEE_COMMISSION_INCOME_YOY":null,"ACCOUNTS_RECE_TDAYS":1.97104893756,"INVENTORY_TDAYS":null,"CURRENT_ASSETS_TDAYS":0.538852208293,"TOTAL_ASSETS_TDAYS":0.30533023142,"PREMIUM_EXPENSE":null,"LOAN_DEPOSIT":null,"LOAN_EQUITY":null,"LOAN_ASSETS":null,"DEPOSIT_EQUITY":null,"DEPOSIT_ASSETS":null,"EQUITY_MULTIPLIER":1.798566461398,"EQUITY_RATIO":0.871572770917}],"count":17},"success":true,"message":"ok","code":0}