{"version":"93260d3747a2d9f3a15f7d23c35fd516","result":{"pages":3,"data":[{"SECUCODE":"03893.HK","SECURITY_CODE":"03893","SECURITY_NAME_ABBR":"易纬集团","ORG_CODE":"10522856","STD_REPORT_DATE":"2023-12-31 00:00:00","REPORT_DATE":"2024-06-30 00:00:00","DATE_TYPE_CODE":"001","REPORT_TYPE":"2023年年报","PER_NETCASH_OPERATE":-0.233416501543,"PER_OI":0.433165017233,"BPS":-0.260722957562,"BASIC_EPS":-0.088895032,"DILUTED_EPS":-0.088895032,"OPERATE_INCOME":67365823.48,"OPERATE_INCOME_YOY":53.7601033247,"GROSS_PROFIT":13474807.52,"GROSS_PROFIT_YOY":228.000312912277,"HOLDER_PROFIT":-11904997.92,"HOLDER_PROFIT_YOY":75.6441855254,"GROSS_PROFIT_RATIO":20.002438660904,"EPS_TTM":-0.258599301775,"OPERATE_INCOME_QOQ":-21.75681446924,"NET_PROFIT_RATIO":-17.6721626858,"ROE_AVG":26.478827493809,"GROSS_PROFIT_QOQ":87.132284425177,"ROA":-21.195625680441,"HOLDER_PROFIT_QOQ":32.126113739298,"ROE_YEARLY":26.478827493809,"ROIC_YEARLY":-34.635758951687,"TOTAL_ASSETS":58058312.84,"TOTAL_LIABILITIES":98605947.2,"TAX_EBT":null,"OCF_SALES":-53.886277113167,"TOTAL_PARENT_EQUITY":-40547634.36,"DEBT_ASSET_RATIO":169.8394982158,"OPERATE_PROFIT":-3536635,"PRETAX_PROFIT":-11904997.92,"NETCASH_OPERATE":-36300934.32,"NETCASH_INVEST":-3958293.16,"NETCASH_FINANCE":28471052.6,"END_CASH":15301080.2,"DIVI_RATIO":null,"DIVIDEND_RATE":null,"CURRENT_RATIO":0.737492390282,"COMMON_ACS":10000000000,"CURRENTDEBT_DEBT":66.897445390596,"ISSUED_COMMON_SHARES":155520000,"HK_COMMON_SHARES":155520000,"PER_SHARES":12000,"TOTAL_MARKET_CAP":45100800,"HKSK_MARKET_CAP":45100800,"PE_TTM":-3.457589696412,"PB_TTM":-1.015166452833,"REPORT_DATE_SQ":"2022-12-31 00:00:00","REPORT_TYPE_SQ":"2022年年报","OPERATE_INCOME_SQ":44258727.92,"DPS_HKD":null,"OPERATE_INCOME_QOQ_SQ":42.843993716896,"NET_PROFIT_RATIO_SQ":-111.5657028581,"HOLDER_PROFIT_SQ":-49377560.88,"HOLDER_PROFIT_QOQ_SQ":-16.577993536832,"ROE_AVG_SQ":161.01982832489,"PE_TTM_SQ":-0.846963925611,"PB_TTM_SQ":-0.838493816663,"ROA_SQ":-99.231987845212,"START_DATE":"2023-07-01 00:00:00","FISCAL_YEAR":"6-30","CURRENCY":"HKD","IS_CNY_CODE":0,"DPS_HKD_LY":null,"ORG_TYPE":"一般企业","PREMIUM_INCOME":null,"PREMIUM_INCOME_YOY":null,"NET_INTEREST_INCOME":null,"NET_INTEREST_INCOME_YOY":null,"FEE_COMMISSION_INCOME":null,"FEE_COMMISSION_INCOME_YOY":null,"ACCOUNTS_RECE_TDAYS":4.768460494864,"INVENTORY_TDAYS":null,"CURRENT_ASSETS_TDAYS":1.419496903727,"TOTAL_ASSETS_TDAYS":1.199379275605,"PREMIUM_EXPENSE":null,"LOAN_DEPOSIT":null,"LOAN_EQUITY":null,"LOAN_ASSETS":null,"DEPOSIT_EQUITY":null,"DEPOSIT_ASSETS":null,"EQUITY_MULTIPLIER":-1.431854502892,"EQUITY_RATIO":-2.431854502892},{"SECUCODE":"03893.HK","SECURITY_CODE":"03893","SECURITY_NAME_ABBR":"易纬集团","ORG_CODE":"10522856","STD_REPORT_DATE":"2023-06-30 00:00:00","REPORT_DATE":"2023-12-31 00:00:00","DATE_TYPE_CODE":"002","REPORT_TYPE":"2023年中报","PER_NETCASH_OPERATE":-0.081510852932,"PER_OI":0.188676961883,"BPS":-0.176069595679,"BASIC_EPS":0.04893588,"DILUTED_EPS":0.04893588,"OPERATE_INCOME":24452534.26,"OPERATE_INCOME_YOY":-29.2787125858,"GROSS_PROFIT":14284745.86,"GROSS_PROFIT_YOY":179.425491594326,"HOLDER_PROFIT":6091610.84,"HOLDER_PROFIT_YOY":161.4498583051,"GROSS_PROFIT_RATIO":58.418263350999,"EPS_TTM":-0.380999698148,"OPERATE_INCOME_QOQ":-9.437334001801,"NET_PROFIT_RATIO":24.9119816181,"ROE_AVG":-15.94534650647,"GROSS_PROFIT_QOQ":-206.636853123744,"ROA":11.097170403143,"HOLDER_PROFIT_QOQ":-126.279058438223,"ROE_YEARLY":-31.89069301294,"ROIC_YEARLY":51.93942203678,"TOTAL_ASSETS":55894743.38,"TOTAL_LIABILITIES":83277086.9,"TAX_EBT":null,"OCF_SALES":-43.201274876774,"TOTAL_PARENT_EQUITY":-27382343.52,"DEBT_ASSET_RATIO":148.9891210947,"OPERATE_PROFIT":5726404.18,"PRETAX_PROFIT":6091610.84,"NETCASH_OPERATE":-10563806.54,"NETCASH_INVEST":-548263.1,"NETCASH_FINANCE":17922312.94,"END_CASH":34784348.48,"DIVI_RATIO":null,"DIVIDEND_RATE":null,"CURRENT_RATIO":0.871675902548,"COMMON_ACS":10000000000,"CURRENTDEBT_DEBT":66.373578540726,"ISSUED_COMMON_SHARES":155520000,"HK_COMMON_SHARES":155520000,"PER_SHARES":12000,"TOTAL_MARKET_CAP":76982400,"HKSK_MARKET_CAP":76982400,"PE_TTM":-5.901747930083,"PB_TTM":-1.732784117766,"REPORT_DATE_SQ":"2022-06-30 00:00:00","REPORT_TYPE_SQ":"2022年中报","OPERATE_INCOME_SQ":34081823.58,"DPS_HKD":null,"OPERATE_INCOME_QOQ_SQ":-25.946351356912,"NET_PROFIT_RATIO_SQ":-28.6706505216,"HOLDER_PROFIT_SQ":-9771480.53,"HOLDER_PROFIT_QOQ_SQ":-40.477187373463,"ROE_AVG_SQ":68.863707900535,"PE_TTM_SQ":-1.125252072597,"PB_TTM_SQ":-1.113998927852,"ROA_SQ":-18.83988081911,"START_DATE":"2023-07-01 00:00:00","FISCAL_YEAR":"6-30","CURRENCY":"HKD","IS_CNY_CODE":0,"DPS_HKD_LY":null,"ORG_TYPE":"一般企业","PREMIUM_INCOME":null,"PREMIUM_INCOME_YOY":null,"NET_INTEREST_INCOME":null,"NET_INTEREST_INCOME_YOY":null,"FEE_COMMISSION_INCOME":null,"FEE_COMMISSION_INCOME_YOY":null,"ACCOUNTS_RECE_TDAYS":1.700787897888,"INVENTORY_TDAYS":null,"CURRENT_ASSETS_TDAYS":0.519603312151,"TOTAL_ASSETS_TDAYS":0.445455145772,"PREMIUM_EXPENSE":null,"LOAN_DEPOSIT":null,"LOAN_EQUITY":null,"LOAN_ASSETS":null,"DEPOSIT_EQUITY":null,"DEPOSIT_ASSETS":null,"EQUITY_MULTIPLIER":-2.041269526079,"EQUITY_RATIO":-3.041269526079},{"SECUCODE":"03893.HK","SECURITY_CODE":"03893","SECURITY_NAME_ABBR":"易纬集团","ORG_CODE":"10522856","STD_REPORT_DATE":"2022-12-31 00:00:00","REPORT_DATE":"2023-06-30 00:00:00","DATE_TYPE_CODE":"001","REPORT_TYPE":"2022年年报","PER_NETCASH_OPERATE":-0.249347214506,"PER_OI":0.341502530247,"BPS":-0.320706996271,"BASIC_EPS":-0.538344122,"DILUTED_EPS":-0.538344122,"OPERATE_INCOME":44258727.92,"OPERATE_INCOME_YOY":19.9920011998,"GROSS_PROFIT":-10527167.64,"GROSS_PROFIT_YOY":-205.653946218084,"HOLDER_PROFIT":-49377560.88,"HOLDER_PROFIT_YOY":-144.6820175439,"GROSS_PROFIT_RATIO":-23.785517873511,"EPS_TTM":-0.30307685625,"OPERATE_INCOME_QOQ":42.843993716896,"NET_PROFIT_RATIO":-111.5657028581,"ROE_AVG":161.01982832489,"GROSS_PROFIT_QOQ":-0.921732850199,"ROA":-99.231987845212,"HOLDER_PROFIT_QOQ":-16.577993536832,"ROE_YEARLY":161.01982832489,"ROIC_YEARLY":-193.636560850387,"TOTAL_ASSETS":54829228.62,"TOTAL_LIABILITIES":104705580.68,"TAX_EBT":-0.001867239287,"OCF_SALES":-73.014748770936,"TOTAL_PARENT_EQUITY":-49876352.06,"DEBT_ASSET_RATIO":190.9667221578,"OPERATE_PROFIT":-45388153.42,"PRETAX_PROFIT":-49376638.9,"NETCASH_OPERATE":-32315399,"NETCASH_INVEST":209289.46,"NETCASH_FINANCE":41171938.88,"END_CASH":28577692.08,"DIVI_RATIO":null,"DIVIDEND_RATE":null,"CURRENT_RATIO":0.806956383317,"COMMON_ACS":10000000000,"CURRENTDEBT_DEBT":55.315851575295,"ISSUED_COMMON_SHARES":155520000,"HK_COMMON_SHARES":155520000,"PER_SHARES":12000,"TOTAL_MARKET_CAP":76982400,"HKSK_MARKET_CAP":76982400,"PE_TTM":-5.901747930083,"PB_TTM":-1.732784117766,"REPORT_DATE_SQ":"2021-12-31 00:00:00","REPORT_TYPE_SQ":"2021年年报","OPERATE_INCOME_SQ":34212731.14,"DPS_HKD":null,"OPERATE_INCOME_QOQ_SQ":-35.885937975362,"NET_PROFIT_RATIO_SQ":-54.711793231,"HOLDER_PROFIT_SQ":-18718398.72,"HOLDER_PROFIT_QOQ_SQ":-35.734239974155,"ROE_AVG_SQ":849.52454880652,"PE_TTM_SQ":-1.125252072597,"PB_TTM_SQ":-1.113998927852,"ROA_SQ":-45.091313618244,"START_DATE":"2022-07-01 00:00:00","FISCAL_YEAR":"6-30","CURRENCY":"HKD","IS_CNY_CODE":0,"DPS_HKD_LY":null,"ORG_TYPE":"一般企业","PREMIUM_INCOME":null,"PREMIUM_INCOME_YOY":null,"NET_INTEREST_INCOME":null,"NET_INTEREST_INCOME_YOY":null,"FEE_COMMISSION_INCOME":null,"FEE_COMMISSION_INCOME_YOY":null,"ACCOUNTS_RECE_TDAYS":2.662746838252,"INVENTORY_TDAYS":null,"CURRENT_ASSETS_TDAYS":1.054083133879,"TOTAL_ASSETS_TDAYS":0.889448865584,"PREMIUM_EXPENSE":null,"LOAN_DEPOSIT":null,"LOAN_EQUITY":null,"LOAN_ASSETS":null,"DEPOSIT_EQUITY":null,"DEPOSIT_ASSETS":null,"EQUITY_MULTIPLIER":-1.099303103684,"EQUITY_RATIO":-2.099303103684},{"SECUCODE":"03893.HK","SECURITY_CODE":"03893","SECURITY_NAME_ABBR":"易纬集团","ORG_CODE":"10522856","STD_REPORT_DATE":"2022-06-30 00:00:00","REPORT_DATE":"2022-12-31 00:00:00","DATE_TYPE_CODE":"002","REPORT_TYPE":"2022年中报","PER_NETCASH_OPERATE":-0.455815830556,"PER_OI":0.473358660833,"BPS":-0.111118836291,"BASIC_EPS":-0.13309723,"DILUTED_EPS":-0.13309723,"OPERATE_INCOME":34081823.58,"OPERATE_INCOME_YOY":60.6010859957,"GROSS_PROFIT":5112184.21,"GROSS_PROFIT_YOY":-1.764784136276,"HOLDER_PROFIT":-9771480.53,"HOLDER_PROFIT_YOY":-34.1221186856,"GROSS_PROFIT_RATIO":14.999737904283,"EPS_TTM":-0.025997776,"OPERATE_INCOME_QOQ":-25.946351356912,"NET_PROFIT_RATIO":-28.6706505216,"ROE_AVG":68.863707900535,"GROSS_PROFIT_QOQ":-10.927737022056,"ROA":-18.83988081911,"HOLDER_PROFIT_QOQ":-40.477187373463,"ROE_YEARLY":137.72741580107,"ROIC_YEARLY":-65.335742336235,"TOTAL_ASSETS":60433288.58,"TOTAL_LIABILITIES":77714490,"TAX_EBT":null,"OCF_SALES":-96.293966556587,"TOTAL_PARENT_EQUITY":-17281201.42,"DEBT_ASSET_RATIO":128.5955006356,"OPERATE_PROFIT":-8595937.21,"PRETAX_PROFIT":-9771480.53,"NETCASH_OPERATE":-32818739.8,"NETCASH_INVEST":1757955.36,"NETCASH_FINANCE":36328397.63,"END_CASH":24588150.02,"DIVI_RATIO":null,"DIVIDEND_RATE":null,"CURRENT_RATIO":1.654591453752,"COMMON_ACS":10000000000,"CURRENTDEBT_DEBT":41.34367816092,"ISSUED_COMMON_SHARES":155520000,"HK_COMMON_SHARES":155520000,"PER_SHARES":12000,"TOTAL_MARKET_CAP":76982400,"HKSK_MARKET_CAP":76982400,"PE_TTM":-5.901747930083,"PB_TTM":-1.732784117766,"REPORT_DATE_SQ":"2021-06-30 00:00:00","REPORT_TYPE_SQ":"2021年中报","OPERATE_INCOME_SQ":19423723.2,"DPS_HKD":null,"OPERATE_INCOME_QOQ_SQ":20.756482653204,"NET_PROFIT_RATIO_SQ":-34.3309340405,"HOLDER_PROFIT_SQ":-6668345.6,"HOLDER_PROFIT_QOQ_SQ":55.559640821025,"ROE_AVG_SQ":-255.43376135296,"PE_TTM_SQ":-1.125252072597,"PB_TTM_SQ":-1.113998927852,"ROA_SQ":-17.58933770407,"START_DATE":"2022-07-01 00:00:00","FISCAL_YEAR":"6-30","CURRENCY":"HKD","IS_CNY_CODE":0,"DPS_HKD_LY":null,"ORG_TYPE":"一般企业","PREMIUM_INCOME":null,"PREMIUM_INCOME_YOY":null,"NET_INTEREST_INCOME":null,"NET_INTEREST_INCOME_YOY":null,"FEE_COMMISSION_INCOME":null,"FEE_COMMISSION_INCOME_YOY":null,"ACCOUNTS_RECE_TDAYS":1.578307272276,"INVENTORY_TDAYS":null,"CURRENT_ASSETS_TDAYS":0.763820906279,"TOTAL_ASSETS_TDAYS":0.657113824639,"PREMIUM_EXPENSE":null,"LOAN_DEPOSIT":null,"LOAN_EQUITY":null,"LOAN_ASSETS":null,"DEPOSIT_EQUITY":null,"DEPOSIT_ASSETS":null,"EQUITY_MULTIPLIER":-3.497053654501,"EQUITY_RATIO":-4.497053654502},{"SECUCODE":"03893.HK","SECURITY_CODE":"03893","SECURITY_NAME_ABBR":"易纬集团","ORG_CODE":"10522856","STD_REPORT_DATE":"2021-12-31 00:00:00","REPORT_DATE":"2022-06-30 00:00:00","DATE_TYPE_CODE":"001","REPORT_TYPE":"2021年年报","PER_NETCASH_OPERATE":-0.014590491611,"PER_OI":0.047517682139,"BPS":-0.068318419239,"BASIC_EPS":-0.220895577,"DILUTED_EPS":-0.220895577,"OPERATE_INCOME":34212731.14,"OPERATE_INCOME_YOY":-53.8042285886,"GROSS_PROFIT":9963818.69,"GROSS_PROFIT_YOY":-35.906480679276,"HOLDER_PROFIT":-18718398.72,"HOLDER_PROFIT_YOY":-85.5229699949,"GROSS_PROFIT_RATIO":29.123131530271,"EPS_TTM":-0.018506760056,"OPERATE_INCOME_QOQ":-35.885937975362,"NET_PROFIT_RATIO":-54.711793231,"ROE_AVG":849.52454880652,"GROSS_PROFIT_QOQ":-28.043234585165,"ROA":-45.091313618244,"HOLDER_PROFIT_QOQ":-35.734239974155,"ROE_YEARLY":849.52454880652,"ROIC_YEARLY":-68.966821060592,"TOTAL_ASSETS":41452769.68,"TOTAL_LIABILITIES":52077650.24,"TAX_EBT":null,"OCF_SALES":-30.705394190871,"TOTAL_PARENT_EQUITY":-10624880.56,"DEBT_ASSET_RATIO":125.6312922925,"OPERATE_PROFIT":-17201291.66,"PRETAX_PROFIT":-18718398.72,"NETCASH_OPERATE":-10505153.96,"NETCASH_INVEST":4067283.64,"NETCASH_FINANCE":14165367.16,"END_CASH":18496904.51,"DIVI_RATIO":null,"DIVIDEND_RATE":null,"CURRENT_RATIO":1.015258156955,"COMMON_ACS":10000000000,"CURRENTDEBT_DEBT":65.327771939044,"ISSUED_COMMON_SHARES":155520000,"HK_COMMON_SHARES":155520000,"PER_SHARES":12000,"TOTAL_MARKET_CAP":76982400,"HKSK_MARKET_CAP":76982400,"PE_TTM":-5.901747930083,"PB_TTM":-1.732784117766,"REPORT_DATE_SQ":"2020-12-31 00:00:00","REPORT_TYPE_SQ":"2020年年报","OPERATE_INCOME_SQ":72058960.08,"DPS_HKD":null,"OPERATE_INCOME_QOQ_SQ":21.451823493862,"NET_PROFIT_RATIO_SQ":-13.6233992679,"HOLDER_PROFIT_SQ":-9816879.84,"HOLDER_PROFIT_QOQ_SQ":14.255715011957,"ROE_AVG_SQ":-89.49404536145,"PE_TTM_SQ":-1.125252072597,"PB_TTM_SQ":-1.113998927852,"ROA_SQ":-22.787499517132,"START_DATE":"2021-07-01 00:00:00","FISCAL_YEAR":"6-30","CURRENCY":"HKD","IS_CNY_CODE":0,"DPS_HKD_LY":null,"ORG_TYPE":"一般企业","PREMIUM_INCOME":null,"PREMIUM_INCOME_YOY":null,"NET_INTEREST_INCOME":null,"NET_INTEREST_INCOME_YOY":null,"FEE_COMMISSION_INCOME":null,"FEE_COMMISSION_INCOME_YOY":null,"ACCOUNTS_RECE_TDAYS":2.715677290161,"INVENTORY_TDAYS":null,"CURRENT_ASSETS_TDAYS":1.107172014889,"TOTAL_ASSETS_TDAYS":0.824160769651,"PREMIUM_EXPENSE":null,"LOAN_DEPOSIT":null,"LOAN_EQUITY":null,"LOAN_ASSETS":null,"DEPOSIT_EQUITY":null,"DEPOSIT_ASSETS":null,"EQUITY_MULTIPLIER":-3.901481004501,"EQUITY_RATIO":-4.901481004507},{"SECUCODE":"03893.HK","SECURITY_CODE":"03893","SECURITY_NAME_ABBR":"易纬集团","ORG_CODE":"10522856","STD_REPORT_DATE":"2021-06-30 00:00:00","REPORT_DATE":"2021-12-31 00:00:00","DATE_TYPE_CODE":"002","REPORT_TYPE":"2021年中报","PER_NETCASH_OPERATE":-0.00973966,"PER_OI":0.026977393333,"BPS":-0.004652623457,"BASIC_EPS":-0.09263408,"DILUTED_EPS":-0.09263408,"OPERATE_INCOME":19423723.2,"OPERATE_INCOME_YOY":-55.8444696392,"GROSS_PROFIT":5204024,"GROSS_PROFIT_YOY":-45.584839258294,"HOLDER_PROFIT":-6668345.6,"HOLDER_PROFIT_YOY":-117.2037283622,"GROSS_PROFIT_RATIO":26.792103380056,"EPS_TTM":-0.013634555333,"OPERATE_INCOME_QOQ":20.756482653204,"NET_PROFIT_RATIO":-34.3309340405,"ROE_AVG":-255.43376135296,"GROSS_PROFIT_QOQ":5.723731723864,"ROA":-17.58933770407,"HOLDER_PROFIT_QOQ":55.559640821025,"ROE_YEARLY":-510.867522705919,"ROIC_YEARLY":-50.921691354363,"TOTAL_ASSETS":36078235.2,"TOTAL_LIABILITIES":36801811.2,"TAX_EBT":0.097991180794,"OCF_SALES":-36.10304331355,"TOTAL_PARENT_EQUITY":-723576,"DEBT_ASSET_RATIO":102.0055748181,"OPERATE_PROFIT":-6322500.8,"PRETAX_PROFIT":-6674886.4,"NETCASH_OPERATE":-7012555.2,"NETCASH_INVEST":3914668.8,"NETCASH_FINANCE":7152364.8,"END_CASH":13646561.6,"DIVI_RATIO":null,"DIVIDEND_RATE":null,"CURRENT_RATIO":0.904997220335,"COMMON_ACS":10000000000,"CURRENTDEBT_DEBT":71.931929263308,"ISSUED_COMMON_SHARES":155520000,"HK_COMMON_SHARES":155520000,"PER_SHARES":12000,"TOTAL_MARKET_CAP":76982400,"HKSK_MARKET_CAP":76982400,"PE_TTM":-5.901747930083,"PB_TTM":-1.732784117766,"REPORT_DATE_SQ":"2020-06-30 00:00:00","REPORT_TYPE_SQ":"2020年中报","OPERATE_INCOME_SQ":45282756.92,"DPS_HKD":null,"OPERATE_INCOME_QOQ_SQ":-13.444516135111,"NET_PROFIT_RATIO_SQ":-6.9791647306,"HOLDER_PROFIT_SQ":-3160358.2,"HOLDER_PROFIT_QOQ_SQ":-77.761941058315,"ROE_AVG_SQ":-21.809205749964,"PE_TTM_SQ":-1.125252072597,"PB_TTM_SQ":-1.113998927852,"ROA_SQ":-6.080922421681,"START_DATE":"2021-07-01 00:00:00","FISCAL_YEAR":"6-30","CURRENCY":"HKD","IS_CNY_CODE":0,"DPS_HKD_LY":null,"ORG_TYPE":"一般企业","PREMIUM_INCOME":null,"PREMIUM_INCOME_YOY":null,"NET_INTEREST_INCOME":null,"NET_INTEREST_INCOME_YOY":null,"FEE_COMMISSION_INCOME":null,"FEE_COMMISSION_INCOME_YOY":null,"ACCOUNTS_RECE_TDAYS":2.038964940136,"INVENTORY_TDAYS":null,"CURRENT_ASSETS_TDAYS":0.77662634848,"TOTAL_ASSETS_TDAYS":0.512346610882,"PREMIUM_EXPENSE":null,"LOAN_DEPOSIT":null,"LOAN_EQUITY":null,"LOAN_ASSETS":null,"DEPOSIT_EQUITY":null,"DEPOSIT_ASSETS":null,"EQUITY_MULTIPLIER":-49.861016950111,"EQUITY_RATIO":-50.861016949153},{"SECUCODE":"03893.HK","SECURITY_CODE":"03893","SECURITY_NAME_ABBR":"易纬集团","ORG_CODE":"10522856","STD_REPORT_DATE":"2020-12-31 00:00:00","REPORT_DATE":"2021-06-30 00:00:00","DATE_TYPE_CODE":"001","REPORT_TYPE":"2020年年报","PER_NETCASH_OPERATE":-0.010767346333,"PER_OI":0.100081889,"BPS":0.038902094136,"BASIC_EPS":-0.136377912,"DILUTED_EPS":-0.136377912,"OPERATE_INCOME":72058960.08,"OPERATE_INCOME_YOY":61.0013199725,"GROSS_PROFIT":15545750.64,"GROSS_PROFIT_YOY":-0.631124822165,"HOLDER_PROFIT":-9816879.84,"HOLDER_PROFIT_YOY":58.1690540349,"GROSS_PROFIT_RATIO":21.573653883904,"EPS_TTM":-0.030680569611,"OPERATE_INCOME_QOQ":21.451823493862,"NET_PROFIT_RATIO":-13.6233992679,"ROE_AVG":-89.49404536145,"GROSS_PROFIT_QOQ":-6.010813695668,"ROA":-22.787499517132,"HOLDER_PROFIT_QOQ":14.255715011957,"ROE_YEARLY":-89.49404536145,"ROIC_YEARLY":-32.759937245755,"TOTAL_ASSETS":40448240.88,"TOTAL_LIABILITIES":34398187.2,"TAX_EBT":-0.178313662223,"OCF_SALES":-10.758536275563,"TOTAL_PARENT_EQUITY":6050053.68,"DEBT_ASSET_RATIO":85.0424800971,"OPERATE_PROFIT":-9075496.56,"PRETAX_PROFIT":-9799406.16,"NETCASH_OPERATE":-7752489.36,"NETCASH_INVEST":921112.56,"NETCASH_FINANCE":561654,"END_CASH":9968318.4,"DIVI_RATIO":null,"DIVIDEND_RATE":null,"CURRENT_RATIO":0.904622719146,"COMMON_ACS":10000000000,"CURRENTDEBT_DEBT":85.241896468312,"ISSUED_COMMON_SHARES":155520000,"HK_COMMON_SHARES":155520000,"PER_SHARES":12000,"TOTAL_MARKET_CAP":76982400,"HKSK_MARKET_CAP":76982400,"PE_TTM":-5.901747930083,"PB_TTM":-1.732784117766,"REPORT_DATE_SQ":"2019-12-31 00:00:00","REPORT_TYPE_SQ":"2019年年报","OPERATE_INCOME_SQ":49133024.16,"DPS_HKD":null,"OPERATE_INCOME_QOQ_SQ":-32.312708376455,"NET_PROFIT_RATIO_SQ":-52.4345126327,"HOLDER_PROFIT_SQ":-25762661.76,"HOLDER_PROFIT_QOQ_SQ":-71.013526084877,"ROE_AVG_SQ":-101.566495012424,"PE_TTM_SQ":-1.125252072597,"PB_TTM_SQ":-1.113998927852,"ROA_SQ":-48.370720998834,"START_DATE":"2020-07-01 00:00:00","FISCAL_YEAR":"6-30","CURRENCY":"HKD","IS_CNY_CODE":0,"DPS_HKD_LY":null,"ORG_TYPE":"一般企业","PREMIUM_INCOME":null,"PREMIUM_INCOME_YOY":null,"NET_INTEREST_INCOME":null,"NET_INTEREST_INCOME_YOY":null,"FEE_COMMISSION_INCOME":null,"FEE_COMMISSION_INCOME_YOY":null,"ACCOUNTS_RECE_TDAYS":8.932081893662,"INVENTORY_TDAYS":null,"CURRENT_ASSETS_TDAYS":2.622762651807,"TOTAL_ASSETS_TDAYS":1.672673542705,"PREMIUM_EXPENSE":null,"LOAN_DEPOSIT":null,"LOAN_EQUITY":null,"LOAN_ASSETS":null,"DEPOSIT_EQUITY":null,"DEPOSIT_ASSETS":null,"EQUITY_MULTIPLIER":6.68560033008,"EQUITY_RATIO":5.685600330078},{"SECUCODE":"03893.HK","SECURITY_CODE":"03893","SECURITY_NAME_ABBR":"易纬集团","ORG_CODE":"10522856","STD_REPORT_DATE":"2020-06-30 00:00:00","REPORT_DATE":"2020-12-31 00:00:00","DATE_TYPE_CODE":"002","REPORT_TYPE":"2020年中报","PER_NETCASH_OPERATE":-0.009107246167,"PER_OI":0.062892717944,"BPS":0.083016702675,"BASIC_EPS":-0.004376528,"DILUTED_EPS":-0.004376528,"OPERATE_INCOME":45282756.92,"OPERATE_INCOME_YOY":38.7211550857,"GROSS_PROFIT":9563555.32,"GROSS_PROFIT_YOY":-8.952479579359,"HOLDER_PROFIT":-3160358.2,"HOLDER_PROFIT_YOY":50.7734661772,"GROSS_PROFIT_RATIO":21.119640168764,"EPS_TTM":-0.008945368667,"OPERATE_INCOME_QOQ":-13.444516135111,"NET_PROFIT_RATIO":-6.9791647306,"ROE_AVG":-21.809205749964,"GROSS_PROFIT_QOQ":-23.994059427642,"ROA":-6.080922421681,"HOLDER_PROFIT_QOQ":-77.761941058315,"ROE_YEARLY":-43.618411499927,"ROIC_YEARLY":-17.433695084441,"TOTAL_ASSETS":57706204.96,"TOTAL_LIABILITIES":44795447.36,"TAX_EBT":-0.562399571505,"OCF_SALES":-14.480605170715,"TOTAL_PARENT_EQUITY":12910757.6,"DEBT_ASSET_RATIO":77.6267428971,"OPERATE_PROFIT":-2779936.92,"PRETAX_PROFIT":-3142683.76,"NETCASH_OPERATE":-6557217.24,"NETCASH_INVEST":936745.32,"NETCASH_FINANCE":4159384.88,"END_CASH":14985400.2,"DIVI_RATIO":null,"DIVIDEND_RATE":null,"CURRENT_RATIO":1.131184561692,"COMMON_ACS":10000000000,"CURRENTDEBT_DEBT":82.366977303472,"ISSUED_COMMON_SHARES":155520000,"HK_COMMON_SHARES":155520000,"PER_SHARES":12000,"TOTAL_MARKET_CAP":76982400,"HKSK_MARKET_CAP":76982400,"PE_TTM":-5.901747930083,"PB_TTM":-1.732784117766,"REPORT_DATE_SQ":"2019-06-30 00:00:00","REPORT_TYPE_SQ":"2019年中报","OPERATE_INCOME_SQ":34742827.3,"DPS_HKD":null,"OPERATE_INCOME_QOQ_SQ":2.398055856597,"NET_PROFIT_RATIO_SQ":-19.6673971896,"HOLDER_PROFIT_SQ":-6833009.84,"HOLDER_PROFIT_QOQ_SQ":36.004699317339,"ROE_AVG_SQ":-23.377618412786,"PE_TTM_SQ":-1.125252072597,"PB_TTM_SQ":-1.113998927852,"ROA_SQ":-11.808140929883,"START_DATE":"2020-07-01 00:00:00","FISCAL_YEAR":"6-30","CURRENCY":"HKD","IS_CNY_CODE":0,"DPS_HKD_LY":null,"ORG_TYPE":"一般企业","PREMIUM_INCOME":null,"PREMIUM_INCOME_YOY":null,"NET_INTEREST_INCOME":null,"NET_INTEREST_INCOME_YOY":null,"FEE_COMMISSION_INCOME":null,"FEE_COMMISSION_INCOME_YOY":null,"ACCOUNTS_RECE_TDAYS":5.059763953543,"INVENTORY_TDAYS":null,"CURRENT_ASSETS_TDAYS":1.284847761194,"TOTAL_ASSETS_TDAYS":0.871296588692,"PREMIUM_EXPENSE":null,"LOAN_DEPOSIT":null,"LOAN_EQUITY":null,"LOAN_ASSETS":null,"DEPOSIT_EQUITY":null,"DEPOSIT_ASSETS":null,"EQUITY_MULTIPLIER":4.469621903511,"EQUITY_RATIO":3.46962190352},{"SECUCODE":"03893.HK","SECURITY_CODE":"03893","SECURITY_NAME_ABBR":"易纬集团","ORG_CODE":"10522856","STD_REPORT_DATE":"2019-12-31 00:00:00","REPORT_DATE":"2020-06-30 00:00:00","DATE_TYPE_CODE":"001","REPORT_TYPE":"2019年年报","PER_NETCASH_OPERATE":-0.002870358333,"PER_OI":0.017060077833,"BPS":0.112153657407,"BASIC_EPS":-0.041287488,"DILUTED_EPS":-0.041287488,"OPERATE_INCOME":49133024.16,"OPERATE_INCOME_YOY":-43.5795502224,"GROSS_PROFIT":15644486.88,"GROSS_PROFIT_YOY":-43.112633591326,"HOLDER_PROFIT":-25762661.76,"HOLDER_PROFIT_YOY":-192.7548266556,"GROSS_PROFIT_RATIO":31.841082749261,"EPS_TTM":-0.006038661783,"OPERATE_INCOME_QOQ":-32.312708376455,"NET_PROFIT_RATIO":-52.4345126327,"ROE_AVG":-101.566495012424,"GROSS_PROFIT_QOQ":-25.154052459206,"ROA":-48.370720998834,"HOLDER_PROFIT_QOQ":-71.013526084877,"ROE_YEARLY":-101.566495012424,"ROIC_YEARLY":-98.846949146602,"TOTAL_ASSETS":50181653.28,"TOTAL_LIABILITIES":32739516.48,"TAX_EBT":0.571106253966,"OCF_SALES":-16.825001394337,"TOTAL_PARENT_EQUITY":17442136.8,"DEBT_ASSET_RATIO":65.2420044779,"OPERATE_PROFIT":-25178060.16,"PRETAX_PROFIT":-25910639.04,"NETCASH_OPERATE":-8266632,"NETCASH_INVEST":-15539441.28,"NETCASH_FINANCE":5102475.84,"END_CASH":17849531.04,"DIVI_RATIO":null,"DIVIDEND_RATE":null,"CURRENT_RATIO":1.467227901383,"COMMON_ACS":10000000000,"CURRENTDEBT_DEBT":64.957312649964,"ISSUED_COMMON_SHARES":155520000,"HK_COMMON_SHARES":155520000,"PER_SHARES":12000,"TOTAL_MARKET_CAP":76982400,"HKSK_MARKET_CAP":76982400,"PE_TTM":-5.901747930083,"PB_TTM":-1.732784117766,"REPORT_DATE_SQ":"2018-12-31 00:00:00","REPORT_TYPE_SQ":"2018年年报","OPERATE_INCOME_SQ":83863265.76,"DPS_HKD":null,"OPERATE_INCOME_QOQ_SQ":35.783176279469,"NET_PROFIT_RATIO_SQ":-10.1053117395,"HOLDER_PROFIT_SQ":-8474644.44,"HOLDER_PROFIT_QOQ_SQ":31.529909909221,"ROE_AVG_SQ":-23.419590874284,"PE_TTM_SQ":-1.125252072597,"PB_TTM_SQ":-1.113998927852,"ROA_SQ":-14.796043740017,"START_DATE":"2019-07-01 00:00:00","FISCAL_YEAR":"6-30","CURRENCY":"HKD","IS_CNY_CODE":0,"DPS_HKD_LY":null,"ORG_TYPE":"一般企业","PREMIUM_INCOME":null,"PREMIUM_INCOME_YOY":null,"NET_INTEREST_INCOME":null,"NET_INTEREST_INCOME_YOY":null,"FEE_COMMISSION_INCOME":null,"FEE_COMMISSION_INCOME_YOY":null,"ACCOUNTS_RECE_TDAYS":5.239528540814,"INVENTORY_TDAYS":null,"CURRENT_ASSETS_TDAYS":1.216477825271,"TOTAL_ASSETS_TDAYS":0.92249777046,"PREMIUM_EXPENSE":null,"LOAN_DEPOSIT":null,"LOAN_EQUITY":null,"LOAN_ASSETS":null,"DEPOSIT_EQUITY":null,"DEPOSIT_ASSETS":null,"EQUITY_MULTIPLIER":2.877035873269,"EQUITY_RATIO":1.877035873265}],"count":22},"success":true,"message":"ok","code":0}