{"version":"f46a48533b21b3f036722d61630a0d2b","result":{"pages":5,"data":[{"SECUCODE":"03899.HK","SECURITY_CODE":"03899","SECURITY_NAME_ABBR":"中集安瑞科","ORG_CODE":"10010818","STD_REPORT_DATE":"2024-06-30 00:00:00","REPORT_DATE":"2024-06-30 00:00:00","DATE_TYPE_CODE":"002","REPORT_TYPE":"2024年中报","PER_NETCASH_OPERATE":0.304106303619,"PER_OI":5.659944214697,"BPS":5.390441655859,"BASIC_EPS":0.241,"DILUTED_EPS":0.222,"OPERATE_INCOME":11479938000,"OPERATE_INCOME_YOY":6.7256983203,"GROSS_PROFIT":1635940000,"GROSS_PROFIT_YOY":-7.63485748936,"HOLDER_PROFIT":486141000,"HOLDER_PROFIT_YOY":-14.5130857277,"GROSS_PROFIT_RATIO":14.250425394284,"EPS_TTM":0.5085299991,"OPERATE_INCOME_QOQ":3.062052217364,"NET_PROFIT_RATIO":4.3887780579,"ROE_AVG":4.386452787757,"GROSS_PROFIT_QOQ":-3.634302509337,"ROA":1.697819190067,"HOLDER_PROFIT_QOQ":-7.408803811945,"ROE_YEARLY":8.772905575513,"ROIC_YEARLY":4.817516523018,"TOTAL_ASSETS":29679098000,"TOTAL_LIABILITIES":17230106000,"TAX_EBT":22.569446045322,"OCF_SALES":5.372955846974,"TOTAL_PARENT_EQUITY":10933312000,"DEBT_ASSET_RATIO":58.0546821201,"OPERATE_PROFIT":702106000,"PRETAX_PROFIT":650685000,"NETCASH_OPERATE":616812000,"NETCASH_INVEST":-139974000,"NETCASH_FINANCE":-201746000,"END_CASH":7246810000,"DIVI_RATIO":0.53461152829,"DIVIDEND_RATE":4.405286343612,"CURRENT_RATIO":1.487405593721,"COMMON_ACS":10000000000,"CURRENTDEBT_DEBT":89.26813915132,"ISSUED_COMMON_SHARES":2028277588,"HK_COMMON_SHARES":2028277588,"PER_SHARES":2000,"TOTAL_MARKET_CAP":13812570374.28,"HKSK_MARKET_CAP":13812570374.28,"PE_TTM":12.062242604698,"PB_TTM":1.153031828708,"REPORT_DATE_SQ":"2023-06-30 00:00:00","REPORT_TYPE_SQ":"2023年中报","OPERATE_INCOME_SQ":10756489000,"DPS_HKD":0.3,"OPERATE_INCOME_QOQ_SQ":9.222620355385,"NET_PROFIT_RATIO_SQ":5.2994243754,"HOLDER_PROFIT_SQ":568673000,"HOLDER_PROFIT_QOQ_SQ":12.260701266845,"ROE_AVG_SQ":6.128781545877,"PE_TTM_SQ":9.760643047515,"PB_TTM_SQ":1.227397447262,"ROA_SQ":2.483340479044,"START_DATE":"2024-01-01 00:00:00","FISCAL_YEAR":"12-31","CURRENCY":"HKD","IS_CNY_CODE":0,"DPS_HKD_LY":0.3,"ORG_TYPE":"一般企业","PREMIUM_INCOME":null,"PREMIUM_INCOME_YOY":null,"NET_INTEREST_INCOME":null,"NET_INTEREST_INCOME_YOY":null,"FEE_COMMISSION_INCOME":null,"FEE_COMMISSION_INCOME_YOY":null,"ACCOUNTS_RECE_TDAYS":3.11671326151,"INVENTORY_TDAYS":1.849584275599,"CURRENT_ASSETS_TDAYS":0.521897538776,"TOTAL_ASSETS_TDAYS":0.400930163002,"PREMIUM_EXPENSE":null,"LOAN_DEPOSIT":null,"LOAN_EQUITY":null,"LOAN_ASSETS":null,"DEPOSIT_EQUITY":null,"DEPOSIT_ASSETS":null,"EQUITY_MULTIPLIER":2.384056315566,"EQUITY_RATIO":1.575927404249},{"SECUCODE":"03899.HK","SECURITY_CODE":"03899","SECURITY_NAME_ABBR":"中集安瑞科","ORG_CODE":"10010818","STD_REPORT_DATE":"2023-12-31 00:00:00","REPORT_DATE":"2023-12-31 00:00:00","DATE_TYPE_CODE":"001","REPORT_TYPE":"2023年年报","PER_NETCASH_OPERATE":0.877826590667,"PER_OI":11.648444542197,"BPS":5.537827793619,"BASIC_EPS":0.554,"DILUTED_EPS":0.499,"OPERATE_INCOME":23626279000,"OPERATE_INCOME_YOY":20.5314104177,"GROSS_PROFIT":3720824000,"GROSS_PROFIT_YOY":9.389670257303,"HOLDER_PROFIT":1113972000,"HOLDER_PROFIT_YOY":5.5835581227,"GROSS_PROFIT_RATIO":15.748666982219,"EPS_TTM":0.549220681918,"OPERATE_INCOME_QOQ":10.353890087497,"NET_PROFIT_RATIO":4.924859306,"ROE_AVG":10.935220979229,"GROSS_PROFIT_QOQ":-0.764477710023,"ROA":4.473612632193,"HOLDER_PROFIT_QOQ":-5.94789010655,"ROE_YEARLY":10.935220979229,"ROIC_YEARLY":6.17961462533,"TOTAL_ASSETS":27587424000,"TOTAL_LIABILITIES":15213780000,"TAX_EBT":20.155727625562,"OCF_SALES":7.535998368596,"TOTAL_PARENT_EQUITY":11232252000,"DEBT_ASSET_RATIO":55.1475193914,"OPERATE_PROFIT":1524827000,"PRETAX_PROFIT":1457288000,"NETCASH_OPERATE":1780476000,"NETCASH_INVEST":-2081077000,"NETCASH_FINANCE":1979683000,"END_CASH":6998191000,"DIVI_RATIO":0.495003209003,"DIVIDEND_RATE":4.2194092827,"CURRENT_RATIO":1.506378029203,"COMMON_ACS":10000000000,"CURRENTDEBT_DEBT":92.135294450163,"ISSUED_COMMON_SHARES":2028277588,"HK_COMMON_SHARES":2028277588,"PER_SHARES":2000,"TOTAL_MARKET_CAP":14421053650.68,"HKSK_MARKET_CAP":14421053650.68,"PE_TTM":12.593618930896,"PB_TTM":1.203826182396,"REPORT_DATE_SQ":"2022-12-31 00:00:00","REPORT_TYPE_SQ":"2022年年报","OPERATE_INCOME_SQ":19601761000,"DPS_HKD":0.3,"OPERATE_INCOME_QOQ_SQ":0.86614104348,"NET_PROFIT_RATIO_SQ":5.5349006653,"HOLDER_PROFIT_SQ":1055062000,"HOLDER_PROFIT_QOQ_SQ":12.302165548146,"ROE_AVG_SQ":12.137485121669,"PE_TTM_SQ":10.739866136424,"PB_TTM_SQ":1.350534407991,"ROA_SQ":5.116798366368,"START_DATE":"2023-01-01 00:00:00","FISCAL_YEAR":"12-31","CURRENCY":"HKD","IS_CNY_CODE":0,"DPS_HKD_LY":0.24,"ORG_TYPE":"一般企业","PREMIUM_INCOME":null,"PREMIUM_INCOME_YOY":null,"NET_INTEREST_INCOME":null,"NET_INTEREST_INCOME_YOY":null,"FEE_COMMISSION_INCOME":null,"FEE_COMMISSION_INCOME_YOY":null,"ACCOUNTS_RECE_TDAYS":6.626663605711,"INVENTORY_TDAYS":4.229409799938,"CURRENT_ASSETS_TDAYS":1.251046301272,"TOTAL_ASSETS_TDAYS":0.948810384697,"PREMIUM_EXPENSE":null,"LOAN_DEPOSIT":null,"LOAN_EQUITY":null,"LOAN_ASSETS":null,"DEPOSIT_EQUITY":null,"DEPOSIT_ASSETS":null,"EQUITY_MULTIPLIER":2.229531090435,"EQUITY_RATIO":1.354472816315},{"SECUCODE":"03899.HK","SECURITY_CODE":"03899","SECURITY_NAME_ABBR":"中集安瑞科","ORG_CODE":"10010818","STD_REPORT_DATE":"2023-06-30 00:00:00","REPORT_DATE":"2023-06-30 00:00:00","DATE_TYPE_CODE":"002","REPORT_TYPE":"2023年中报","PER_NETCASH_OPERATE":0.280101206739,"PER_OI":5.303262760304,"BPS":4.642209752603,"BASIC_EPS":0.283,"DILUTED_EPS":0.252,"OPERATE_INCOME":10756489000,"OPERATE_INCOME_YOY":20.201788127,"GROSS_PROFIT":1771166000,"GROSS_PROFIT_YOY":24.456721087078,"HOLDER_PROFIT":568673000,"HOLDER_PROFIT_YOY":29.4453865677,"GROSS_PROFIT_RATIO":16.466023439433,"EPS_TTM":0.583953600339,"OPERATE_INCOME_QOQ":9.222620355385,"NET_PROFIT_RATIO":5.2994243754,"ROE_AVG":6.128781545877,"GROSS_PROFIT_QOQ":10.232372171786,"ROA":2.483340479044,"HOLDER_PROFIT_QOQ":12.260701266845,"ROE_YEARLY":12.257563091753,"ROIC_YEARLY":6.535855616819,"TOTAL_ASSETS":23584562000,"TOTAL_LIABILITIES":13776258000,"TAX_EBT":21.947425641981,"OCF_SALES":5.281676948677,"TOTAL_PARENT_EQUITY":9415690000,"DEBT_ASSET_RATIO":58.4121850556,"OPERATE_PROFIT":751497000,"PRETAX_PROFIT":730318000,"NETCASH_OPERATE":568123000,"NETCASH_INVEST":-902390000,"NETCASH_FINANCE":100927000,"END_CASH":4993951000,"DIVI_RATIO":0.465560962107,"DIVIDEND_RATE":4.2194092827,"CURRENT_RATIO":1.574196615672,"COMMON_ACS":10000000000,"CURRENTDEBT_DEBT":82.584755599089,"ISSUED_COMMON_SHARES":2028277588,"HK_COMMON_SHARES":2028277588,"PER_SHARES":2000,"TOTAL_MARKET_CAP":14421053650.68,"HKSK_MARKET_CAP":14421053650.68,"PE_TTM":12.593618930896,"PB_TTM":1.203826182396,"REPORT_DATE_SQ":"2022-06-30 00:00:00","REPORT_TYPE_SQ":"2022年中报","OPERATE_INCOME_SQ":8948693000,"DPS_HKD":0.3,"OPERATE_INCOME_QOQ_SQ":5.474572454473,"NET_PROFIT_RATIO_SQ":5.0691089749,"HOLDER_PROFIT_SQ":439315000,"HOLDER_PROFIT_QOQ_SQ":6.326980774824,"ROE_AVG_SQ":5.28016775769,"PE_TTM_SQ":10.739866136424,"PB_TTM_SQ":1.350534407991,"ROA_SQ":2.201892680919,"START_DATE":"2023-01-01 00:00:00","FISCAL_YEAR":"12-31","CURRENCY":"HKD","IS_CNY_CODE":0,"DPS_HKD_LY":0.24,"ORG_TYPE":"一般企业","PREMIUM_INCOME":null,"PREMIUM_INCOME_YOY":null,"NET_INTEREST_INCOME":null,"NET_INTEREST_INCOME_YOY":null,"FEE_COMMISSION_INCOME":null,"FEE_COMMISSION_INCOME_YOY":null,"ACCOUNTS_RECE_TDAYS":3.114746973062,"INVENTORY_TDAYS":1.883524397105,"CURRENT_ASSETS_TDAYS":0.622393541751,"TOTAL_ASSETS_TDAYS":0.469725563656,"PREMIUM_EXPENSE":null,"LOAN_DEPOSIT":null,"LOAN_EQUITY":null,"LOAN_ASSETS":null,"DEPOSIT_EQUITY":null,"DEPOSIT_ASSETS":null,"EQUITY_MULTIPLIER":2.404550470701,"EQUITY_RATIO":1.463117201182},{"SECUCODE":"03899.HK","SECURITY_CODE":"03899","SECURITY_NAME_ABBR":"中集安瑞科","ORG_CODE":"10010818","STD_REPORT_DATE":"2022-12-31 00:00:00","REPORT_DATE":"2022-12-31 00:00:00","DATE_TYPE_CODE":"001","REPORT_TYPE":"2022年年报","PER_NETCASH_OPERATE":1.262652121757,"PER_OI":9.664239804241,"BPS":4.507157725395,"BASIC_EPS":0.528,"DILUTED_EPS":0.468,"OPERATE_INCOME":19601761000,"OPERATE_INCOME_YOY":6.3881310169,"GROSS_PROFIT":3401440000,"GROSS_PROFIT_YOY":25.699833185637,"HOLDER_PROFIT":1055062000,"HOLDER_PROFIT_YOY":19.4075019721,"GROSS_PROFIT_RATIO":17.352726624919,"EPS_TTM":0.52017633397,"OPERATE_INCOME_QOQ":0.86614104348,"NET_PROFIT_RATIO":5.5349006653,"ROE_AVG":12.137485121669,"GROSS_PROFIT_QOQ":15.360965962912,"ROA":5.116798366368,"HOLDER_PROFIT_QOQ":12.302165548146,"ROE_YEARLY":12.137485121669,"ROIC_YEARLY":6.553110522863,"TOTAL_ASSETS":22214474000,"TOTAL_LIABILITIES":12686967000,"TAX_EBT":22.410323377926,"OCF_SALES":13.065198580883,"TOTAL_PARENT_EQUITY":9141767000,"DEBT_ASSET_RATIO":57.1112644846,"OPERATE_PROFIT":1472288000,"PRETAX_PROFIT":1398302000,"NETCASH_OPERATE":2561009000,"NETCASH_INVEST":-483946000,"NETCASH_FINANCE":-77084000,"END_CASH":5223453000,"DIVI_RATIO":0.522642000886,"DIVIDEND_RATE":4.2194092827,"CURRENT_RATIO":1.580823304608,"COMMON_ACS":10000000000,"CURRENTDEBT_DEBT":83.043772400448,"ISSUED_COMMON_SHARES":2028277588,"HK_COMMON_SHARES":2028277588,"PER_SHARES":2000,"TOTAL_MARKET_CAP":14421053650.68,"HKSK_MARKET_CAP":14421053650.68,"PE_TTM":12.593618930896,"PB_TTM":1.203826182396,"REPORT_DATE_SQ":"2021-12-31 00:00:00","REPORT_TYPE_SQ":"2021年年报","OPERATE_INCOME_SQ":18424763000,"DPS_HKD":0.3,"OPERATE_INCOME_QOQ_SQ":23.571278003674,"NET_PROFIT_RATIO_SQ":4.9302778006,"HOLDER_PROFIT_SQ":883581000,"HOLDER_PROFIT_QOQ_SQ":18.229964634618,"ROE_AVG_SQ":11.383791739642,"PE_TTM_SQ":10.739866136424,"PB_TTM_SQ":1.350534407991,"ROA_SQ":5.034736640602,"START_DATE":"2022-01-01 00:00:00","FISCAL_YEAR":"12-31","CURRENCY":"HKD","IS_CNY_CODE":0,"DPS_HKD_LY":0.21,"ORG_TYPE":"一般企业","PREMIUM_INCOME":null,"PREMIUM_INCOME_YOY":null,"NET_INTEREST_INCOME":null,"NET_INTEREST_INCOME_YOY":null,"FEE_COMMISSION_INCOME":null,"FEE_COMMISSION_INCOME_YOY":null,"ACCOUNTS_RECE_TDAYS":6.106806234115,"INVENTORY_TDAYS":3.620701284653,"CURRENT_ASSETS_TDAYS":1.296484276977,"TOTAL_ASSETS_TDAYS":0.950638527999,"PREMIUM_EXPENSE":null,"LOAN_DEPOSIT":null,"LOAN_EQUITY":null,"LOAN_ASSETS":null,"DEPOSIT_EQUITY":null,"DEPOSIT_ASSETS":null,"EQUITY_MULTIPLIER":2.331614555624,"EQUITY_RATIO":1.387802489387},{"SECUCODE":"03899.HK","SECURITY_CODE":"03899","SECURITY_NAME_ABBR":"中集安瑞科","ORG_CODE":"10010818","STD_REPORT_DATE":"2022-06-30 00:00:00","REPORT_DATE":"2022-06-30 00:00:00","DATE_TYPE_CODE":"002","REPORT_TYPE":"2022年中报","PER_NETCASH_OPERATE":0.779209911577,"PER_OI":4.411966612925,"BPS":4.13985494376,"BASIC_EPS":0.219,"DILUTED_EPS":0.192,"OPERATE_INCOME":8948693000,"OPERATE_INCOME_YOY":12.7037149547,"GROSS_PROFIT":1423118000,"GROSS_PROFIT_YOY":20.541825731132,"HOLDER_PROFIT":439315000,"HOLDER_PROFIT_YOY":14.5806979977,"GROSS_PROFIT_RATIO":15.903082159596,"EPS_TTM":0.463193502486,"OPERATE_INCOME_QOQ":5.474572454473,"NET_PROFIT_RATIO":5.0691089749,"ROE_AVG":5.28016775769,"GROSS_PROFIT_QOQ":8.962188498013,"ROA":2.201892680919,"HOLDER_PROFIT_QOQ":6.326980774824,"ROE_YEARLY":10.56033551538,"ROIC_YEARLY":5.524671159359,"TOTAL_ASSETS":20878725000,"TOTAL_LIABILITIES":12200215000,"TAX_EBT":22.461736743324,"OCF_SALES":17.661283049938,"TOTAL_PARENT_EQUITY":8396775000,"DEBT_ASSET_RATIO":58.4337166182,"OPERATE_PROFIT":617963000,"PRETAX_PROFIT":585026000,"NETCASH_OPERATE":1580454000,"NETCASH_INVEST":-215241000,"NETCASH_FINANCE":-162533000,"END_CASH":4384547000,"DIVI_RATIO":0.58693828506,"DIVIDEND_RATE":4.2194092827,"CURRENT_RATIO":1.513956257786,"COMMON_ACS":10000000000,"CURRENTDEBT_DEBT":83.311531804972,"ISSUED_COMMON_SHARES":2028277588,"HK_COMMON_SHARES":2028277588,"PER_SHARES":2000,"TOTAL_MARKET_CAP":14421053650.68,"HKSK_MARKET_CAP":14421053650.68,"PE_TTM":12.593618930896,"PB_TTM":1.203826182396,"REPORT_DATE_SQ":"2021-06-30 00:00:00","REPORT_TYPE_SQ":"2021年中报","OPERATE_INCOME_SQ":7940016000,"DPS_HKD":0.3,"OPERATE_INCOME_QOQ_SQ":21.324298895152,"NET_PROFIT_RATIO_SQ":4.8652924629,"HOLDER_PROFIT_SQ":383411000,"HOLDER_PROFIT_QOQ_SQ":28.869005023081,"ROE_AVG_SQ":5.148795449423,"PE_TTM_SQ":10.739866136424,"PB_TTM_SQ":1.350534407991,"ROA_SQ":2.275271058961,"START_DATE":"2022-01-01 00:00:00","FISCAL_YEAR":"12-31","CURRENCY":"HKD","IS_CNY_CODE":0,"DPS_HKD_LY":0.21,"ORG_TYPE":"一般企业","PREMIUM_INCOME":null,"PREMIUM_INCOME_YOY":null,"NET_INTEREST_INCOME":null,"NET_INTEREST_INCOME_YOY":null,"FEE_COMMISSION_INCOME":null,"FEE_COMMISSION_INCOME_YOY":null,"ACCOUNTS_RECE_TDAYS":2.842664750526,"INVENTORY_TDAYS":1.657381268992,"CURRENT_ASSETS_TDAYS":0.617762016294,"TOTAL_ASSETS_TDAYS":0.448517843017,"PREMIUM_EXPENSE":null,"LOAN_DEPOSIT":null,"LOAN_EQUITY":null,"LOAN_ASSETS":null,"DEPOSIT_EQUITY":null,"DEPOSIT_ASSETS":null,"EQUITY_MULTIPLIER":2.405796041024,"EQUITY_RATIO":1.452964382159},{"SECUCODE":"03899.HK","SECURITY_CODE":"03899","SECURITY_NAME_ABBR":"中集安瑞科","ORG_CODE":"10010818","STD_REPORT_DATE":"2021-12-31 00:00:00","REPORT_DATE":"2021-12-31 00:00:00","DATE_TYPE_CODE":"001","REPORT_TYPE":"2021年年报","PER_NETCASH_OPERATE":0.214354589546,"PER_OI":9.086445240771,"BPS":4.064244484468,"BASIC_EPS":0.447,"DILUTED_EPS":0.428,"OPERATE_INCOME":18424763000,"OPERATE_INCOME_YOY":49.9219866737,"GROSS_PROFIT":2706002000,"GROSS_PROFIT_YOY":29.181853638882,"HOLDER_PROFIT":883581000,"HOLDER_PROFIT_YOY":52.3617790638,"GROSS_PROFIT_RATIO":14.686766934261,"EPS_TTM":0.435751079799,"OPERATE_INCOME_QOQ":23.571278003674,"NET_PROFIT_RATIO":4.9302778006,"ROE_AVG":11.383791739642,"GROSS_PROFIT_QOQ":7.44938149148,"ROA":5.034736640602,"HOLDER_PROFIT_QOQ":18.229964634618,"ROE_YEARLY":11.383791739642,"ROIC_YEARLY":6.111023909342,"TOTAL_ASSETS":19024673000,"TOTAL_LIABILITIES":10524996000,"TAX_EBT":20.285514458689,"OCF_SALES":2.359058838369,"TOTAL_PARENT_EQUITY":8243416000,"DEBT_ASSET_RATIO":55.3228746691,"OPERATE_PROFIT":1212559000,"PRETAX_PROFIT":1139557000,"NETCASH_OPERATE":434651000,"NETCASH_INVEST":-557612000,"NETCASH_FINANCE":753689000,"END_CASH":3173351000,"DIVI_RATIO":0.623902068414,"DIVIDEND_RATE":4.2194092827,"CURRENT_RATIO":1.595907143811,"COMMON_ACS":10000000000,"CURRENTDEBT_DEBT":80.867194628863,"ISSUED_COMMON_SHARES":2028277588,"HK_COMMON_SHARES":2028277588,"PER_SHARES":2000,"TOTAL_MARKET_CAP":14421053650.68,"HKSK_MARKET_CAP":14421053650.68,"PE_TTM":12.593618930896,"PB_TTM":1.203826182396,"REPORT_DATE_SQ":"2020-12-31 00:00:00","REPORT_TYPE_SQ":"2020年年报","OPERATE_INCOME_SQ":12289567000,"DPS_HKD":0.3,"OPERATE_INCOME_QOQ_SQ":-1.509750838138,"NET_PROFIT_RATIO_SQ":4.6072249738,"HOLDER_PROFIT_SQ":579923000,"HOLDER_PROFIT_QOQ_SQ":-22.066034959368,"ROE_AVG_SQ":8.045443926076,"PE_TTM_SQ":10.739866136424,"PB_TTM_SQ":1.350534407991,"ROA_SQ":3.627380639969,"START_DATE":"2021-01-01 00:00:00","FISCAL_YEAR":"12-31","CURRENCY":"HKD","IS_CNY_CODE":0,"DPS_HKD_LY":0.14,"ORG_TYPE":"一般企业","PREMIUM_INCOME":null,"PREMIUM_INCOME_YOY":null,"NET_INTEREST_INCOME":null,"NET_INTEREST_INCOME_YOY":null,"FEE_COMMISSION_INCOME":null,"FEE_COMMISSION_INCOME_YOY":null,"ACCOUNTS_RECE_TDAYS":6.902759565831,"INVENTORY_TDAYS":3.816626969727,"CURRENT_ASSETS_TDAYS":1.485214010605,"TOTAL_ASSETS_TDAYS":1.049862201321,"PREMIUM_EXPENSE":null,"LOAN_DEPOSIT":null,"LOAN_EQUITY":null,"LOAN_ASSETS":null,"DEPOSIT_EQUITY":null,"DEPOSIT_ASSETS":null,"EQUITY_MULTIPLIER":2.23828187824,"EQUITY_RATIO":1.276776035566},{"SECUCODE":"03899.HK","SECURITY_CODE":"03899","SECURITY_NAME_ABBR":"中集安瑞科","ORG_CODE":"10010818","STD_REPORT_DATE":"2021-06-30 00:00:00","REPORT_DATE":"2021-06-30 00:00:00","DATE_TYPE_CODE":"002","REPORT_TYPE":"2021年中报","PER_NETCASH_OPERATE":-0.202159114734,"PER_OI":3.92667597616,"BPS":3.753507431646,"BASIC_EPS":0.195,"DILUTED_EPS":0.195,"OPERATE_INCOME":7940016000,"OPERATE_INCOME_YOY":49.2666023982,"GROSS_PROFIT":1180601000,"GROSS_PROFIT_YOY":55.972900953461,"HOLDER_PROFIT":383411000,"HOLDER_PROFIT_YOY":77.5108452589,"GROSS_PROFIT_RATIO":14.869000263979,"EPS_TTM":0.369591944235,"OPERATE_INCOME_QOQ":21.324298895152,"NET_PROFIT_RATIO":4.8652924629,"ROE_AVG":5.148795449423,"GROSS_PROFIT_QOQ":20.225776868827,"ROA":2.275271058961,"HOLDER_PROFIT_QOQ":28.869005023081,"ROE_YEARLY":10.297590898845,"ROIC_YEARLY":5.361057717248,"TOTAL_ASSETS":17627726000,"TOTAL_LIABILITIES":9801646000,"TAX_EBT":20.23024108203,"OCF_SALES":-5.148352345889,"TOTAL_PARENT_EQUITY":7613155000,"DEBT_ASSET_RATIO":55.6035758668,"OPERATE_PROFIT":513960000,"PRETAX_PROFIT":484275000,"NETCASH_OPERATE":-408780000,"NETCASH_INVEST":-137624000,"NETCASH_FINANCE":127414000,"END_CASH":2130233000,"DIVI_RATIO":0.735584214538,"DIVIDEND_RATE":4.2194092827,"CURRENT_RATIO":1.425073773894,"COMMON_ACS":10000000000,"CURRENTDEBT_DEBT":90.674862160906,"ISSUED_COMMON_SHARES":2028277588,"HK_COMMON_SHARES":2028277588,"PER_SHARES":2000,"TOTAL_MARKET_CAP":14421053650.68,"HKSK_MARKET_CAP":14421053650.68,"PE_TTM":12.593618930896,"PB_TTM":1.203826182396,"REPORT_DATE_SQ":"2020-06-30 00:00:00","REPORT_TYPE_SQ":"2020年中报","OPERATE_INCOME_SQ":5319352000,"DPS_HKD":0.3,"OPERATE_INCOME_QOQ_SQ":-9.205153540136,"NET_PROFIT_RATIO_SQ":3.8581767102,"HOLDER_PROFIT_SQ":215993000,"HOLDER_PROFIT_QOQ_SQ":-18.318849361201,"ROE_AVG_SQ":3.055729469766,"PE_TTM_SQ":10.739866136424,"PB_TTM_SQ":1.350534407991,"ROA_SQ":1.364496710714,"START_DATE":"2021-01-01 00:00:00","FISCAL_YEAR":"12-31","CURRENCY":"HKD","IS_CNY_CODE":0,"DPS_HKD_LY":0.14,"ORG_TYPE":"一般企业","PREMIUM_INCOME":null,"PREMIUM_INCOME_YOY":null,"NET_INTEREST_INCOME":null,"NET_INTEREST_INCOME_YOY":null,"FEE_COMMISSION_INCOME":null,"FEE_COMMISSION_INCOME_YOY":null,"ACCOUNTS_RECE_TDAYS":2.957245908282,"INVENTORY_TDAYS":1.589692959273,"CURRENT_ASSETS_TDAYS":0.664624137392,"TOTAL_ASSETS_TDAYS":0.471183367522,"PREMIUM_EXPENSE":null,"LOAN_DEPOSIT":null,"LOAN_EQUITY":null,"LOAN_ASSETS":null,"DEPOSIT_EQUITY":null,"DEPOSIT_ASSETS":null,"EQUITY_MULTIPLIER":2.252433657719,"EQUITY_RATIO":1.287461768478},{"SECUCODE":"03899.HK","SECURITY_CODE":"03899","SECURITY_NAME_ABBR":"中集安瑞科","ORG_CODE":"10010818","STD_REPORT_DATE":"2020-12-31 00:00:00","REPORT_DATE":"2020-12-31 00:00:00","DATE_TYPE_CODE":"001","REPORT_TYPE":"2020年年报","PER_NETCASH_OPERATE":0.477416501133,"PER_OI":6.111188500125,"BPS":3.589289771317,"BASIC_EPS":0.293,"DILUTED_EPS":0.293,"OPERATE_INCOME":12289567000,"OPERATE_INCOME_YOY":-10.5759294955,"GROSS_PROFIT":2094723000,"GROSS_PROFIT_YOY":-10.911906380061,"HOLDER_PROFIT":579923000,"HOLDER_PROFIT_YOY":-36.3426406164,"GROSS_PROFIT_RATIO":17.044725823131,"EPS_TTM":0.288376211185,"OPERATE_INCOME_QOQ":-1.509750838138,"NET_PROFIT_RATIO":4.6072249738,"ROE_AVG":8.045443926076,"GROSS_PROFIT_QOQ":-0.297006658375,"ROA":3.627380639969,"HOLDER_PROFIT_QOQ":-22.066034959368,"ROE_YEARLY":8.045443926076,"ROIC_YEARLY":4.386804766488,"TOTAL_ASSETS":16074720000,"TOTAL_LIABILITIES":8603362000,"TAX_EBT":26.77640997389,"OCF_SALES":7.812171087883,"TOTAL_PARENT_EQUITY":7280076000,"DEBT_ASSET_RATIO":53.5210691073,"OPERATE_PROFIT":811991000,"PRETAX_PROFIT":773259000,"NETCASH_OPERATE":960082000,"NETCASH_INVEST":-480840000,"NETCASH_FINANCE":-406440000,"END_CASH":2560890000,"DIVI_RATIO":0.942747665916,"DIVIDEND_RATE":4.2194092827,"CURRENT_RATIO":1.467472175442,"COMMON_ACS":10000000000,"CURRENTDEBT_DEBT":88.931106234981,"ISSUED_COMMON_SHARES":2028277588,"HK_COMMON_SHARES":2028277588,"PER_SHARES":2000,"TOTAL_MARKET_CAP":14421053650.68,"HKSK_MARKET_CAP":14421053650.68,"PE_TTM":12.593618930896,"PB_TTM":1.203826182396,"REPORT_DATE_SQ":"2019-12-31 00:00:00","REPORT_TYPE_SQ":"2019年年报","OPERATE_INCOME_SQ":13743019000,"DPS_HKD":0.3,"OPERATE_INCOME_QOQ_SQ":-1.739774851909,"NET_PROFIT_RATIO_SQ":6.5590027926,"HOLDER_PROFIT_SQ":911007000,"HOLDER_PROFIT_QOQ_SQ":5.927597706121,"ROE_AVG_SQ":13.492587094832,"PE_TTM_SQ":10.739866136424,"PB_TTM_SQ":1.350534407991,"ROA_SQ":5.738014656515,"START_DATE":"2020-01-01 00:00:00","FISCAL_YEAR":"12-31","CURRENCY":"HKD","IS_CNY_CODE":0,"DPS_HKD_LY":0.2,"ORG_TYPE":"一般企业","PREMIUM_INCOME":null,"PREMIUM_INCOME_YOY":null,"NET_INTEREST_INCOME":null,"NET_INTEREST_INCOME_YOY":null,"FEE_COMMISSION_INCOME":null,"FEE_COMMISSION_INCOME_YOY":null,"ACCOUNTS_RECE_TDAYS":4.814741306275,"INVENTORY_TDAYS":2.682515898985,"CURRENT_ASSETS_TDAYS":1.09990574845,"TOTAL_ASSETS_TDAYS":0.768704421266,"PREMIUM_EXPENSE":null,"LOAN_DEPOSIT":null,"LOAN_EQUITY":null,"LOAN_ASSETS":null,"DEPOSIT_EQUITY":null,"DEPOSIT_ASSETS":null,"EQUITY_MULTIPLIER":2.151512482739,"EQUITY_RATIO":1.181768157365},{"SECUCODE":"03899.HK","SECURITY_CODE":"03899","SECURITY_NAME_ABBR":"中集安瑞科","ORG_CODE":"10010818","STD_REPORT_DATE":"2020-06-30 00:00:00","REPORT_DATE":"2020-06-30 00:00:00","DATE_TYPE_CODE":"002","REPORT_TYPE":"2020年中报","PER_NETCASH_OPERATE":0.113139887447,"PER_OI":2.645805907566,"BPS":3.451603982324,"BASIC_EPS":0.109,"DILUTED_EPS":0.109,"OPERATE_INCOME":5319352000,"OPERATE_INCOME_YOY":-19.2130268765,"GROSS_PROFIT":756927000,"GROSS_PROFIT_YOY":-24.852718965747,"HOLDER_PROFIT":215993000,"HOLDER_PROFIT_YOY":-43.5871384955,"GROSS_PROFIT_RATIO":14.22968436757,"EPS_TTM":0.370120220986,"OPERATE_INCOME_QOQ":-9.205153540136,"NET_PROFIT_RATIO":3.8581767102,"ROE_AVG":3.055729469766,"GROSS_PROFIT_QOQ":-10.646520596744,"ROA":1.364496710714,"HOLDER_PROFIT_QOQ":-18.318849361201,"ROE_YEARLY":6.111458939533,"ROIC_YEARLY":3.283942229783,"TOTAL_ASSETS":15758966000,"TOTAL_LIABILITIES":8521922000,"TAX_EBT":23.536622168903,"OCF_SALES":4.276197551882,"TOTAL_PARENT_EQUITY":7000811000,"DEBT_ASSET_RATIO":54.0766570599,"OPERATE_PROFIT":287778000,"PRETAX_PROFIT":268403000,"NETCASH_OPERATE":227466000,"NETCASH_INVEST":-214663000,"NETCASH_FINANCE":-217585000,"END_CASH":2330622000,"DIVI_RATIO":0.734534306922,"DIVIDEND_RATE":4.2194092827,"CURRENT_RATIO":1.444084688532,"COMMON_ACS":10000000000,"CURRENTDEBT_DEBT":89.253140312714,"ISSUED_COMMON_SHARES":2028277588,"HK_COMMON_SHARES":2028277588,"PER_SHARES":2000,"TOTAL_MARKET_CAP":14421053650.68,"HKSK_MARKET_CAP":14421053650.68,"PE_TTM":12.593618930896,"PB_TTM":1.203826182396,"REPORT_DATE_SQ":"2019-06-30 00:00:00","REPORT_TYPE_SQ":"2019年中报","OPERATE_INCOME_SQ":6584418000,"DPS_HKD":0.3,"OPERATE_INCOME_QOQ_SQ":7.161538413799,"NET_PROFIT_RATIO_SQ":5.8840887684,"HOLDER_PROFIT_SQ":382879000,"HOLDER_PROFIT_QOQ_SQ":9.487690674244,"ROE_AVG_SQ":5.912942169752,"PE_TTM_SQ":10.739866136424,"PB_TTM_SQ":1.350534407991,"ROA_SQ":2.444089035215,"START_DATE":"2020-01-01 00:00:00","FISCAL_YEAR":"12-31","CURRENCY":"HKD","IS_CNY_CODE":0,"DPS_HKD_LY":0.2,"ORG_TYPE":"一般企业","PREMIUM_INCOME":null,"PREMIUM_INCOME_YOY":null,"NET_INTEREST_INCOME":null,"NET_INTEREST_INCOME_YOY":null,"FEE_COMMISSION_INCOME":null,"FEE_COMMISSION_INCOME_YOY":null,"ACCOUNTS_RECE_TDAYS":1.988481848407,"INVENTORY_TDAYS":1.211315103615,"CURRENT_ASSETS_TDAYS":0.481330842837,"TOTAL_ASSETS_TDAYS":0.336040441456,"PREMIUM_EXPENSE":null,"LOAN_DEPOSIT":null,"LOAN_EQUITY":null,"LOAN_ASSETS":null,"DEPOSIT_EQUITY":null,"DEPOSIT_ASSETS":null,"EQUITY_MULTIPLIER":2.17754182509,"EQUITY_RATIO":1.217276398406}],"count":42},"success":true,"message":"ok","code":0}