{"version":"752603fa422e3e43bcaca9e6ed00e380","result":{"pages":9,"data":[{"SECUCODE":"03898.HK","SECURITY_CODE":"03898","SECURITY_NAME_ABBR":"时代电气","ORG_CODE":"10077987","STD_REPORT_DATE":"2024-09-30 00:00:00","REPORT_DATE":"2024-09-30 00:00:00","DATE_TYPE_CODE":"004","REPORT_TYPE":"2024年三季报","PER_NETCASH_OPERATE":0.392808798904,"PER_OI":11.516807460021,"BPS":28.820578046091,"BASIC_EPS":1.77,"DILUTED_EPS":1.77,"OPERATE_INCOME":16256435692,"OPERATE_INCOME_YOY":15.3322661651,"GROSS_PROFIT":4807437516,"GROSS_PROFIT_YOY":19.962815999471,"HOLDER_PROFIT":2501185911,"HOLDER_PROFIT_YOY":21.8249671766,"GROSS_PROFIT_RATIO":29.572518890877,"EPS_TTM":2.51766957934,"OPERATE_INCOME_QOQ":1.903701214952,"NET_PROFIT_RATIO":16.407773503,"ROE_AVG":6.462469664544,"GROSS_PROFIT_QOQ":3.5662820995,"ROA":4.289298478356,"HOLDER_PROFIT_QOQ":2.758956138862,"ROE_YEARLY":8.616626219392,"ROIC_YEARLY":5.134991210069,"TOTAL_ASSETS":63219627390,"TOTAL_LIABILITIES":19606696154,"TAX_EBT":7.393976169401,"OCF_SALES":3.41074382174,"TOTAL_PARENT_EQUITY":40540547152,"DEBT_ASSET_RATIO":31.0136218188,"OPERATE_PROFIT":2729759949,"PRETAX_PROFIT":2880286873,"NETCASH_OPERATE":554465376,"NETCASH_INVEST":-4460077013,"NETCASH_FINANCE":2690486512,"END_CASH":5792473531,"DIVI_RATIO":0.307752099941,"DIVIDEND_RATE":2.692913385827,"CURRENT_RATIO":2.459741859028,"COMMON_ACS":null,"CURRENTDEBT_DEBT":91.188724013313,"ISSUED_COMMON_SHARES":1406652812,"HK_COMMON_SHARES":537745300,"PER_SHARES":100,"TOTAL_MARKET_CAP":44661226781,"HKSK_MARKET_CAP":17073413275,"PE_TTM":11.268742573748,"PB_TTM":0.993451014557,"REPORT_DATE_SQ":"2023-09-30 00:00:00","REPORT_TYPE_SQ":"2023年三季报","OPERATE_INCOME_SQ":14095305878,"DPS_HKD":0.855,"OPERATE_INCOME_QOQ_SQ":5.859456293381,"NET_PROFIT_RATIO_SQ":14.9013826602,"HOLDER_PROFIT_SQ":2053097956,"HOLDER_PROFIT_QOQ_SQ":7.300314290793,"ROE_AVG_SQ":5.832443971907,"PE_TTM_SQ":8.738947086313,"PB_TTM_SQ":0.753549345688,"ROA_SQ":4.093705352602,"START_DATE":"2024-01-01 00:00:00","FISCAL_YEAR":"12-31","CURRENCY":"HKD","IS_CNY_CODE":0,"DPS_HKD_LY":0.855,"ORG_TYPE":"一般企业","PREMIUM_INCOME":null,"PREMIUM_INCOME_YOY":null,"NET_INTEREST_INCOME":null,"NET_INTEREST_INCOME_YOY":null,"FEE_COMMISSION_INCOME":null,"FEE_COMMISSION_INCOME_YOY":null,"ACCOUNTS_RECE_TDAYS":0.879014264902,"INVENTORY_TDAYS":1.922842288344,"CURRENT_ASSETS_TDAYS":0.398965529413,"TOTAL_ASSETS_TDAYS":0.27878257498,"PREMIUM_EXPENSE":null,"LOAN_DEPOSIT":null,"LOAN_EQUITY":null,"LOAN_ASSETS":null,"DEPOSIT_EQUITY":null,"DEPOSIT_ASSETS":null,"EQUITY_MULTIPLIER":1.44956153137,"EQUITY_RATIO":0.483631759593},{"SECUCODE":"03898.HK","SECURITY_CODE":"03898","SECURITY_NAME_ABBR":"时代电气","ORG_CODE":"10077987","STD_REPORT_DATE":"2024-06-30 00:00:00","REPORT_DATE":"2024-06-30 00:00:00","DATE_TYPE_CODE":"002","REPORT_TYPE":"2024年中报","PER_NETCASH_OPERATE":0.474916376305,"PER_OI":7.285470179398,"BPS":28.094193206646,"BASIC_EPS":1.07,"DILUTED_EPS":1.07,"OPERATE_INCOME":10283733393,"OPERATE_INCOME_YOY":19.9939398619,"GROSS_PROFIT":2862543703,"GROSS_PROFIT_YOY":22.108336973909,"HOLDER_PROFIT":1506841018,"HOLDER_PROFIT_YOY":30.5564542548,"GROSS_PROFIT_RATIO":27.835646779296,"EPS_TTM":2.450073136143,"OPERATE_INCOME_QOQ":3.86219970329,"NET_PROFIT_RATIO":15.5685926873,"ROE_AVG":3.945398431309,"GROSS_PROFIT_QOQ":2.354307024519,"ROA":2.6128446865,"HOLDER_PROFIT_QOQ":6.801064747761,"ROE_YEARLY":7.890796862619,"ROIC_YEARLY":6.496612478106,"TOTAL_ASSETS":61936184997,"TOTAL_LIABILITIES":19395527401,"TAX_EBT":6.303536896678,"OCF_SALES":6.518678473873,"TOTAL_PARENT_EQUITY":39518775875,"DEBT_ASSET_RATIO":31.3153407849,"OPERATE_PROFIT":1630696848,"PRETAX_PROFIT":1708743865,"NETCASH_OPERATE":670363515,"NETCASH_INVEST":-3074478598,"NETCASH_FINANCE":4495429019,"END_CASH":9099835326,"DIVI_RATIO":0.316242845395,"DIVIDEND_RATE":2.78955954323,"CURRENT_RATIO":2.489141991439,"COMMON_ACS":null,"CURRENTDEBT_DEBT":89.205570177524,"ISSUED_COMMON_SHARES":1406652812,"HK_COMMON_SHARES":537745300,"PER_SHARES":100,"TOTAL_MARKET_CAP":43113908687.8,"HKSK_MARKET_CAP":16481893445,"PE_TTM":10.878329445209,"PB_TTM":0.959032239249,"REPORT_DATE_SQ":"2023-06-30 00:00:00","REPORT_TYPE_SQ":"2023年中报","OPERATE_INCOME_SQ":8570210633,"DPS_HKD":0.855,"OPERATE_INCOME_QOQ_SQ":8.088729309893,"NET_PROFIT_RATIO_SQ":13.865666935,"HOLDER_PROFIT_SQ":1154168154,"HOLDER_PROFIT_QOQ_SQ":7.135167069671,"ROE_AVG_SQ":3.321371732867,"PE_TTM_SQ":8.885996676708,"PB_TTM_SQ":0.766229262562,"ROA_SQ":2.334022054481,"START_DATE":"2024-01-01 00:00:00","FISCAL_YEAR":"12-31","CURRENCY":"HKD","IS_CNY_CODE":0,"DPS_HKD_LY":0.855,"ORG_TYPE":"一般企业","PREMIUM_INCOME":null,"PREMIUM_INCOME_YOY":null,"NET_INTEREST_INCOME":null,"NET_INTEREST_INCOME_YOY":null,"FEE_COMMISSION_INCOME":null,"FEE_COMMISSION_INCOME_YOY":null,"ACCOUNTS_RECE_TDAYS":0.588491418014,"INVENTORY_TDAYS":1.291014124718,"CURRENT_ASSETS_TDAYS":0.2552370102,"TOTAL_ASSETS_TDAYS":0.178318733246,"PREMIUM_EXPENSE":null,"LOAN_DEPOSIT":null,"LOAN_EQUITY":null,"LOAN_ASSETS":null,"DEPOSIT_EQUITY":null,"DEPOSIT_ASSETS":null,"EQUITY_MULTIPLIER":1.455929186266,"EQUITY_RATIO":0.490792717425},{"SECUCODE":"03898.HK","SECURITY_CODE":"03898","SECURITY_NAME_ABBR":"时代电气","ORG_CODE":"10077987","STD_REPORT_DATE":"2024-03-31 00:00:00","REPORT_DATE":"2024-03-31 00:00:00","DATE_TYPE_CODE":"003","REPORT_TYPE":"2024年一季报","PER_NETCASH_OPERATE":-0.340530884991,"PER_OI":2.771162913313,"BPS":26.568859897889,"BASIC_EPS":0.4,"DILUTED_EPS":0.4,"OPERATE_INCOME":3924623207,"OPERATE_INCOME_YOY":27.1985664473,"GROSS_PROFIT":1336722521,"GROSS_PROFIT_YOY":33.652755905191,"HOLDER_PROFIT":567547208,"HOLDER_PROFIT_YOY":30.4397715737,"GROSS_PROFIT_RATIO":34.059894427975,"EPS_TTM":2.286445114912,"OPERATE_INCOME_QOQ":3.849695449074,"NET_PROFIT_RATIO":14.7147191091,"ROE_AVG":1.528970771165,"GROSS_PROFIT_QOQ":4.559882976853,"ROA":1.04605691868,"HOLDER_PROFIT_QOQ":4.264551262424,"ROE_YEARLY":6.115883084661,"ROIC_YEARLY":5.010567566813,"TOTAL_ASSETS":55106878479,"TOTAL_LIABILITIES":16871994328,"TAX_EBT":7.238823626681,"OCF_SALES":-12.288374795823,"TOTAL_PARENT_EQUITY":37373161487,"DEBT_ASSET_RATIO":30.6168572666,"OPERATE_PROFIT":573390593,"PRETAX_PROFIT":622563559,"NETCASH_OPERATE":-482272409,"NETCASH_INVEST":411976397,"NETCASH_FINANCE":196867281,"END_CASH":7134783664,"DIVI_RATIO":0.33887456775,"DIVIDEND_RATE":2.78955954323,"CURRENT_RATIO":2.761575517609,"COMMON_ACS":null,"CURRENTDEBT_DEBT":85.55934183811,"ISSUED_COMMON_SHARES":1406652812,"HK_COMMON_SHARES":537745300,"PER_SHARES":100,"TOTAL_MARKET_CAP":43113908687.8,"HKSK_MARKET_CAP":16481893445,"PE_TTM":10.878329445209,"PB_TTM":0.959032239249,"REPORT_DATE_SQ":"2023-03-31 00:00:00","REPORT_TYPE_SQ":"2023年一季报","OPERATE_INCOME_SQ":3085430376,"DPS_HKD":0.855,"OPERATE_INCOME_QOQ_SQ":2.999086304462,"NET_PROFIT_RATIO_SQ":14.5018767067,"HOLDER_PROFIT_SQ":435102884,"HOLDER_PROFIT_QOQ_SQ":3.682890802264,"ROE_AVG_SQ":1.251867298734,"PE_TTM_SQ":8.885996676708,"PB_TTM_SQ":0.766229262562,"ROA_SQ":0.891096143304,"START_DATE":"2024-01-01 00:00:00","FISCAL_YEAR":"12-31","CURRENCY":"HKD","IS_CNY_CODE":0,"DPS_HKD_LY":0.855,"ORG_TYPE":"一般企业","PREMIUM_INCOME":null,"PREMIUM_INCOME_YOY":null,"NET_INTEREST_INCOME":null,"NET_INTEREST_INCOME_YOY":null,"FEE_COMMISSION_INCOME":null,"FEE_COMMISSION_INCOME_YOY":null,"ACCOUNTS_RECE_TDAYS":0.230226990048,"INVENTORY_TDAYS":0.449566555668,"CURRENT_ASSETS_TDAYS":0.101437818517,"TOTAL_ASSETS_TDAYS":0.072335467447,"PREMIUM_EXPENSE":null,"LOAN_DEPOSIT":null,"LOAN_EQUITY":null,"LOAN_ASSETS":null,"DEPOSIT_EQUITY":null,"DEPOSIT_ASSETS":null,"EQUITY_MULTIPLIER":1.441272275374,"EQUITY_RATIO":0.451446804517},{"SECUCODE":"03898.HK","SECURITY_CODE":"03898","SECURITY_NAME_ABBR":"时代电气","ORG_CODE":"10077987","STD_REPORT_DATE":"2023-12-31 00:00:00","REPORT_DATE":"2023-12-31 00:00:00","DATE_TYPE_CODE":"001","REPORT_TYPE":"2023年年报","PER_NETCASH_OPERATE":1.964279799113,"PER_OI":15.392156913363,"BPS":26.208284136996,"BASIC_EPS":2.19,"DILUTED_EPS":2.19,"OPERATE_INCOME":21798940776,"OPERATE_INCOME_YOY":20.8783877559,"GROSS_PROFIT":7381256289,"GROSS_PROFIT_YOY":25.220381219642,"HOLDER_PROFIT":3105703645,"HOLDER_PROFIT_YOY":21.5147993159,"GROSS_PROFIT_RATIO":33.860619031208,"EPS_TTM":2.192926634439,"OPERATE_INCOME_QOQ":2.566424551081,"NET_PROFIT_RATIO":14.4506744037,"ROE_AVG":8.699857370584,"GROSS_PROFIT_QOQ":7.813576419963,"ROA":6.094729653203,"HOLDER_PROFIT_QOQ":1.950422848131,"ROE_YEARLY":8.699857370584,"ROIC_YEARLY":7.316555369433,"TOTAL_ASSETS":53404847387,"TOTAL_LIABILITIES":15688316505,"TAX_EBT":6.235798756269,"OCF_SALES":12.761562984119,"TOTAL_PARENT_EQUITY":36865956579,"DEBT_ASSET_RATIO":29.3762032336,"OPERATE_PROFIT":3193440037,"PRETAX_PROFIT":3359591308,"NETCASH_OPERATE":2781885557,"NETCASH_INVEST":-2276766546,"NETCASH_FINANCE":-589056928,"END_CASH":7009438954,"DIVI_RATIO":0.353326047407,"DIVIDEND_RATE":2.78955954323,"CURRENT_RATIO":2.792923545859,"COMMON_ACS":null,"CURRENTDEBT_DEBT":85.618821176377,"ISSUED_COMMON_SHARES":1406652812,"HK_COMMON_SHARES":537745300,"PER_SHARES":100,"TOTAL_MARKET_CAP":43113908687.8,"HKSK_MARKET_CAP":16481893445,"PE_TTM":10.878329445209,"PB_TTM":0.959032239249,"REPORT_DATE_SQ":"2022-12-31 00:00:00","REPORT_TYPE_SQ":"2022年年报","OPERATE_INCOME_SQ":18033778561,"DPS_HKD":0.855,"OPERATE_INCOME_QOQ_SQ":3.222744107449,"NET_PROFIT_RATIO_SQ":14.3728770886,"HOLDER_PROFIT_SQ":2555823375,"HOLDER_PROFIT_QOQ_SQ":7.478321218897,"ROE_AVG_SQ":7.612089082459,"PE_TTM_SQ":8.885996676708,"PB_TTM_SQ":0.766229262562,"ROA_SQ":5.516544571292,"START_DATE":"2023-01-01 00:00:00","FISCAL_YEAR":"12-31","CURRENCY":"HKD","IS_CNY_CODE":0,"DPS_HKD_LY":0.601,"ORG_TYPE":"一般企业","PREMIUM_INCOME":null,"PREMIUM_INCOME_YOY":null,"NET_INTEREST_INCOME":null,"NET_INTEREST_INCOME_YOY":null,"FEE_COMMISSION_INCOME":null,"FEE_COMMISSION_INCOME_YOY":null,"ACCOUNTS_RECE_TDAYS":1.408759077663,"INVENTORY_TDAYS":2.559835545258,"CURRENT_ASSETS_TDAYS":0.589493727579,"TOTAL_ASSETS_TDAYS":0.427789209604,"PREMIUM_EXPENSE":null,"LOAN_DEPOSIT":null,"LOAN_EQUITY":null,"LOAN_ASSETS":null,"DEPOSIT_EQUITY":null,"DEPOSIT_ASSETS":null,"EQUITY_MULTIPLIER":1.415953327046,"EQUITY_RATIO":0.425550235524},{"SECUCODE":"03898.HK","SECURITY_CODE":"03898","SECURITY_NAME_ABBR":"时代电气","ORG_CODE":"10077987","STD_REPORT_DATE":"2023-09-30 00:00:00","REPORT_DATE":"2023-09-30 00:00:00","DATE_TYPE_CODE":"004","REPORT_TYPE":"2023年三季报","PER_NETCASH_OPERATE":-0.165117741261,"PER_OI":9.952646876076,"BPS":25.501647129256,"BASIC_EPS":1.45,"DILUTED_EPS":1.45,"OPERATE_INCOME":14095305878,"OPERATE_INCOME_YOY":29.6048771477,"GROSS_PROFIT":4007439702,"GROSS_PROFIT_YOY":10.796691888626,"HOLDER_PROFIT":2053097956,"HOLDER_PROFIT_YOY":31.3870698763,"GROSS_PROFIT_RATIO":32.412440131085,"EPS_TTM":2.150973554769,"OPERATE_INCOME_QOQ":5.859456293381,"NET_PROFIT_RATIO":14.9013826602,"ROE_AVG":5.832443971907,"GROSS_PROFIT_QOQ":8.225856362408,"ROA":4.093705352602,"HOLDER_PROFIT_QOQ":7.300314290793,"ROE_YEARLY":7.776591962543,"ROIC_YEARLY":4.912643802093,"TOTAL_ASSETS":51795561445,"TOTAL_LIABILITIES":14972874699,"TAX_EBT":6.917072425171,"OCF_SALES":-1.659033454286,"TOTAL_PARENT_EQUITY":35871963645,"DEBT_ASSET_RATIO":28.9076405029,"OPERATE_PROFIT":2094940652,"PRETAX_PROFIT":2256477660,"NETCASH_OPERATE":-233845840,"NETCASH_INVEST":238156412,"NETCASH_FINANCE":-501017915,"END_CASH":6576798295,"DIVI_RATIO":0.360217399364,"DIVIDEND_RATE":2.78955954323,"CURRENT_RATIO":2.930431649381,"COMMON_ACS":null,"CURRENTDEBT_DEBT":85.941997683714,"ISSUED_COMMON_SHARES":1406652812,"HK_COMMON_SHARES":537745300,"PER_SHARES":100,"TOTAL_MARKET_CAP":43113908687.8,"HKSK_MARKET_CAP":16481893445,"PE_TTM":10.878329445209,"PB_TTM":0.959032239249,"REPORT_DATE_SQ":"2022-09-30 00:00:00","REPORT_TYPE_SQ":"2022年三季报","OPERATE_INCOME_SQ":10875598348,"DPS_HKD":0.855,"OPERATE_INCOME_QOQ_SQ":6.854957330699,"NET_PROFIT_RATIO_SQ":14.4658555296,"HOLDER_PROFIT_SQ":1562633186,"HOLDER_PROFIT_QOQ_SQ":8.41462253051,"ROE_AVG_SQ":4.718782924807,"PE_TTM_SQ":8.885996676708,"PB_TTM_SQ":0.766229262562,"ROA_SQ":3.427288408183,"START_DATE":"2023-01-01 00:00:00","FISCAL_YEAR":"12-31","CURRENCY":"HKD","IS_CNY_CODE":0,"DPS_HKD_LY":0.601,"ORG_TYPE":"一般企业","PREMIUM_INCOME":null,"PREMIUM_INCOME_YOY":null,"NET_INTEREST_INCOME":null,"NET_INTEREST_INCOME_YOY":null,"FEE_COMMISSION_INCOME":null,"FEE_COMMISSION_INCOME_YOY":null,"ACCOUNTS_RECE_TDAYS":0.917426340906,"INVENTORY_TDAYS":1.507452115053,"CURRENT_ASSETS_TDAYS":0.380173507294,"TOTAL_ASSETS_TDAYS":0.281048592692,"PREMIUM_EXPENSE":null,"LOAN_DEPOSIT":null,"LOAN_EQUITY":null,"LOAN_ASSETS":null,"DEPOSIT_EQUITY":null,"DEPOSIT_ASSETS":null,"EQUITY_MULTIPLIER":1.406620918301,"EQUITY_RATIO":0.417397688266},{"SECUCODE":"03898.HK","SECURITY_CODE":"03898","SECURITY_NAME_ABBR":"时代电气","ORG_CODE":"10077987","STD_REPORT_DATE":"2023-06-30 00:00:00","REPORT_DATE":"2023-06-30 00:00:00","DATE_TYPE_CODE":"002","REPORT_TYPE":"2023年中报","PER_NETCASH_OPERATE":-0.3304949956,"PER_OI":6.051396175586,"BPS":24.859571933234,"BASIC_EPS":0.81,"DILUTED_EPS":0.81,"OPERATE_INCOME":8570210633,"OPERATE_INCOME_YOY":31.3057735029,"GROSS_PROFIT":2344265571,"GROSS_PROFIT_YOY":5.016641124098,"HOLDER_PROFIT":1154168154,"HOLDER_PROFIT_YOY":32.5165527208,"GROSS_PROFIT_RATIO":31.079962232709,"EPS_TTM":2.004629314449,"OPERATE_INCOME_QOQ":8.088729309893,"NET_PROFIT_RATIO":13.865666935,"ROE_AVG":3.321371732867,"GROSS_PROFIT_QOQ":5.697330786916,"ROA":2.334022054481,"HOLDER_PROFIT_QOQ":7.135167069671,"ROE_YEARLY":6.642743465734,"ROIC_YEARLY":5.603752121015,"TOTAL_ASSETS":50389952338,"TOTAL_LIABILITIES":14621548242,"TAX_EBT":3.045193126478,"OCF_SALES":-5.461466841873,"TOTAL_PARENT_EQUITY":34968786765,"DEBT_ASSET_RATIO":29.0167931573,"OPERATE_PROFIT":1098956991,"PRETAX_PROFIT":1225639966,"NETCASH_OPERATE":-468059212,"NETCASH_INVEST":69930686,"NETCASH_FINANCE":37816024,"END_CASH":6719505421,"DIVI_RATIO":0.386514401648,"DIVIDEND_RATE":2.78955954323,"CURRENT_RATIO":2.882839977598,"COMMON_ACS":null,"CURRENTDEBT_DEBT":88.420719058077,"ISSUED_COMMON_SHARES":1406652812,"HK_COMMON_SHARES":537745300,"PER_SHARES":100,"TOTAL_MARKET_CAP":43113908687.8,"HKSK_MARKET_CAP":16481893445,"PE_TTM":10.878329445209,"PB_TTM":0.959032239249,"REPORT_DATE_SQ":"2022-06-30 00:00:00","REPORT_TYPE_SQ":"2022年中报","OPERATE_INCOME_SQ":6526910740,"DPS_HKD":0.855,"OPERATE_INCOME_QOQ_SQ":4.908530336426,"NET_PROFIT_RATIO_SQ":13.4686576394,"HOLDER_PROFIT_SQ":870961499,"HOLDER_PROFIT_QOQ_SQ":4.528492512554,"ROE_AVG_SQ":2.658593059404,"PE_TTM_SQ":8.885996676708,"PB_TTM_SQ":0.766229262562,"ROA_SQ":1.933046625263,"START_DATE":"2023-01-01 00:00:00","FISCAL_YEAR":"12-31","CURRENCY":"HKD","IS_CNY_CODE":0,"DPS_HKD_LY":0.601,"ORG_TYPE":"一般企业","PREMIUM_INCOME":null,"PREMIUM_INCOME_YOY":null,"NET_INTEREST_INCOME":null,"NET_INTEREST_INCOME_YOY":null,"FEE_COMMISSION_INCOME":null,"FEE_COMMISSION_INCOME_YOY":null,"ACCOUNTS_RECE_TDAYS":0.574562830305,"INVENTORY_TDAYS":0.961737281417,"CURRENT_ASSETS_TDAYS":0.232526191368,"TOTAL_ASSETS_TDAYS":0.173311493301,"PREMIUM_EXPENSE":null,"LOAN_DEPOSIT":null,"LOAN_EQUITY":null,"LOAN_ASSETS":null,"DEPOSIT_EQUITY":null,"DEPOSIT_ASSETS":null,"EQUITY_MULTIPLIER":1.408783914505,"EQUITY_RATIO":0.418131413602},{"SECUCODE":"03898.HK","SECURITY_CODE":"03898","SECURITY_NAME_ABBR":"时代电气","ORG_CODE":"10077987","STD_REPORT_DATE":"2023-03-31 00:00:00","REPORT_DATE":"2023-03-31 00:00:00","DATE_TYPE_CODE":"003","REPORT_TYPE":"2023年一季报","PER_NETCASH_OPERATE":-0.898277857483,"PER_OI":2.178611749105,"BPS":24.86890899842,"BASIC_EPS":0.31,"DILUTED_EPS":0.31,"OPERATE_INCOME":3085430376,"OPERATE_INCOME_YOY":21.2549105117,"GROSS_PROFIT":1000145872,"GROSS_PROFIT_YOY":9.931373500175,"HOLDER_PROFIT":435102884,"HOLDER_PROFIT_YOY":27.6056211795,"GROSS_PROFIT_RATIO":32.415117183639,"EPS_TTM":1.871121658069,"OPERATE_INCOME_QOQ":2.999086304462,"NET_PROFIT_RATIO":14.5018767067,"ROE_AVG":1.251867298734,"GROSS_PROFIT_QOQ":1.532836186402,"ROA":0.891096143304,"HOLDER_PROFIT_QOQ":3.682890802264,"ROE_YEARLY":5.007469194935,"ROIC_YEARLY":4.251614838803,"TOTAL_ASSETS":49146099383,"TOTAL_LIABILITIES":13388648668,"TAX_EBT":4.950256152558,"OCF_SALES":-41.231663138329,"TOTAL_PARENT_EQUITY":34981920774,"DEBT_ASSET_RATIO":27.2425458706,"OPERATE_PROFIT":422098506,"PRETAX_PROFIT":470748569,"NETCASH_OPERATE":-1272174259,"NETCASH_INVEST":209674902,"NETCASH_FINANCE":926876,"END_CASH":6014183114,"DIVI_RATIO":0.414092849954,"DIVIDEND_RATE":2.78955954323,"CURRENT_RATIO":3.09836957433,"COMMON_ACS":null,"CURRENTDEBT_DEBT":87.227802092626,"ISSUED_COMMON_SHARES":1406652812,"HK_COMMON_SHARES":537745300,"PER_SHARES":100,"TOTAL_MARKET_CAP":43113908687.8,"HKSK_MARKET_CAP":16481893445,"PE_TTM":10.878329445209,"PB_TTM":0.959032239249,"REPORT_DATE_SQ":"2022-03-31 00:00:00","REPORT_TYPE_SQ":"2022年一季报","OPERATE_INCOME_SQ":2544581793,"DPS_HKD":0.855,"OPERATE_INCOME_QOQ_SQ":3.067212983939,"NET_PROFIT_RATIO_SQ":13.4784054474,"HOLDER_PROFIT_SQ":340974700,"HOLDER_PROFIT_QOQ_SQ":3.999665021686,"ROE_AVG_SQ":1.039520621526,"PE_TTM_SQ":8.885996676708,"PB_TTM_SQ":0.766229262562,"ROA_SQ":0.765897646186,"START_DATE":"2023-01-01 00:00:00","FISCAL_YEAR":"12-31","CURRENCY":"HKD","IS_CNY_CODE":0,"DPS_HKD_LY":0.601,"ORG_TYPE":"一般企业","PREMIUM_INCOME":null,"PREMIUM_INCOME_YOY":null,"NET_INTEREST_INCOME":null,"NET_INTEREST_INCOME_YOY":null,"FEE_COMMISSION_INCOME":null,"FEE_COMMISSION_INCOME_YOY":null,"ACCOUNTS_RECE_TDAYS":0.208487990147,"INVENTORY_TDAYS":0.337328562017,"CURRENT_ASSETS_TDAYS":0.084965432655,"TOTAL_ASSETS_TDAYS":0.063189999644,"PREMIUM_EXPENSE":null,"LOAN_DEPOSIT":null,"LOAN_EQUITY":null,"LOAN_ASSETS":null,"DEPOSIT_EQUITY":null,"DEPOSIT_ASSETS":null,"EQUITY_MULTIPLIER":1.374429619571,"EQUITY_RATIO":0.382730518272},{"SECUCODE":"03898.HK","SECURITY_CODE":"03898","SECURITY_NAME_ABBR":"时代电气","ORG_CODE":"10077987","STD_REPORT_DATE":"2022-12-31 00:00:00","REPORT_DATE":"2022-12-31 00:00:00","DATE_TYPE_CODE":"001","REPORT_TYPE":"2022年年报","PER_NETCASH_OPERATE":1.441309318875,"PER_OI":12.733588856636,"BPS":24.54813277905,"BASIC_EPS":1.8,"DILUTED_EPS":1.8,"OPERATE_INCOME":18033778561,"OPERATE_INCOME_YOY":19.2618140967,"GROSS_PROFIT":5894612536,"GROSS_PROFIT_YOY":15.541023384266,"HOLDER_PROFIT":2555823375,"HOLDER_PROFIT_YOY":26.6704647337,"GROSS_PROFIT_RATIO":32.686508354648,"EPS_TTM":1.804658071926,"OPERATE_INCOME_QOQ":3.222744107449,"NET_PROFIT_RATIO":14.3728770886,"ROE_AVG":7.612089082459,"GROSS_PROFIT_QOQ":7.362313461043,"ROA":5.516544571292,"HOLDER_PROFIT_QOQ":7.478321218897,"ROE_YEARLY":7.612089082459,"ROIC_YEARLY":6.770041668103,"TOTAL_ASSETS":48509554784,"TOTAL_LIABILITIES":13213823602,"TAX_EBT":11.884071852789,"OCF_SALES":11.318955991921,"TOTAL_PARENT_EQUITY":34530700003,"DEBT_ASSET_RATIO":27.2396307508,"OPERATE_PROFIT":2750649095,"PRETAX_PROFIT":2941548573,"NETCASH_OPERATE":2041235459,"NETCASH_INVEST":-2262987012,"NETCASH_FINANCE":-591383415,"END_CASH":7074871530,"DIVI_RATIO":0.429343437438,"DIVIDEND_RATE":2.78955954323,"CURRENT_RATIO":3.114294910856,"COMMON_ACS":null,"CURRENTDEBT_DEBT":88.558105613192,"ISSUED_COMMON_SHARES":1406652812,"HK_COMMON_SHARES":537745300,"PER_SHARES":100,"TOTAL_MARKET_CAP":43113908687.8,"HKSK_MARKET_CAP":16481893445,"PE_TTM":10.878329445209,"PB_TTM":0.959032239249,"REPORT_DATE_SQ":"2021-12-31 00:00:00","REPORT_TYPE_SQ":"2021年年报","OPERATE_INCOME_SQ":15121167406,"DPS_HKD":0.855,"OPERATE_INCOME_QOQ_SQ":3.002346098742,"NET_PROFIT_RATIO_SQ":13.4553562855,"HOLDER_PROFIT_SQ":2017694796,"HOLDER_PROFIT_QOQ_SQ":-7.470707202301,"ROE_AVG_SQ":7.145638773284,"PE_TTM_SQ":8.885996676708,"PB_TTM_SQ":0.766229262562,"ROA_SQ":5.172484443109,"START_DATE":"2022-01-01 00:00:00","FISCAL_YEAR":"12-31","CURRENCY":"HKD","IS_CNY_CODE":0,"DPS_HKD_LY":0.52521,"ORG_TYPE":"一般企业","PREMIUM_INCOME":null,"PREMIUM_INCOME_YOY":null,"NET_INTEREST_INCOME":null,"NET_INTEREST_INCOME_YOY":null,"FEE_COMMISSION_INCOME":null,"FEE_COMMISSION_INCOME_YOY":null,"ACCOUNTS_RECE_TDAYS":1.353861504301,"INVENTORY_TDAYS":2.259990390631,"CURRENT_ASSETS_TDAYS":0.507377859128,"TOTAL_ASSETS_TDAYS":0.389244985368,"PREMIUM_EXPENSE":null,"LOAN_DEPOSIT":null,"LOAN_EQUITY":null,"LOAN_ASSETS":null,"DEPOSIT_EQUITY":null,"DEPOSIT_ASSETS":null,"EQUITY_MULTIPLIER":1.374374553509,"EQUITY_RATIO":0.382668859909},{"SECUCODE":"03898.HK","SECURITY_CODE":"03898","SECURITY_NAME_ABBR":"时代电气","ORG_CODE":"10077987","STD_REPORT_DATE":"2022-09-30 00:00:00","REPORT_DATE":"2022-09-30 00:00:00","DATE_TYPE_CODE":"004","REPORT_TYPE":"2022年三季报","PER_NETCASH_OPERATE":0.261675682126,"PER_OI":7.679222491554,"BPS":23.893141479036,"BASIC_EPS":1.1,"DILUTED_EPS":1.1,"OPERATE_INCOME":10875598348,"OPERATE_INCOME_YOY":27.5576721139,"GROSS_PROFIT":3616930825,"GROSS_PROFIT_YOY":12.038708185431,"HOLDER_PROFIT":1562633186,"HOLDER_PROFIT_YOY":29.9661808248,"GROSS_PROFIT_RATIO":33.257304189292,"EPS_TTM":1.679090305337,"OPERATE_INCOME_QOQ":6.854957330699,"NET_PROFIT_RATIO":14.4658555296,"ROE_AVG":4.718782924807,"GROSS_PROFIT_QOQ":2.887101917909,"ROA":3.427288408183,"HOLDER_PROFIT_QOQ":8.41462253051,"ROE_YEARLY":6.291710566409,"ROIC_YEARLY":4.228610498239,"TOTAL_ASSETS":47036981039,"TOTAL_LIABILITIES":12732099583,"TAX_EBT":14.378331166028,"OCF_SALES":3.407580421248,"TOTAL_PARENT_EQUITY":33609354649,"DEBT_ASSET_RATIO":27.068275433,"OPERATE_PROFIT":1710590710,"PRETAX_PROFIT":1837441814,"NETCASH_OPERATE":370594760,"NETCASH_INVEST":-265039812,"NETCASH_FINANCE":-723188309,"END_CASH":7267121279,"DIVI_RATIO":0.461451118821,"DIVIDEND_RATE":2.78955954323,"CURRENT_RATIO":3.19565732468,"COMMON_ACS":null,"CURRENTDEBT_DEBT":88.467476762744,"ISSUED_COMMON_SHARES":1406652812,"HK_COMMON_SHARES":537745300,"PER_SHARES":100,"TOTAL_MARKET_CAP":43113908687.8,"HKSK_MARKET_CAP":16481893445,"PE_TTM":10.878329445209,"PB_TTM":0.959032239249,"REPORT_DATE_SQ":"2021-09-30 00:00:00","REPORT_TYPE_SQ":"2021年三季报","OPERATE_INCOME_SQ":8526024478,"DPS_HKD":0.855,"OPERATE_INCOME_QOQ_SQ":-6.861760670076,"NET_PROFIT_RATIO_SQ":14.2106894383,"HOLDER_PROFIT_SQ":1202338313,"HOLDER_PROFIT_QOQ_SQ":-12.162467122381,"ROE_AVG_SQ":4.267235620242,"PE_TTM_SQ":8.885996676708,"PB_TTM_SQ":0.766229262562,"ROA_SQ":3.108176005883,"START_DATE":"2022-01-01 00:00:00","FISCAL_YEAR":"12-31","CURRENCY":"HKD","IS_CNY_CODE":0,"DPS_HKD_LY":0.52521,"ORG_TYPE":"一般企业","PREMIUM_INCOME":null,"PREMIUM_INCOME_YOY":null,"NET_INTEREST_INCOME":null,"NET_INTEREST_INCOME_YOY":null,"FEE_COMMISSION_INCOME":null,"FEE_COMMISSION_INCOME_YOY":null,"ACCOUNTS_RECE_TDAYS":0.827905729904,"INVENTORY_TDAYS":1.259736481216,"CURRENT_ASSETS_TDAYS":0.30792433333,"TOTAL_ASSETS_TDAYS":0.238532065517,"PREMIUM_EXPENSE":null,"LOAN_DEPOSIT":null,"LOAN_EQUITY":null,"LOAN_ASSETS":null,"DEPOSIT_EQUITY":null,"DEPOSIT_ASSETS":null,"EQUITY_MULTIPLIER":1.371145418454,"EQUITY_RATIO":0.37882606542}],"count":73},"success":true,"message":"ok","code":0}