{"version":"d5e8709489ee55d9749e7ee463d881cf","result":{"pages":5,"data":[{"SECUCODE":"03908.HK","SECURITY_CODE":"03908","SECURITY_NAME_ABBR":"中金公司","ORG_CODE":"10014783","STD_REPORT_DATE":"2024-09-30 00:00:00","REPORT_DATE":"2024-09-30 00:00:00","DATE_TYPE_CODE":"004","REPORT_TYPE":"2024年三季报","PER_NETCASH_OPERATE":5.048992598999,"PER_OI":2.786100816419,"BPS":18.521323691864,"BASIC_EPS":0.49,"DILUTED_EPS":null,"OPERATE_INCOME":13449224301,"OPERATE_INCOME_YOY":-22.9957010389,"GROSS_PROFIT":null,"GROSS_PROFIT_YOY":null,"HOLDER_PROFIT":2858163486,"HOLDER_PROFIT_YOY":-37.9697892403,"GROSS_PROFIT_RATIO":null,"EPS_TTM":0.91285764721,"OPERATE_INCOME_QOQ":-0.952026535506,"NET_PROFIT_RATIO":21.264593459,"ROE_AVG":2.678559549565,"GROSS_PROFIT_QOQ":null,"ROA":0.446697470216,"HOLDER_PROFIT_QOQ":-8.643943514969,"ROE_YEARLY":3.571412732754,"ROIC_YEARLY":0.529738316153,"TOTAL_ASSETS":655379857305,"TOTAL_LIABILITIES":546276812704,"TAX_EBT":7.068201899739,"OCF_SALES":181.220742955323,"TOTAL_PARENT_EQUITY":108807186996,"DEBT_ASSET_RATIO":83.3527009741,"OPERATE_PROFIT":3128931992,"PRETAX_PROFIT":3077442737,"NETCASH_OPERATE":24372784200,"NETCASH_INVEST":-10301514980,"NETCASH_FINANCE":-3680495087,"END_CASH":155656592100,"DIVI_RATIO":0.293950049042,"DIVIDEND_RATE":2.140605797101,"CURRENT_RATIO":1.038125261497,"COMMON_ACS":null,"CURRENTDEBT_DEBT":99.207085442716,"ISSUED_COMMON_SHARES":4827256868,"HK_COMMON_SHARES":1903714428,"PER_SHARES":400,"TOTAL_MARKET_CAP":66616144778.4,"HKSK_MARKET_CAP":26271259106.4,"PE_TTM":13.481420229406,"PB_TTM":0.671912127181,"REPORT_DATE_SQ":"2023-09-30 00:00:00","REPORT_TYPE_SQ":"2023年三季报","OPERATE_INCOME_SQ":17465549953,"DPS_HKD":0.2954036,"OPERATE_INCOME_QOQ_SQ":-7.517927331473,"NET_PROFIT_RATIO_SQ":26.5129158398,"HOLDER_PROFIT_SQ":4607695913,"HOLDER_PROFIT_QOQ_SQ":-15.355615226307,"ROE_AVG_SQ":4.553250056117,"PE_TTM_SQ":6.778636936915,"PB_TTM_SQ":0.492956227484,"ROA_SQ":0.723548787077,"START_DATE":"2024-01-01 00:00:00","FISCAL_YEAR":"12-31","CURRENCY":"HKD","IS_CNY_CODE":0,"DPS_HKD_LY":0.2954036,"ORG_TYPE":"证券","PREMIUM_INCOME":null,"PREMIUM_INCOME_YOY":null,"NET_INTEREST_INCOME":-1193147931,"NET_INTEREST_INCOME_YOY":null,"FEE_COMMISSION_INCOME":7143329561,"FEE_COMMISSION_INCOME_YOY":-20.621126558656,"ACCOUNTS_RECE_TDAYS":0.339740934204,"INVENTORY_TDAYS":null,"CURRENT_ASSETS_TDAYS":0.023344828824,"TOTAL_ASSETS_TDAYS":0.021019562041,"PREMIUM_EXPENSE":null,"LOAN_DEPOSIT":null,"LOAN_EQUITY":null,"LOAN_ASSETS":null,"DEPOSIT_EQUITY":null,"DEPOSIT_ASSETS":null,"EQUITY_MULTIPLIER":6.006980462381,"EQUITY_RATIO":5.020594942171},{"SECUCODE":"03908.HK","SECURITY_CODE":"03908","SECURITY_NAME_ABBR":"中金公司","ORG_CODE":"10014783","STD_REPORT_DATE":"2024-06-30 00:00:00","REPORT_DATE":"2024-06-30 00:00:00","DATE_TYPE_CODE":"002","REPORT_TYPE":"2024年中报","PER_NETCASH_OPERATE":2.206914905983,"PER_OI":3.085069771141,"BPS":18.484921231252,"BASIC_EPS":0.39,"DILUTED_EPS":null,"OPERATE_INCOME":14892424241,"OPERATE_INCOME_YOY":-19.9618330923,"GROSS_PROFIT":null,"GROSS_PROFIT_YOY":null,"HOLDER_PROFIT":2228055738,"HOLDER_PROFIT_YOY":-37.4254819149,"GROSS_PROFIT_RATIO":null,"EPS_TTM":0.999230573574,"OPERATE_INCOME_QOQ":-4.164916867572,"NET_PROFIT_RATIO":14.9679228508,"ROE_AVG":2.119588320596,"GROSS_PROFIT_QOQ":null,"ROA":0.364236681536,"HOLDER_PROFIT_QOQ":-6.110919873994,"ROE_YEARLY":4.239176641191,"ROIC_YEARLY":0.819427454228,"TOTAL_ASSETS":599104371599,"TOTAL_LIABILITIES":493177779578,"TAX_EBT":9.264626553282,"OCF_SALES":71.535332089658,"TOTAL_PARENT_EQUITY":105631462968,"DEBT_ASSET_RATIO":82.3191755823,"OPERATE_PROFIT":2443586093,"PRETAX_PROFIT":2456689697,"NETCASH_OPERATE":10653345137,"NETCASH_INVEST":-13345857185,"NETCASH_FINANCE":-6621202435,"END_CASH":61796334528,"DIVI_RATIO":0.268541172841,"DIVIDEND_RATE":2.071553997195,"CURRENT_RATIO":1.533017753883,"COMMON_ACS":null,"CURRENTDEBT_DEBT":74.776121634181,"ISSUED_COMMON_SHARES":4827256868,"HK_COMMON_SHARES":1903714428,"PER_SHARES":400,"TOTAL_MARKET_CAP":68836682937.68,"HKSK_MARKET_CAP":27146967743.28,"PE_TTM":13.930800903719,"PB_TTM":0.694309198087,"REPORT_DATE_SQ":"2023-06-30 00:00:00","REPORT_TYPE_SQ":"2023年中报","OPERATE_INCOME_SQ":18606653321,"DPS_HKD":0.2954036,"OPERATE_INCOME_QOQ_SQ":-0.472809242323,"NET_PROFIT_RATIO_SQ":19.2493522516,"HOLDER_PROFIT_SQ":3560643863,"HOLDER_PROFIT_QOQ_SQ":-10.713918412655,"ROE_AVG_SQ":3.533283272825,"PE_TTM_SQ":7.845254757216,"PB_TTM_SQ":0.570522838848,"ROA_SQ":0.548158799955,"START_DATE":"2024-01-01 00:00:00","FISCAL_YEAR":"12-31","CURRENCY":"HKD","IS_CNY_CODE":0,"DPS_HKD_LY":0.2954036,"ORG_TYPE":"证券","PREMIUM_INCOME":null,"PREMIUM_INCOME_YOY":null,"NET_INTEREST_INCOME":4425144749,"NET_INTEREST_INCOME_YOY":null,"FEE_COMMISSION_INCOME":5461748085,"FEE_COMMISSION_INCOME_YOY":-24.697679320404,"ACCOUNTS_RECE_TDAYS":0.423037811467,"INVENTORY_TDAYS":null,"CURRENT_ASSETS_TDAYS":0.025788619039,"TOTAL_ASSETS_TDAYS":0.024345742762,"PREMIUM_EXPENSE":null,"LOAN_DEPOSIT":null,"LOAN_EQUITY":null,"LOAN_ASSETS":null,"DEPOSIT_EQUITY":null,"DEPOSIT_ASSETS":null,"EQUITY_MULTIPLIER":5.655844865463,"EQUITY_RATIO":4.668853064426},{"SECUCODE":"03908.HK","SECURITY_CODE":"03908","SECURITY_NAME_ABBR":"中金公司","ORG_CODE":"10014783","STD_REPORT_DATE":"2024-03-31 00:00:00","REPORT_DATE":"2024-03-31 00:00:00","DATE_TYPE_CODE":"003","REPORT_TYPE":"2024年一季报","PER_NETCASH_OPERATE":2.654688960712,"PER_OI":0.802473775879,"BPS":18.547888542359,"BASIC_EPS":0.22,"DILUTED_EPS":null,"OPERATE_INCOME":3873747046,"OPERATE_INCOME_YOY":-37.6100780759,"GROSS_PROFIT":null,"GROSS_PROFIT_YOY":null,"HOLDER_PROFIT":1238666240,"HOLDER_PROFIT_YOY":-45.126358458,"GROSS_PROFIT_RATIO":null,"EPS_TTM":1.064267082213,"OPERATE_INCOME_QOQ":-6.587970402635,"NET_PROFIT_RATIO":31.9868417397,"ROE_AVG":1.176663587334,"GROSS_PROFIT_QOQ":null,"ROA":0.200107430799,"HOLDER_PROFIT_QOQ":-16.546760122481,"ROE_YEARLY":4.706654349335,"ROIC_YEARLY":0.965108025435,"TOTAL_ASSETS":613694656004,"TOTAL_LIABILITIES":507464712334,"TAX_EBT":13.352734338902,"OCF_SALES":330.813173029264,"TOTAL_PARENT_EQUITY":105935422353,"DEBT_ASSET_RATIO":82.6900979778,"OPERATE_PROFIT":1431423384,"PRETAX_PROFIT":1430038591,"NETCASH_OPERATE":12814865518,"NETCASH_INVEST":1827664748,"NETCASH_FINANCE":1251918831,"END_CASH":161674270646,"DIVI_RATIO":0.25213083694,"DIVIDEND_RATE":2.071553997195,"CURRENT_RATIO":0.551716480192,"COMMON_ACS":null,"CURRENTDEBT_DEBT":99.290593062039,"ISSUED_COMMON_SHARES":4827256868,"HK_COMMON_SHARES":1903714428,"PER_SHARES":400,"TOTAL_MARKET_CAP":68836682937.68,"HKSK_MARKET_CAP":27146967743.28,"PE_TTM":13.930800903719,"PB_TTM":0.694309198087,"REPORT_DATE_SQ":"2023-03-31 00:00:00","REPORT_TYPE_SQ":"2023年一季报","OPERATE_INCOME_SQ":6208930748,"DPS_HKD":0.2954036,"OPERATE_INCOME_QOQ_SQ":3.042410443795,"NET_PROFIT_RATIO_SQ":36.3946298117,"HOLDER_PROFIT_SQ":2257306432,"HOLDER_PROFIT_QOQ_SQ":7.857192622372,"ROE_AVG_SQ":2.251957978857,"PE_TTM_SQ":7.845254757216,"PB_TTM_SQ":0.570522838848,"ROA_SQ":0.343545783134,"START_DATE":"2024-01-01 00:00:00","FISCAL_YEAR":"12-31","CURRENCY":"HKD","IS_CNY_CODE":0,"DPS_HKD_LY":0.2954036,"ORG_TYPE":"证券","PREMIUM_INCOME":null,"PREMIUM_INCOME_YOY":null,"NET_INTEREST_INCOME":-593743097,"NET_INTEREST_INCOME_YOY":null,"FEE_COMMISSION_INCOME":2086204582,"FEE_COMMISSION_INCOME_YOY":-23.993353324794,"ACCOUNTS_RECE_TDAYS":0.10929752749,"INVENTORY_TDAYS":null,"CURRENT_ASSETS_TDAYS":0.008929734133,"TOTAL_ASSETS_TDAYS":0.00625806649,"PREMIUM_EXPENSE":null,"LOAN_DEPOSIT":null,"LOAN_EQUITY":null,"LOAN_ASSETS":null,"DEPOSIT_EQUITY":null,"DEPOSIT_ASSETS":null,"EQUITY_MULTIPLIER":5.777040209225,"EQUITY_RATIO":4.79032132088},{"SECUCODE":"03908.HK","SECURITY_CODE":"03908","SECURITY_NAME_ABBR":"中金公司","ORG_CODE":"10014783","STD_REPORT_DATE":"2023-12-31 00:00:00","REPORT_DATE":"2023-12-31 00:00:00","DATE_TYPE_CODE":"001","REPORT_TYPE":"2023年年报","PER_NETCASH_OPERATE":-0.501788060846,"PER_OI":7.342923478958,"BPS":18.271930030428,"BASIC_EPS":1.14,"DILUTED_EPS":null,"OPERATE_INCOME":35446177795,"OPERATE_INCOME_YOY":-5.219533046,"GROSS_PROFIT":null,"GROSS_PROFIT_YOY":null,"HOLDER_PROFIT":6156130774,"HOLDER_PROFIT_YOY":-18.9716464638,"GROSS_PROFIT_RATIO":null,"EPS_TTM":1.275285517705,"OPERATE_INCOME_QOQ":-0.068240472714,"NET_PROFIT_RATIO":17.3887305696,"ROE_AVG":6.041599954799,"GROSS_PROFIT_QOQ":null,"ROA":0.967131068409,"HOLDER_PROFIT_QOQ":-0.595513620304,"ROE_YEARLY":6.041599954799,"ROIC_YEARLY":1.10466975225,"TOTAL_ASSETS":624306586684,"TOTAL_LIABILITIES":519409188733,"TAX_EBT":9.663613398915,"OCF_SALES":-6.833627808925,"TOTAL_PARENT_EQUITY":104603299731,"DEBT_ASSET_RATIO":83.1977749093,"OPERATE_PROFIT":6788415665,"PRETAX_PROFIT":6822987487,"NETCASH_OPERATE":-2422259863,"NETCASH_INVEST":2081868816,"NETCASH_FINANCE":-13711458152,"END_CASH":70930165619,"DIVI_RATIO":0.210411352157,"DIVIDEND_RATE":2.071553997195,"CURRENT_RATIO":1.448113562439,"COMMON_ACS":null,"CURRENTDEBT_DEBT":99.249040473174,"ISSUED_COMMON_SHARES":4827256868,"HK_COMMON_SHARES":1903714428,"PER_SHARES":400,"TOTAL_MARKET_CAP":68836682937.68,"HKSK_MARKET_CAP":27146967743.28,"PE_TTM":13.930800903719,"PB_TTM":0.694309198087,"REPORT_DATE_SQ":"2022-12-31 00:00:00","REPORT_TYPE_SQ":"2022年年报","OPERATE_INCOME_SQ":37398188608,"DPS_HKD":0.2954036,"OPERATE_INCOME_QOQ_SQ":-3.293396590875,"NET_PROFIT_RATIO_SQ":20.3081367619,"HOLDER_PROFIT_SQ":7597501992,"HOLDER_PROFIT_QOQ_SQ":-18.621891024189,"ROE_AVG_SQ":8.275684917825,"PE_TTM_SQ":7.845254757216,"PB_TTM_SQ":0.570522838848,"ROA_SQ":1.170143043021,"START_DATE":"2023-01-01 00:00:00","FISCAL_YEAR":"12-31","CURRENCY":"HKD","IS_CNY_CODE":0,"DPS_HKD_LY":0.1956309,"ORG_TYPE":"证券","PREMIUM_INCOME":null,"PREMIUM_INCOME_YOY":null,"NET_INTEREST_INCOME":9405375584,"NET_INTEREST_INCOME_YOY":null,"FEE_COMMISSION_INCOME":13830255155,"FEE_COMMISSION_INCOME_YOY":-23.434574437785,"ACCOUNTS_RECE_TDAYS":0.935514686756,"INVENTORY_TDAYS":null,"CURRENT_ASSETS_TDAYS":0.058878688878,"TOTAL_ASSETS_TDAYS":0.055686113665,"PREMIUM_EXPENSE":null,"LOAN_DEPOSIT":null,"LOAN_EQUITY":null,"LOAN_ASSETS":null,"DEPOSIT_EQUITY":null,"DEPOSIT_ASSETS":null,"EQUITY_MULTIPLIER":5.95159268848,"EQUITY_RATIO":4.965514377354},{"SECUCODE":"03908.HK","SECURITY_CODE":"03908","SECURITY_NAME_ABBR":"中金公司","ORG_CODE":"10014783","STD_REPORT_DATE":"2023-09-30 00:00:00","REPORT_DATE":"2023-09-30 00:00:00","DATE_TYPE_CODE":"004","REPORT_TYPE":"2023年三季报","PER_NETCASH_OPERATE":-5.391478966352,"PER_OI":3.618110747075,"BPS":17.981932889344,"BASIC_EPS":0.85,"DILUTED_EPS":null,"OPERATE_INCOME":17465549953,"OPERATE_INCOME_YOY":-9.9405471382,"GROSS_PROFIT":null,"GROSS_PROFIT_YOY":null,"HOLDER_PROFIT":4607695913,"HOLDER_PROFIT_YOY":-23.3607340511,"GROSS_PROFIT_RATIO":null,"EPS_TTM":1.282925513878,"OPERATE_INCOME_QOQ":-7.517927331473,"NET_PROFIT_RATIO":26.5129158398,"ROE_AVG":4.553250056117,"GROSS_PROFIT_QOQ":null,"ROA":0.723548787077,"HOLDER_PROFIT_QOQ":-15.355615226307,"ROE_YEARLY":6.071000074823,"ROIC_YEARLY":0.855711416702,"TOTAL_ASSETS":624873894949,"TOTAL_LIABILITIES":521360966622,"TAX_EBT":10.263604937031,"OCF_SALES":-149.013652241335,"TOTAL_PARENT_EQUITY":103203409040,"DEBT_ASSET_RATIO":83.4345890965,"OPERATE_PROFIT":5289568174,"PRETAX_PROFIT":5160254718,"NETCASH_OPERATE":-26026053869,"NETCASH_INVEST":9768831026,"NETCASH_FINANCE":-15772698608,"END_CASH":136896791325,"DIVI_RATIO":0.209158323896,"DIVIDEND_RATE":2.071553997195,"CURRENT_RATIO":1.071087018413,"COMMON_ACS":null,"CURRENTDEBT_DEBT":99.244726171675,"ISSUED_COMMON_SHARES":4827256868,"HK_COMMON_SHARES":1903714428,"PER_SHARES":400,"TOTAL_MARKET_CAP":68836682937.68,"HKSK_MARKET_CAP":27146967743.28,"PE_TTM":13.930800903719,"PB_TTM":0.694309198087,"REPORT_DATE_SQ":"2022-09-30 00:00:00","REPORT_TYPE_SQ":"2022年三季报","OPERATE_INCOME_SQ":19393355609,"DPS_HKD":0.2954036,"OPERATE_INCOME_QOQ_SQ":-1.186174173173,"NET_PROFIT_RATIO_SQ":31.0468631906,"HOLDER_PROFIT_SQ":6012186907,"HOLDER_PROFIT_QOQ_SQ":-2.874164082726,"ROE_AVG_SQ":6.738240301671,"PE_TTM_SQ":7.845254757216,"PB_TTM_SQ":0.570522838848,"ROA_SQ":0.926942083137,"START_DATE":"2023-01-01 00:00:00","FISCAL_YEAR":"12-31","CURRENCY":"HKD","IS_CNY_CODE":0,"DPS_HKD_LY":0.1956309,"ORG_TYPE":"证券","PREMIUM_INCOME":null,"PREMIUM_INCOME_YOY":null,"NET_INTEREST_INCOME":-827763169,"NET_INTEREST_INCOME_YOY":null,"FEE_COMMISSION_INCOME":8999031167,"FEE_COMMISSION_INCOME_YOY":-19.715386184381,"ACCOUNTS_RECE_TDAYS":0.442634140568,"INVENTORY_TDAYS":null,"CURRENT_ASSETS_TDAYS":0.029890629372,"TOTAL_ASSETS_TDAYS":0.027426240192,"PREMIUM_EXPENSE":null,"LOAN_DEPOSIT":null,"LOAN_EQUITY":null,"LOAN_ASSETS":null,"DEPOSIT_EQUITY":null,"DEPOSIT_ASSETS":null,"EQUITY_MULTIPLIER":6.036674887363,"EQUITY_RATIO":5.05178047384},{"SECUCODE":"03908.HK","SECURITY_CODE":"03908","SECURITY_NAME_ABBR":"中金公司","ORG_CODE":"10014783","STD_REPORT_DATE":"2023-06-30 00:00:00","REPORT_DATE":"2023-06-30 00:00:00","DATE_TYPE_CODE":"002","REPORT_TYPE":"2023年中报","PER_NETCASH_OPERATE":-2.235503735783,"PER_OI":3.854498285423,"BPS":17.80734478433,"BASIC_EPS":0.67,"DILUTED_EPS":null,"OPERATE_INCOME":18606653321,"OPERATE_INCOME_YOY":5.4138689877,"GROSS_PROFIT":null,"GROSS_PROFIT_YOY":null,"HOLDER_PROFIT":3560643863,"HOLDER_PROFIT_YOY":-7.3144943835,"GROSS_PROFIT_RATIO":null,"EPS_TTM":1.515665235571,"OPERATE_INCOME_QOQ":-0.472809242323,"NET_PROFIT_RATIO":19.2493522516,"ROE_AVG":3.533283272825,"GROSS_PROFIT_QOQ":null,"ROA":0.548158799955,"HOLDER_PROFIT_QOQ":-10.713918412655,"ROE_YEARLY":7.06656654565,"ROIC_YEARLY":1.250353440513,"TOTAL_ASSETS":650364557347,"TOTAL_LIABILITIES":547696324919,"TAX_EBT":13.274736931714,"OCF_SALES":-57.997268911441,"TOTAL_PARENT_EQUITY":102360627411,"DEBT_ASSET_RATIO":84.2137411598,"OPERATE_PROFIT":4127846606,"PRETAX_PROFIT":4129892621,"NETCASH_OPERATE":-10791350762,"NETCASH_INVEST":10507839557,"NETCASH_FINANCE":-13376720951,"END_CASH":72441750575,"DIVI_RATIO":0.177040776465,"DIVIDEND_RATE":2.071553997195,"CURRENT_RATIO":1.333867810468,"COMMON_ACS":null,"CURRENTDEBT_DEBT":84.320857330072,"ISSUED_COMMON_SHARES":4827256868,"HK_COMMON_SHARES":1903714428,"PER_SHARES":400,"TOTAL_MARKET_CAP":68836682937.68,"HKSK_MARKET_CAP":27146967743.28,"PE_TTM":13.930800903719,"PB_TTM":0.694309198087,"REPORT_DATE_SQ":"2022-06-30 00:00:00","REPORT_TYPE_SQ":"2022年中报","OPERATE_INCOME_SQ":17651048671,"DPS_HKD":0.2954036,"OPERATE_INCOME_QOQ_SQ":-2.409682404197,"NET_PROFIT_RATIO_SQ":21.8090974806,"HOLDER_PROFIT_SQ":3841640437,"HOLDER_PROFIT_QOQ_SQ":-8.993816873574,"ROE_AVG_SQ":4.385555784178,"PE_TTM_SQ":7.845254757216,"PB_TTM_SQ":0.570522838848,"ROA_SQ":0.577781582132,"START_DATE":"2023-01-01 00:00:00","FISCAL_YEAR":"12-31","CURRENCY":"HKD","IS_CNY_CODE":0,"DPS_HKD_LY":0.1956309,"ORG_TYPE":"证券","PREMIUM_INCOME":null,"PREMIUM_INCOME_YOY":null,"NET_INTEREST_INCOME":4914305086,"NET_INTEREST_INCOME_YOY":null,"FEE_COMMISSION_INCOME":7253093976,"FEE_COMMISSION_INCOME_YOY":-12.991781203736,"ACCOUNTS_RECE_TDAYS":0.446886518455,"INVENTORY_TDAYS":null,"CURRENT_ASSETS_TDAYS":0.030244026426,"TOTAL_ASSETS_TDAYS":0.028644821409,"PREMIUM_EXPENSE":null,"LOAN_DEPOSIT":null,"LOAN_EQUITY":null,"LOAN_ASSETS":null,"DEPOSIT_EQUITY":null,"DEPOSIT_ASSETS":null,"EQUITY_MULTIPLIER":6.334623105593,"EQUITY_RATIO":5.350654238567},{"SECUCODE":"03908.HK","SECURITY_CODE":"03908","SECURITY_NAME_ABBR":"中金公司","ORG_CODE":"10014783","STD_REPORT_DATE":"2023-03-31 00:00:00","REPORT_DATE":"2023-03-31 00:00:00","DATE_TYPE_CODE":"003","REPORT_TYPE":"2023年一季报","PER_NETCASH_OPERATE":-0.390100010936,"PER_OI":1.286223401361,"BPS":17.584914132438,"BASIC_EPS":0.43,"DILUTED_EPS":null,"OPERATE_INCOME":6208930748,"OPERATE_INCOME_YOY":22.4369650007,"GROSS_PROFIT":null,"GROSS_PROFIT_YOY":null,"HOLDER_PROFIT":2257306432,"HOLDER_PROFIT_YOY":35.9531535569,"GROSS_PROFIT_RATIO":null,"EPS_TTM":1.697538080545,"OPERATE_INCOME_QOQ":3.042410443795,"NET_PROFIT_RATIO":36.3946298117,"ROE_AVG":2.251957978857,"GROSS_PROFIT_QOQ":null,"ROA":0.343545783134,"HOLDER_PROFIT_QOQ":7.857192622372,"ROE_YEARLY":9.007831915427,"ROIC_YEARLY":1.664294722921,"TOTAL_ASSETS":665358585740,"TOTAL_LIABILITIES":563782688652,"TAX_EBT":16.480444807223,"OCF_SALES":-30.32910227911,"TOTAL_PARENT_EQUITY":101286897519,"DEBT_ASSET_RATIO":84.7336610266,"OPERATE_PROFIT":2711815954,"PRETAX_PROFIT":2705614698,"NETCASH_OPERATE":-1883112957,"NETCASH_INVEST":13853520963,"NETCASH_FINANCE":-11542108707,"END_CASH":167764339247,"DIVI_RATIO":0.158072772117,"DIVIDEND_RATE":2.071553997195,"CURRENT_RATIO":1.070196633602,"COMMON_ACS":null,"CURRENTDEBT_DEBT":99.396718505648,"ISSUED_COMMON_SHARES":4827256868,"HK_COMMON_SHARES":1903714428,"PER_SHARES":400,"TOTAL_MARKET_CAP":68836682937.68,"HKSK_MARKET_CAP":27146967743.28,"PE_TTM":13.930800903719,"PB_TTM":0.694309198087,"REPORT_DATE_SQ":"2022-03-31 00:00:00","REPORT_TYPE_SQ":"2022年一季报","OPERATE_INCOME_SQ":5071124352,"DPS_HKD":0.2954036,"OPERATE_INCOME_QOQ_SQ":-2.104402216811,"NET_PROFIT_RATIO_SQ":32.8210558146,"HOLDER_PROFIT_SQ":1660356066,"HOLDER_PROFIT_QOQ_SQ":-1.998902634182,"ROE_AVG_SQ":1.907426864596,"PE_TTM_SQ":7.845254757216,"PB_TTM_SQ":0.570522838848,"ROA_SQ":0.25235509023,"START_DATE":"2023-01-01 00:00:00","FISCAL_YEAR":"12-31","CURRENCY":"HKD","IS_CNY_CODE":0,"DPS_HKD_LY":0.1956309,"ORG_TYPE":"证券","PREMIUM_INCOME":null,"PREMIUM_INCOME_YOY":null,"NET_INTEREST_INCOME":-242541317,"NET_INTEREST_INCOME_YOY":null,"FEE_COMMISSION_INCOME":2744765982,"FEE_COMMISSION_INCOME_YOY":-26.721667807319,"ACCOUNTS_RECE_TDAYS":0.140378880601,"INVENTORY_TDAYS":null,"CURRENT_ASSETS_TDAYS":0.010227671981,"TOTAL_ASSETS_TDAYS":0.009449545467,"PREMIUM_EXPENSE":null,"LOAN_DEPOSIT":null,"LOAN_EQUITY":null,"LOAN_ASSETS":null,"DEPOSIT_EQUITY":null,"DEPOSIT_ASSETS":null,"EQUITY_MULTIPLIER":6.550358941606,"EQUITY_RATIO":5.566195652762},{"SECUCODE":"03908.HK","SECURITY_CODE":"03908","SECURITY_NAME_ABBR":"中金公司","ORG_CODE":"10014783","STD_REPORT_DATE":"2022-12-31 00:00:00","REPORT_DATE":"2022-12-31 00:00:00","DATE_TYPE_CODE":"001","REPORT_TYPE":"2022年年报","PER_NETCASH_OPERATE":12.007003237019,"PER_OI":7.747296162322,"BPS":17.150135044979,"BASIC_EPS":1.46,"DILUTED_EPS":null,"OPERATE_INCOME":37398188608,"OPERATE_INCOME_YOY":-8.7056841406,"GROSS_PROFIT":null,"GROSS_PROFIT_YOY":null,"HOLDER_PROFIT":7597501992,"HOLDER_PROFIT_YOY":-29.5072907548,"GROSS_PROFIT_RATIO":null,"EPS_TTM":1.573875639882,"OPERATE_INCOME_QOQ":-3.293396590875,"NET_PROFIT_RATIO":20.3081367619,"ROE_AVG":8.275684917825,"GROSS_PROFIT_QOQ":null,"ROA":1.170143043021,"HOLDER_PROFIT_QOQ":-18.621891024189,"ROE_YEARLY":8.275684917825,"ROIC_YEARLY":1.253532237078,"TOTAL_ASSETS":648764039436,"TOTAL_LIABILITIES":549289343613,"TAX_EBT":16.134123901361,"OCF_SALES":154.983144899166,"TOTAL_PARENT_EQUITY":99188107183,"DEBT_ASSET_RATIO":84.6670453699,"OPERATE_PROFIT":9059445784,"PRETAX_PROFIT":9055978000,"NETCASH_OPERATE":57960888840,"NETCASH_INVEST":-23437450671,"NETCASH_FINANCE":-15127355061,"END_CASH":84678251394,"DIVI_RATIO":0.170492854306,"DIVIDEND_RATE":2.071553997195,"CURRENT_RATIO":1.339405733781,"COMMON_ACS":null,"CURRENTDEBT_DEBT":83.513297866233,"ISSUED_COMMON_SHARES":4827256868,"HK_COMMON_SHARES":1903714428,"PER_SHARES":400,"TOTAL_MARKET_CAP":68836682937.68,"HKSK_MARKET_CAP":27146967743.28,"PE_TTM":13.930800903719,"PB_TTM":0.694309198087,"REPORT_DATE_SQ":"2021-12-31 00:00:00","REPORT_TYPE_SQ":"2021年年报","OPERATE_INCOME_SQ":40964421778,"DPS_HKD":0.2954036,"OPERATE_INCOME_QOQ_SQ":9.862896515845,"NET_PROFIT_RATIO_SQ":26.3885615854,"HOLDER_PROFIT_SQ":10777713147,"HOLDER_PROFIT_QOQ_SQ":10.3140993972,"ROE_AVG_SQ":13.812528733474,"PE_TTM_SQ":7.845254757216,"PB_TTM_SQ":0.570522838848,"ROA_SQ":1.840117131704,"START_DATE":"2022-01-01 00:00:00","FISCAL_YEAR":"12-31","CURRENCY":"HKD","IS_CNY_CODE":0,"DPS_HKD_LY":0.351,"ORG_TYPE":"证券","PREMIUM_INCOME":null,"PREMIUM_INCOME_YOY":null,"NET_INTEREST_INCOME":8153338967,"NET_INTEREST_INCOME_YOY":null,"FEE_COMMISSION_INCOME":18063316508,"FEE_COMMISSION_INCOME_YOY":-7.278339173343,"ACCOUNTS_RECE_TDAYS":0.854694872931,"INVENTORY_TDAYS":null,"CURRENT_ASSETS_TDAYS":0.060650491377,"TOTAL_ASSETS_TDAYS":0.057599498187,"PREMIUM_EXPENSE":null,"LOAN_DEPOSIT":null,"LOAN_EQUITY":null,"LOAN_ASSETS":null,"DEPOSIT_EQUITY":null,"DEPOSIT_ASSETS":null,"EQUITY_MULTIPLIER":6.521900208567,"EQUITY_RATIO":5.537854882134},{"SECUCODE":"03908.HK","SECURITY_CODE":"03908","SECURITY_NAME_ABBR":"中金公司","ORG_CODE":"10014783","STD_REPORT_DATE":"2022-09-30 00:00:00","REPORT_DATE":"2022-09-30 00:00:00","DATE_TYPE_CODE":"004","REPORT_TYPE":"2022年三季报","PER_NETCASH_OPERATE":5.734156767271,"PER_OI":4.017469162986,"BPS":16.909736407878,"BASIC_EPS":1.16,"DILUTED_EPS":null,"OPERATE_INCOME":19393355609,"OPERATE_INCOME_YOY":-10.5718903682,"GROSS_PROFIT":null,"GROSS_PROFIT_YOY":null,"HOLDER_PROFIT":6012186907,"HOLDER_PROFIT_YOY":-19.3411739821,"GROSS_PROFIT_RATIO":null,"EPS_TTM":1.934028278232,"OPERATE_INCOME_QOQ":-1.186174173173,"NET_PROFIT_RATIO":31.0468631906,"ROE_AVG":6.738240301671,"GROSS_PROFIT_QOQ":null,"ROA":0.926942083137,"HOLDER_PROFIT_QOQ":-2.874164082726,"ROE_YEARLY":8.984320402228,"ROIC_YEARLY":1.035008189982,"TOTAL_ASSETS":647413261229,"TOTAL_LIABILITIES":553087562998,"TAX_EBT":16.991376235726,"OCF_SALES":142.730573269921,"TOTAL_PARENT_EQUITY":94027641211,"DEBT_ASSET_RATIO":85.4303728577,"OPERATE_PROFIT":7312601085,"PRETAX_PROFIT":7253497662,"NETCASH_OPERATE":27680247637,"NETCASH_INVEST":-10938300561,"NETCASH_FINANCE":-15888459219,"END_CASH":157551118538,"DIVI_RATIO":0.138743860773,"DIVIDEND_RATE":2.071553997195,"CURRENT_RATIO":1.058587018611,"COMMON_ACS":null,"CURRENTDEBT_DEBT":99.374168868264,"ISSUED_COMMON_SHARES":4827256868,"HK_COMMON_SHARES":1903714428,"PER_SHARES":400,"TOTAL_MARKET_CAP":68836682937.68,"HKSK_MARKET_CAP":27146967743.28,"PE_TTM":13.930800903719,"PB_TTM":0.694309198087,"REPORT_DATE_SQ":"2021-09-30 00:00:00","REPORT_TYPE_SQ":"2021年三季报","OPERATE_INCOME_SQ":21685972888,"DPS_HKD":0.2954036,"OPERATE_INCOME_QOQ_SQ":-0.802912423291,"NET_PROFIT_RATIO_SQ":34.4571755281,"HOLDER_PROFIT_SQ":7453848765,"HOLDER_PROFIT_QOQ_SQ":6.628265850793,"ROE_AVG_SQ":9.746389752559,"PE_TTM_SQ":7.845254757216,"PB_TTM_SQ":0.570522838848,"ROA_SQ":1.289249468275,"START_DATE":"2022-01-01 00:00:00","FISCAL_YEAR":"12-31","CURRENCY":"HKD","IS_CNY_CODE":0,"DPS_HKD_LY":0.351,"ORG_TYPE":"证券","PREMIUM_INCOME":null,"PREMIUM_INCOME_YOY":null,"NET_INTEREST_INCOME":-384219695,"NET_INTEREST_INCOME_YOY":null,"FEE_COMMISSION_INCOME":11208911321,"FEE_COMMISSION_INCOME_YOY":-0.132304351501,"ACCOUNTS_RECE_TDAYS":0.425064523016,"INVENTORY_TDAYS":null,"CURRENT_ASSETS_TDAYS":0.032305080075,"TOTAL_ASSETS_TDAYS":0.029900130727,"PREMIUM_EXPENSE":null,"LOAN_DEPOSIT":null,"LOAN_EQUITY":null,"LOAN_ASSETS":null,"DEPOSIT_EQUITY":null,"DEPOSIT_ASSETS":null,"EQUITY_MULTIPLIER":6.863593626886,"EQUITY_RATIO":5.88218055749}],"count":42},"success":true,"message":"ok","code":0}