{"version":"0fca05df1b53f7eba42d1a42f669b100","result":{"pages":5,"data":[{"SECUCODE":"03900.HK","SECURITY_CODE":"03900","SECURITY_NAME_ABBR":"绿城中国","ORG_CODE":"10097256","STD_REPORT_DATE":"2024-06-30 00:00:00","REPORT_DATE":"2024-06-30 00:00:00","DATE_TYPE_CODE":"002","REPORT_TYPE":"2024年中报","PER_NETCASH_OPERATE":6.469406190728,"PER_OI":27.473172586831,"BPS":14.517862935101,"BASIC_EPS":0.81,"DILUTED_EPS":0.81,"OPERATE_INCOME":69562037000,"OPERATE_INCOME_YOY":22.0890734813,"GROSS_PROFIT":9103633000,"GROSS_PROFIT_YOY":-8.233604084011,"HOLDER_PROFIT":2044902000,"HOLDER_PROFIT_YOY":-19.6537204075,"GROSS_PROFIT_RATIO":13.087070753837,"EPS_TTM":1.033758433738,"OPERATE_INCOME_QOQ":9.579290038334,"NET_PROFIT_RATIO":4.7725327537,"ROE_AVG":5.608420537824,"GROSS_PROFIT_QOQ":-4.784259650448,"ROA":0.381580894931,"HOLDER_PROFIT_QOQ":-16.044249513421,"ROE_YEARLY":11.216841075649,"ROIC_YEARLY":1.047298082869,"TOTAL_ASSETS":536268259000,"TOTAL_LIABILITIES":427406352000,"TAX_EBT":28.891789017167,"OCF_SALES":23.54808557432,"TOTAL_PARENT_EQUITY":36792180000,"DEBT_ASSET_RATIO":79.7001024817,"OPERATE_PROFIT":6258232000,"PRETAX_PROFIT":4668759000,"NETCASH_OPERATE":16380528000,"NETCASH_INVEST":-12915083000,"NETCASH_FINANCE":-2068112000,"END_CASH":71152369000,"DIVI_RATIO":0.413767690826,"DIVIDEND_RATE":5.031982942431,"CURRENT_RATIO":1.494685149418,"COMMON_ACS":10000000000,"CURRENTDEBT_DEBT":72.661641444206,"ISSUED_COMMON_SHARES":2534269690,"HK_COMMON_SHARES":2534269690,"PER_SHARES":500,"TOTAL_MARKET_CAP":23771449692.2,"HKSK_MARKET_CAP":23771449692.2,"PE_TTM":8.139849569724,"PB_TTM":0.589683098557,"REPORT_DATE_SQ":"2023-06-30 00:00:00","REPORT_TYPE_SQ":"2023年中报","OPERATE_INCOME_SQ":56976464000,"DPS_HKD":0.472,"OPERATE_INCOME_QOQ_SQ":-6.098467727925,"NET_PROFIT_RATIO_SQ":8.1456967916,"HOLDER_PROFIT_SQ":2545111000,"HOLDER_PROFIT_QOQ_SQ":27.000761946228,"ROE_AVG_SQ":7.03755479168,"PE_TTM_SQ":4.143280374066,"PB_TTM_SQ":0.393515753166,"ROA_SQ":0.471839306409,"START_DATE":"2024-01-01 00:00:00","FISCAL_YEAR":"12-31","CURRENCY":"HKD","IS_CNY_CODE":0,"DPS_HKD_LY":0.472,"ORG_TYPE":"一般企业","PREMIUM_INCOME":null,"PREMIUM_INCOME_YOY":null,"NET_INTEREST_INCOME":null,"NET_INTEREST_INCOME_YOY":null,"FEE_COMMISSION_INCOME":null,"FEE_COMMISSION_INCOME_YOY":null,"ACCOUNTS_RECE_TDAYS":6.6157109213,"INVENTORY_TDAYS":0.214200015189,"CURRENT_ASSETS_TDAYS":0.149931819876,"TOTAL_ASSETS_TDAYS":0.129803503208,"PREMIUM_EXPENSE":null,"LOAN_DEPOSIT":null,"LOAN_EQUITY":null,"LOAN_ASSETS":null,"DEPOSIT_EQUITY":null,"DEPOSIT_ASSETS":null,"EQUITY_MULTIPLIER":4.926133243276,"EQUITY_RATIO":11.616771607445},{"SECUCODE":"03900.HK","SECURITY_CODE":"03900","SECURITY_NAME_ABBR":"绿城中国","ORG_CODE":"10097256","STD_REPORT_DATE":"2023-12-31 00:00:00","REPORT_DATE":"2023-12-31 00:00:00","DATE_TYPE_CODE":"001","REPORT_TYPE":"2023年年报","PER_NETCASH_OPERATE":9.073334078226,"PER_OI":51.889106625091,"BPS":14.256723798011,"BASIC_EPS":1.22,"DILUTED_EPS":1.22,"OPERATE_INCOME":131383150000,"OPERATE_INCOME_YOY":3.3267611759,"GROSS_PROFIT":17072861000,"GROSS_PROFIT_YOY":-22.469201430814,"HOLDER_PROFIT":3117684000,"HOLDER_PROFIT_YOY":13.1194078589,"GROSS_PROFIT_RATIO":12.994711270053,"EPS_TTM":1.231313433262,"OPERATE_INCOME_QOQ":10.037353678661,"NET_PROFIT_RATIO":5.0829493736,"ROE_AVG":8.641732823647,"GROSS_PROFIT_QOQ":-17.555101822427,"ROA":0.58241048576,"HOLDER_PROFIT_QOQ":-10.930134492559,"ROE_YEARLY":8.641732823647,"ROIC_YEARLY":0.798025587995,"TOTAL_ASSETS":535536974000,"TOTAL_LIABILITIES":421601866000,"TAX_EBT":31.327690488682,"OCF_SALES":17.486009431194,"TOTAL_PARENT_EQUITY":36130383000,"DEBT_ASSET_RATIO":78.7250715578,"OPERATE_PROFIT":10475995000,"PRETAX_PROFIT":9724646000,"NETCASH_OPERATE":22973670000,"NETCASH_INVEST":-19106369000,"NETCASH_FINANCE":-423135000,"END_CASH":69758363000,"DIVI_RATIO":0.347381770104,"DIVIDEND_RATE":4.791878172589,"CURRENT_RATIO":1.52919508519,"COMMON_ACS":10000000000,"CURRENTDEBT_DEBT":71.927594125022,"ISSUED_COMMON_SHARES":2534269690,"HK_COMMON_SHARES":2534269690,"PER_SHARES":500,"TOTAL_MARKET_CAP":24962556446.5,"HKSK_MARKET_CAP":24962556446.5,"PE_TTM":8.547709836011,"PB_TTM":0.619230119487,"REPORT_DATE_SQ":"2022-12-31 00:00:00","REPORT_TYPE_SQ":"2022年年报","OPERATE_INCOME_SQ":127153071000,"DPS_HKD":0.472,"OPERATE_INCOME_QOQ_SQ":-1.306337225889,"NET_PROFIT_RATIO_SQ":6.9954771285,"HOLDER_PROFIT_SQ":2756100000,"HOLDER_PROFIT_QOQ_SQ":-28.445604665925,"ROE_AVG_SQ":7.796256693583,"PE_TTM_SQ":5.158790269671,"PB_TTM_SQ":0.489965692667,"ROA_SQ":0.521929021295,"START_DATE":"2023-01-01 00:00:00","FISCAL_YEAR":"12-31","CURRENCY":"HKD","IS_CNY_CODE":0,"DPS_HKD_LY":0.548,"ORG_TYPE":"一般企业","PREMIUM_INCOME":null,"PREMIUM_INCOME_YOY":null,"NET_INTEREST_INCOME":null,"NET_INTEREST_INCOME_YOY":null,"FEE_COMMISSION_INCOME":null,"FEE_COMMISSION_INCOME_YOY":null,"ACCOUNTS_RECE_TDAYS":13.460609093838,"INVENTORY_TDAYS":0.400252638575,"CURRENT_ASSETS_TDAYS":0.283735266261,"TOTAL_ASSETS_TDAYS":0.245435150619,"PREMIUM_EXPENSE":null,"LOAN_DEPOSIT":null,"LOAN_EQUITY":null,"LOAN_ASSETS":null,"DEPOSIT_EQUITY":null,"DEPOSIT_ASSETS":null,"EQUITY_MULTIPLIER":4.700368335982,"EQUITY_RATIO":11.668901101879},{"SECUCODE":"03900.HK","SECURITY_CODE":"03900","SECURITY_NAME_ABBR":"绿城中国","ORG_CODE":"10097256","STD_REPORT_DATE":"2023-06-30 00:00:00","REPORT_DATE":"2023-06-30 00:00:00","DATE_TYPE_CODE":"002","REPORT_TYPE":"2023年中报","PER_NETCASH_OPERATE":6.772499159547,"PER_OI":22.502564564913,"BPS":14.325884550985,"BASIC_EPS":0.99,"DILUTED_EPS":0.99,"OPERATE_INCOME":56976464000,"OPERATE_INCOME_YOY":-11.9794327444,"GROSS_PROFIT":9920443000,"GROSS_PROFIT_YOY":-11.68468889205,"HOLDER_PROFIT":2545111000,"HOLDER_PROFIT_YOY":41.3210190439,"GROSS_PROFIT_RATIO":17.411475376921,"EPS_TTM":1.382413037504,"OPERATE_INCOME_QOQ":-6.098467727925,"NET_PROFIT_RATIO":8.1456967916,"ROE_AVG":7.03755479168,"GROSS_PROFIT_QOQ":-5.960465373859,"ROA":0.471839306409,"HOLDER_PROFIT_QOQ":27.000761946228,"ROE_YEARLY":14.07510958336,"ROIC_YEARLY":1.267720385924,"TOTAL_ASSETS":543727154000,"TOTAL_LIABILITIES":438608914000,"TAX_EBT":35.104302823562,"OCF_SALES":30.096565838133,"TOTAL_PARENT_EQUITY":36305655000,"DEBT_ASSET_RATIO":80.6670976009,"OPERATE_PROFIT":8845250000,"PRETAX_PROFIT":7151676000,"NETCASH_OPERATE":17147959000,"NETCASH_INVEST":-10439474000,"NETCASH_FINANCE":-7764360000,"END_CASH":65238847000,"DIVI_RATIO":0.309412475429,"DIVIDEND_RATE":4.791878172589,"CURRENT_RATIO":1.455155729059,"COMMON_ACS":10000000000,"CURRENTDEBT_DEBT":73.524628594302,"ISSUED_COMMON_SHARES":2534269690,"HK_COMMON_SHARES":2534269690,"PER_SHARES":500,"TOTAL_MARKET_CAP":24962556446.5,"HKSK_MARKET_CAP":24962556446.5,"PE_TTM":8.547709836011,"PB_TTM":0.619230119487,"REPORT_DATE_SQ":"2022-06-30 00:00:00","REPORT_TYPE_SQ":"2022年中报","OPERATE_INCOME_SQ":64730853000,"DPS_HKD":0.472,"OPERATE_INCOME_QOQ_SQ":28.527556606508,"NET_PROFIT_RATIO_SQ":7.5087640201,"HOLDER_PROFIT_SQ":1800943000,"HOLDER_PROFIT_QOQ_SQ":-13.815077726874,"ROE_AVG_SQ":5.12386846161,"PE_TTM_SQ":5.158790269671,"PB_TTM_SQ":0.489965692667,"ROA_SQ":0.343338765953,"START_DATE":"2023-01-01 00:00:00","FISCAL_YEAR":"12-31","CURRENCY":"HKD","IS_CNY_CODE":0,"DPS_HKD_LY":0.548,"ORG_TYPE":"一般企业","PREMIUM_INCOME":null,"PREMIUM_INCOME_YOY":null,"NET_INTEREST_INCOME":null,"NET_INTEREST_INCOME_YOY":null,"FEE_COMMISSION_INCOME":null,"FEE_COMMISSION_INCOME_YOY":null,"ACCOUNTS_RECE_TDAYS":null,"INVENTORY_TDAYS":0.164428341614,"CURRENT_ASSETS_TDAYS":0.122314600952,"TOTAL_ASSETS_TDAYS":0.105628930351,"PREMIUM_EXPENSE":null,"LOAN_DEPOSIT":null,"LOAN_EQUITY":null,"LOAN_ASSETS":null,"DEPOSIT_EQUITY":null,"DEPOSIT_ASSETS":null,"EQUITY_MULTIPLIER":5.172529087234,"EQUITY_RATIO":12.081008151485},{"SECUCODE":"03900.HK","SECURITY_CODE":"03900","SECURITY_NAME_ABBR":"绿城中国","ORG_CODE":"10097256","STD_REPORT_DATE":"2022-12-31 00:00:00","REPORT_DATE":"2022-12-31 00:00:00","DATE_TYPE_CODE":"001","REPORT_TYPE":"2022年年报","PER_NETCASH_OPERATE":5.763463487416,"PER_OI":50.218458446359,"BPS":14.214650138518,"BASIC_EPS":1.03,"DILUTED_EPS":1.02,"OPERATE_INCOME":127153071000,"OPERATE_INCOME_YOY":26.848553289,"GROSS_PROFIT":22020747000,"GROSS_PROFIT_YOY":21.203023037701,"HOLDER_PROFIT":2756100000,"HOLDER_PROFIT_YOY":-38.3308999983,"GROSS_PROFIT_RATIO":17.318297408641,"EPS_TTM":1.088507672174,"OPERATE_INCOME_QOQ":-1.306337225889,"NET_PROFIT_RATIO":6.9954771285,"ROE_AVG":7.796256693583,"GROSS_PROFIT_QOQ":2.582895651066,"ROA":0.521929021295,"HOLDER_PROFIT_QOQ":-28.445604665925,"ROE_YEARLY":7.796256693583,"ROIC_YEARLY":0.713020771081,"TOTAL_ASSETS":535076992000,"TOTAL_LIABILITIES":423664074000,"TAX_EBT":32.900186379067,"OCF_SALES":11.47678297129,"TOTAL_PARENT_EQUITY":36023757000,"DEBT_ASSET_RATIO":79.178151992,"OPERATE_PROFIT":14300656000,"PRETAX_PROFIT":13256317000,"NETCASH_OPERATE":14593082000,"NETCASH_INVEST":-20871936000,"NETCASH_FINANCE":4176584000,"END_CASH":66312335000,"DIVI_RATIO":0.392956201352,"DIVIDEND_RATE":4.791878172589,"CURRENT_RATIO":1.517192596797,"COMMON_ACS":10000000000,"CURRENTDEBT_DEBT":71.933049012789,"ISSUED_COMMON_SHARES":2534269690,"HK_COMMON_SHARES":2534269690,"PER_SHARES":500,"TOTAL_MARKET_CAP":24962556446.5,"HKSK_MARKET_CAP":24962556446.5,"PE_TTM":8.547709836011,"PB_TTM":0.619230119487,"REPORT_DATE_SQ":"2021-12-31 00:00:00","REPORT_TYPE_SQ":"2021年年报","OPERATE_INCOME_SQ":100240064000,"DPS_HKD":0.472,"OPERATE_INCOME_QOQ_SQ":28.478089943193,"NET_PROFIT_RATIO_SQ":7.6686204031,"HOLDER_PROFIT_SQ":4469175000,"HOLDER_PROFIT_QOQ_SQ":8.500719101691,"ROE_AVG_SQ":13.360252285735,"PE_TTM_SQ":5.158790269671,"PB_TTM_SQ":0.489965692667,"ROA_SQ":0.955640604049,"START_DATE":"2022-01-01 00:00:00","FISCAL_YEAR":"12-31","CURRENCY":"HKD","IS_CNY_CODE":0,"DPS_HKD_LY":0.537,"ORG_TYPE":"一般企业","PREMIUM_INCOME":null,"PREMIUM_INCOME_YOY":null,"NET_INTEREST_INCOME":null,"NET_INTEREST_INCOME_YOY":null,"FEE_COMMISSION_INCOME":null,"FEE_COMMISSION_INCOME_YOY":null,"ACCOUNTS_RECE_TDAYS":13.750031332877,"INVENTORY_TDAYS":0.369056886304,"CURRENT_ASSETS_TDAYS":0.276231851581,"TOTAL_ASSETS_TDAYS":0.240792706729,"PREMIUM_EXPENSE":null,"LOAN_DEPOSIT":null,"LOAN_EQUITY":null,"LOAN_ASSETS":null,"DEPOSIT_EQUITY":null,"DEPOSIT_ASSETS":null,"EQUITY_MULTIPLIER":4.80264767861,"EQUITY_RATIO":11.760685427675},{"SECUCODE":"03900.HK","SECURITY_CODE":"03900","SECURITY_NAME_ABBR":"绿城中国","ORG_CODE":"10097256","STD_REPORT_DATE":"2022-06-30 00:00:00","REPORT_DATE":"2022-06-30 00:00:00","DATE_TYPE_CODE":"002","REPORT_TYPE":"2022年中报","PER_NETCASH_OPERATE":-3.319670629034,"PER_OI":25.762706455691,"BPS":14.054075673375,"BASIC_EPS":0.66,"DILUTED_EPS":0.66,"OPERATE_INCOME":64730853000,"OPERATE_INCOME_YOY":79.1370963823,"GROSS_PROFIT":11232982000,"GROSS_PROFIT_YOY":41.559490808448,"HOLDER_PROFIT":1800943000,"HOLDER_PROFIT_YOY":-25.5304931476,"GROSS_PROFIT_RATIO":17.353366253338,"EPS_TTM":1.532988193501,"OPERATE_INCOME_QOQ":28.527556606508,"NET_PROFIT_RATIO":7.5087640201,"ROE_AVG":5.12386846161,"GROSS_PROFIT_QOQ":18.151298292427,"ROA":0.343338765953,"HOLDER_PROFIT_QOQ":-13.815077726874,"ROE_YEARLY":10.24773692322,"ROIC_YEARLY":0.925977624266,"TOTAL_ASSETS":528032785000,"TOTAL_LIABILITIES":420871373000,"TAX_EBT":37.049660380682,"OCF_SALES":-12.885566331097,"TOTAL_PARENT_EQUITY":35616818000,"DEBT_ASSET_RATIO":79.7055381703,"OPERATE_PROFIT":8359954000,"PRETAX_PROFIT":7721145000,"NETCASH_OPERATE":-8340937000,"NETCASH_INVEST":-16787895000,"NETCASH_FINANCE":15017360000,"END_CASH":58225814000,"DIVI_RATIO":0.279020961683,"DIVIDEND_RATE":4.791878172589,"CURRENT_RATIO":1.524767762411,"COMMON_ACS":10000000000,"CURRENTDEBT_DEBT":71.850985217757,"ISSUED_COMMON_SHARES":2534269690,"HK_COMMON_SHARES":2534269690,"PER_SHARES":500,"TOTAL_MARKET_CAP":24962556446.5,"HKSK_MARKET_CAP":24962556446.5,"PE_TTM":8.547709836011,"PB_TTM":0.619230119487,"REPORT_DATE_SQ":"2021-06-30 00:00:00","REPORT_TYPE_SQ":"2021年中报","OPERATE_INCOME_SQ":36134812000,"DPS_HKD":0.472,"OPERATE_INCOME_QOQ_SQ":18.604641405482,"NET_PROFIT_RATIO_SQ":10.8219602748,"HOLDER_PROFIT_SQ":2418363000,"HOLDER_PROFIT_QOQ_SQ":8.496060953352,"ROE_AVG_SQ":7.36550603756,"PE_TTM_SQ":5.158790269671,"PB_TTM_SQ":0.489965692667,"ROA_SQ":0.540802405887,"START_DATE":"2022-01-01 00:00:00","FISCAL_YEAR":"12-31","CURRENCY":"HKD","IS_CNY_CODE":0,"DPS_HKD_LY":0.537,"ORG_TYPE":"一般企业","PREMIUM_INCOME":null,"PREMIUM_INCOME_YOY":null,"NET_INTEREST_INCOME":null,"NET_INTEREST_INCOME_YOY":null,"FEE_COMMISSION_INCOME":null,"FEE_COMMISSION_INCOME_YOY":null,"ACCOUNTS_RECE_TDAYS":null,"INVENTORY_TDAYS":0.187303686109,"CURRENT_ASSETS_TDAYS":0.14081956888,"TOTAL_ASSETS_TDAYS":0.123405411432,"PREMIUM_EXPENSE":null,"LOAN_DEPOSIT":null,"LOAN_EQUITY":null,"LOAN_ASSETS":null,"DEPOSIT_EQUITY":null,"DEPOSIT_ASSETS":null,"EQUITY_MULTIPLIER":4.927452663645,"EQUITY_RATIO":11.81664720863},{"SECUCODE":"03900.HK","SECURITY_CODE":"03900","SECURITY_NAME_ABBR":"绿城中国","ORG_CODE":"10097256","STD_REPORT_DATE":"2021-12-31 00:00:00","REPORT_DATE":"2021-12-31 00:00:00","DATE_TYPE_CODE":"001","REPORT_TYPE":"2021年年报","PER_NETCASH_OPERATE":2.344021192495,"PER_OI":40.08891078047,"BPS":13.684180944452,"BASIC_EPS":1.31,"DILUTED_EPS":1.3,"OPERATE_INCOME":100240064000,"OPERATE_INCOME_YOY":52.3809778617,"GROSS_PROFIT":18168480000,"GROSS_PROFIT_YOY":16.667287403117,"HOLDER_PROFIT":4469175000,"HOLDER_PROFIT_YOY":17.7190063314,"GROSS_PROFIT_RATIO":18.124968475679,"EPS_TTM":1.787352787777,"OPERATE_INCOME_QOQ":28.478089943193,"NET_PROFIT_RATIO":7.6686204031,"ROE_AVG":13.360252285735,"GROSS_PROFIT_QOQ":4.873474604007,"ROA":0.955640604049,"HOLDER_PROFIT_QOQ":8.500719101691,"ROE_YEARLY":13.360252285735,"ROIC_YEARLY":1.310475662134,"TOTAL_ASSETS":521043625000,"TOTAL_LIABILITIES":413397775000,"TAX_EBT":38.77463082927,"OCF_SALES":5.847056322709,"TOTAL_PARENT_EQUITY":34679405000,"DEBT_ASSET_RATIO":79.340338345,"OPERATE_PROFIT":12848878000,"PRETAX_PROFIT":12555302000,"NETCASH_OPERATE":5861093000,"NETCASH_INVEST":-30720897000,"NETCASH_FINANCE":33821899000,"END_CASH":68375618000,"DIVI_RATIO":0.239312486558,"DIVIDEND_RATE":4.791878172589,"CURRENT_RATIO":1.466931889431,"COMMON_ACS":10000000000,"CURRENTDEBT_DEBT":75.566378169307,"ISSUED_COMMON_SHARES":2534269690,"HK_COMMON_SHARES":2534269690,"PER_SHARES":500,"TOTAL_MARKET_CAP":24962556446.5,"HKSK_MARKET_CAP":24962556446.5,"PE_TTM":8.547709836011,"PB_TTM":0.619230119487,"REPORT_DATE_SQ":"2020-12-31 00:00:00","REPORT_TYPE_SQ":"2020年年报","OPERATE_INCOME_SQ":65782531000,"DPS_HKD":0.472,"OPERATE_INCOME_QOQ_SQ":-1.568883449234,"NET_PROFIT_RATIO_SQ":8.7605036054,"HOLDER_PROFIT_SQ":3796477000,"HOLDER_PROFIT_QOQ_SQ":50.745193615338,"ROE_AVG_SQ":12.68287914693,"PE_TTM_SQ":5.158790269671,"PB_TTM_SQ":0.489965692667,"ROA_SQ":1.010542598438,"START_DATE":"2021-01-01 00:00:00","FISCAL_YEAR":"12-31","CURRENCY":"HKD","IS_CNY_CODE":0,"DPS_HKD_LY":0.416989,"ORG_TYPE":"一般企业","PREMIUM_INCOME":null,"PREMIUM_INCOME_YOY":null,"NET_INTEREST_INCOME":null,"NET_INTEREST_INCOME_YOY":null,"FEE_COMMISSION_INCOME":null,"FEE_COMMISSION_INCOME_YOY":null,"ACCOUNTS_RECE_TDAYS":null,"INVENTORY_TDAYS":0.316760756407,"CURRENT_ASSETS_TDAYS":0.242322734938,"TOTAL_ASSETS_TDAYS":0.214342636641,"PREMIUM_EXPENSE":null,"LOAN_DEPOSIT":null,"LOAN_EQUITY":null,"LOAN_ASSETS":null,"DEPOSIT_EQUITY":null,"DEPOSIT_ASSETS":null,"EQUITY_MULTIPLIER":4.840350324701,"EQUITY_RATIO":11.920555586233},{"SECUCODE":"03900.HK","SECURITY_CODE":"03900","SECURITY_NAME_ABBR":"绿城中国","ORG_CODE":"10097256","STD_REPORT_DATE":"2021-06-30 00:00:00","REPORT_DATE":"2021-06-30 00:00:00","DATE_TYPE_CODE":"002","REPORT_TYPE":"2021年中报","PER_NETCASH_OPERATE":-2.807400045461,"PER_OI":14.486849410339,"BPS":13.19674505518,"BASIC_EPS":0.71,"DILUTED_EPS":0.71,"OPERATE_INCOME":36134812000,"OPERATE_INCOME_YOY":51.2156740517,"GROSS_PROFIT":7935167000,"GROSS_PROFIT_YOY":28.320259280707,"HOLDER_PROFIT":2418363000,"HOLDER_PROFIT_YOY":15.3902640122,"GROSS_PROFIT_RATIO":21.959895626411,"EPS_TTM":1.651364295267,"OPERATE_INCOME_QOQ":18.604641405482,"NET_PROFIT_RATIO":10.8219602748,"ROE_AVG":7.36550603756,"GROSS_PROFIT_QOQ":11.245753841609,"ROA":0.540802405887,"HOLDER_PROFIT_QOQ":8.496060953352,"ROE_YEARLY":14.731012075119,"ROIC_YEARLY":1.444191240151,"TOTAL_ASSETS":480079188000,"TOTAL_LIABILITIES":390461358000,"TAX_EBT":33.971477600506,"OCF_SALES":-19.378955119512,"TOTAL_PARENT_EQUITY":33444111000,"DEBT_ASSET_RATIO":81.3326983881,"OPERATE_PROFIT":6825466000,"PRETAX_PROFIT":5922433000,"NETCASH_OPERATE":-7002549000,"NETCASH_INVEST":-26718270000,"NETCASH_FINANCE":30741541000,"END_CASH":56455102000,"DIVI_RATIO":0.259019673143,"DIVIDEND_RATE":4.791878172589,"CURRENT_RATIO":1.490685351123,"COMMON_ACS":10000000000,"CURRENTDEBT_DEBT":73.55876583311,"ISSUED_COMMON_SHARES":2534269690,"HK_COMMON_SHARES":2534269690,"PER_SHARES":500,"TOTAL_MARKET_CAP":24962556446.5,"HKSK_MARKET_CAP":24962556446.5,"PE_TTM":8.547709836011,"PB_TTM":0.619230119487,"REPORT_DATE_SQ":"2020-06-30 00:00:00","REPORT_TYPE_SQ":"2020年中报","OPERATE_INCOME_SQ":23896208000,"DPS_HKD":0.472,"OPERATE_INCOME_QOQ_SQ":8.504372554783,"NET_PROFIT_RATIO_SQ":13.099860865,"HOLDER_PROFIT_SQ":2095812000,"HOLDER_PROFIT_QOQ_SQ":1.541831570595,"ROE_AVG_SQ":5.140606419086,"PE_TTM_SQ":5.158790269671,"PB_TTM_SQ":0.489965692667,"ROA_SQ":0.588152137872,"START_DATE":"2021-01-01 00:00:00","FISCAL_YEAR":"12-31","CURRENCY":"HKD","IS_CNY_CODE":0,"DPS_HKD_LY":0.416989,"ORG_TYPE":"一般企业","PREMIUM_INCOME":null,"PREMIUM_INCOME_YOY":null,"NET_INTEREST_INCOME":null,"NET_INTEREST_INCOME_YOY":null,"FEE_COMMISSION_INCOME":null,"FEE_COMMISSION_INCOME_YOY":null,"ACCOUNTS_RECE_TDAYS":null,"INVENTORY_TDAYS":0.112086175735,"CURRENT_ASSETS_TDAYS":0.090651478676,"TOTAL_ASSETS_TDAYS":0.080805872674,"PREMIUM_EXPENSE":null,"LOAN_DEPOSIT":null,"LOAN_EQUITY":null,"LOAN_ASSETS":null,"DEPOSIT_EQUITY":null,"DEPOSIT_ASSETS":null,"EQUITY_MULTIPLIER":5.356960640538,"EQUITY_RATIO":11.675040726901},{"SECUCODE":"03900.HK","SECURITY_CODE":"03900","SECURITY_NAME_ABBR":"绿城中国","ORG_CODE":"10097256","STD_REPORT_DATE":"2020-12-31 00:00:00","REPORT_DATE":"2020-12-31 00:00:00","DATE_TYPE_CODE":"001","REPORT_TYPE":"2020年年报","PER_NETCASH_OPERATE":-1.244391640191,"PER_OI":26.374452319666,"BPS":12.714964444057,"BASIC_EPS":1.05,"DILUTED_EPS":1.04,"OPERATE_INCOME":65782531000,"OPERATE_INCOME_YOY":6.8020654121,"GROSS_PROFIT":15572900000,"GROSS_PROFIT_YOY":-0.431625568847,"HOLDER_PROFIT":3796477000,"HOLDER_PROFIT_YOY":53.0694306017,"GROSS_PROFIT_RATIO":23.673306215597,"EPS_TTM":1.522136653866,"OPERATE_INCOME_QOQ":-1.568883449234,"NET_PROFIT_RATIO":8.7605036054,"ROE_AVG":12.68287914693,"GROSS_PROFIT_QOQ":-1.78407506815,"ROA":1.010542598438,"HOLDER_PROFIT_QOQ":50.745193615338,"ROE_YEARLY":12.68287914693,"ROIC_YEARLY":1.326025186399,"TOTAL_ASSETS":414281848000,"TOTAL_LIABILITIES":329691775000,"TAX_EBT":46.409392340821,"OCF_SALES":-4.718170542876,"TOTAL_PARENT_EQUITY":32223149000,"DEBT_ASSET_RATIO":79.5815159635,"OPERATE_PROFIT":12284258000,"PRETAX_PROFIT":10753528000,"NETCASH_OPERATE":-3103732000,"NETCASH_INVEST":-11885959000,"NETCASH_FINANCE":28069208000,"END_CASH":59547352000,"DIVI_RATIO":0.281010143809,"DIVIDEND_RATE":4.791878172589,"CURRENT_RATIO":1.549332305551,"COMMON_ACS":10000000000,"CURRENTDEBT_DEBT":72.253516788522,"ISSUED_COMMON_SHARES":2534269690,"HK_COMMON_SHARES":2534269690,"PER_SHARES":500,"TOTAL_MARKET_CAP":24962556446.5,"HKSK_MARKET_CAP":24962556446.5,"PE_TTM":8.547709836011,"PB_TTM":0.619230119487,"REPORT_DATE_SQ":"2019-12-31 00:00:00","REPORT_TYPE_SQ":"2019年年报","OPERATE_INCOME_SQ":61592939000,"DPS_HKD":0.472,"OPERATE_INCOME_QOQ_SQ":35.586556680742,"NET_PROFIT_RATIO_SQ":6.3894044738,"HOLDER_PROFIT_SQ":2480232000,"HOLDER_PROFIT_QOQ_SQ":241.680109878453,"ROE_AVG_SQ":5.400242171674,"PE_TTM_SQ":5.158790269671,"PB_TTM_SQ":0.489965692667,"ROA_SQ":0.804154154499,"START_DATE":"2020-01-01 00:00:00","FISCAL_YEAR":"12-31","CURRENCY":"HKD","IS_CNY_CODE":0,"DPS_HKD_LY":0.327679,"ORG_TYPE":"一般企业","PREMIUM_INCOME":null,"PREMIUM_INCOME_YOY":null,"NET_INTEREST_INCOME":null,"NET_INTEREST_INCOME_YOY":null,"FEE_COMMISSION_INCOME":null,"FEE_COMMISSION_INCOME_YOY":null,"ACCOUNTS_RECE_TDAYS":null,"INVENTORY_TDAYS":0.243128355198,"CURRENT_ASSETS_TDAYS":0.19642428601,"TOTAL_ASSETS_TDAYS":0.175099308671,"PREMIUM_EXPENSE":null,"LOAN_DEPOSIT":null,"LOAN_EQUITY":null,"LOAN_ASSETS":null,"DEPOSIT_EQUITY":null,"DEPOSIT_ASSETS":null,"EQUITY_MULTIPLIER":4.89752323538,"EQUITY_RATIO":10.231519427229},{"SECUCODE":"03900.HK","SECURITY_CODE":"03900","SECURITY_NAME_ABBR":"绿城中国","ORG_CODE":"10097256","STD_REPORT_DATE":"2020-06-30 00:00:00","REPORT_DATE":"2020-06-30 00:00:00","DATE_TYPE_CODE":"002","REPORT_TYPE":"2020年中报","PER_NETCASH_OPERATE":-2.945034901057,"PER_OI":9.581785373813,"BPS":12.334805219566,"BASIC_EPS":0.65,"DILUTED_EPS":0.65,"OPERATE_INCOME":23896208000,"OPERATE_INCOME_YOY":28.0740739351,"GROSS_PROFIT":6183877000,"GROSS_PROFIT_YOY":3.608457459874,"HOLDER_PROFIT":2095812000,"HOLDER_PROFIT_YOY":1.8585506891,"GROSS_PROFIT_RATIO":25.878068185546,"EPS_TTM":1.009845066453,"OPERATE_INCOME_QOQ":8.504372554783,"NET_PROFIT_RATIO":13.099860865,"ROE_AVG":5.140606419086,"GROSS_PROFIT_QOQ":1.377016507498,"ROA":0.588152137872,"HOLDER_PROFIT_QOQ":1.541831570595,"ROE_YEARLY":10.281212838173,"ROIC_YEARLY":1.473262746107,"TOTAL_ASSETS":375584710000,"TOTAL_LIABILITIES":301461284000,"TAX_EBT":32.656492760245,"OCF_SALES":-30.735763598978,"TOTAL_PARENT_EQUITY":53894887000,"DEBT_ASSET_RATIO":80.2645251453,"OPERATE_PROFIT":5428545000,"PRETAX_PROFIT":4648362000,"NETCASH_OPERATE":-7344682000,"NETCASH_INVEST":-8594578000,"NETCASH_FINANCE":25904391000,"END_CASH":56572693000,"DIVI_RATIO":0.423565806488,"DIVIDEND_RATE":4.791878172589,"CURRENT_RATIO":1.535515445143,"COMMON_ACS":10000000000,"CURRENTDEBT_DEBT":72.837733285844,"ISSUED_COMMON_SHARES":2534269690,"HK_COMMON_SHARES":2534269690,"PER_SHARES":500,"TOTAL_MARKET_CAP":24962556446.5,"HKSK_MARKET_CAP":24962556446.5,"PE_TTM":8.547709836011,"PB_TTM":0.619230119487,"REPORT_DATE_SQ":"2019-06-30 00:00:00","REPORT_TYPE_SQ":"2019年中报","OPERATE_INCOME_SQ":18658115000,"DPS_HKD":0.472,"OPERATE_INCOME_QOQ_SQ":-24.668102538352,"NET_PROFIT_RATIO_SQ":16.4680837266,"HOLDER_PROFIT_SQ":2057571000,"HOLDER_PROFIT_QOQ_SQ":-27.648375087836,"ROE_AVG_SQ":4.601965936741,"PE_TTM_SQ":5.158790269671,"PB_TTM_SQ":0.489965692667,"ROA_SQ":0.709585423012,"START_DATE":"2020-01-01 00:00:00","FISCAL_YEAR":"12-31","CURRENCY":"HKD","IS_CNY_CODE":0,"DPS_HKD_LY":0.327679,"ORG_TYPE":"一般企业","PREMIUM_INCOME":null,"PREMIUM_INCOME_YOY":null,"NET_INTEREST_INCOME":null,"NET_INTEREST_INCOME_YOY":null,"FEE_COMMISSION_INCOME":null,"FEE_COMMISSION_INCOME_YOY":null,"ACCOUNTS_RECE_TDAYS":1.582386658801,"INVENTORY_TDAYS":0.094262170357,"CURRENT_ASSETS_TDAYS":0.074922351392,"TOTAL_ASSETS_TDAYS":0.067060432053,"PREMIUM_EXPENSE":null,"LOAN_DEPOSIT":null,"LOAN_EQUITY":null,"LOAN_ASSETS":null,"DEPOSIT_EQUITY":null,"DEPOSIT_ASSETS":null,"EQUITY_MULTIPLIER":5.067017679394,"EQUITY_RATIO":5.593504333723}],"count":41},"success":true,"message":"ok","code":0}