{"version":"09c36c88b56adb997da5c01e41f96b51","result":{"pages":3,"data":[{"SECUCODE":"03903.HK","SECURITY_CODE":"03903","SECURITY_NAME_ABBR":"瀚华金控","ORG_CODE":"10385001","STD_REPORT_DATE":"2024-06-30 00:00:00","REPORT_DATE":"2024-06-30 00:00:00","DATE_TYPE_CODE":"002","REPORT_TYPE":"2024年中报","PER_NETCASH_OPERATE":-0.042745869565,"PER_OI":0.04515326087,"BPS":1.612531086957,"BASIC_EPS":0.005,"DILUTED_EPS":0.005,"OPERATE_INCOME":207705000,"OPERATE_INCOME_YOY":-21.4479401854,"GROSS_PROFIT":null,"GROSS_PROFIT_YOY":null,"HOLDER_PROFIT":21774000,"HOLDER_PROFIT_YOY":95.2299829642,"GROSS_PROFIT_RATIO":null,"EPS_TTM":0.009235434783,"OPERATE_INCOME_QOQ":-11.236996968436,"NET_PROFIT_RATIO":3.849209215,"ROE_AVG":0.294383712012,"GROSS_PROFIT_QOQ":null,"ROA":0.166514012253,"HOLDER_PROFIT_QOQ":33.334379511644,"ROE_YEARLY":0.588767424024,"ROIC_YEARLY":0.357429452867,"TOTAL_ASSETS":12990365000,"TOTAL_LIABILITIES":5029975000,"TAX_EBT":56.849093264249,"OCF_SALES":-94.668399894081,"TOTAL_PARENT_EQUITY":7417643000,"DEBT_ASSET_RATIO":38.7208134644,"OPERATE_PROFIT":-44189000,"PRETAX_PROFIT":18528000,"NETCASH_OPERATE":-196631000,"NETCASH_INVEST":18957000,"NETCASH_FINANCE":-291247000,"END_CASH":111224000,"DIVI_RATIO":null,"DIVIDEND_RATE":null,"CURRENT_RATIO":null,"COMMON_ACS":null,"CURRENTDEBT_DEBT":null,"ISSUED_COMMON_SHARES":4600000000,"HK_COMMON_SHARES":1170000000,"PER_SHARES":2000,"TOTAL_MARKET_CAP":855600000,"HKSK_MARKET_CAP":217620000,"PE_TTM":18.235429018623,"PB_TTM":0.105274547184,"REPORT_DATE_SQ":"2023-06-30 00:00:00","REPORT_TYPE_SQ":"2023年中报","OPERATE_INCOME_SQ":264417000,"DPS_HKD":null,"OPERATE_INCOME_QOQ_SQ":1.066205137669,"NET_PROFIT_RATIO_SQ":6.6822481157,"HOLDER_PROFIT_SQ":11153000,"HOLDER_PROFIT_QOQ_SQ":-56.519260526101,"ROE_AVG_SQ":0.152200707877,"PE_TTM_SQ":333.744933563776,"PB_TTM_SQ":0.196454701065,"ROA_SQ":0.096027250283,"START_DATE":"2024-01-01 00:00:00","FISCAL_YEAR":"12-31","CURRENCY":"HKD","IS_CNY_CODE":0,"DPS_HKD_LY":null,"ORG_TYPE":"银行","PREMIUM_INCOME":null,"PREMIUM_INCOME_YOY":null,"NET_INTEREST_INCOME":68885000,"NET_INTEREST_INCOME_YOY":-0.341430245511,"FEE_COMMISSION_INCOME":107606000,"FEE_COMMISSION_INCOME_YOY":null,"ACCOUNTS_RECE_TDAYS":null,"INVENTORY_TDAYS":null,"CURRENT_ASSETS_TDAYS":null,"TOTAL_ASSETS_TDAYS":0.015883986826,"PREMIUM_EXPENSE":null,"LOAN_DEPOSIT":null,"LOAN_EQUITY":0.441468194398,"LOAN_ASSETS":27.052811834002,"DEPOSIT_EQUITY":null,"DEPOSIT_ASSETS":null,"EQUITY_MULTIPLIER":1.631875448312,"EQUITY_RATIO":0.678109609751},{"SECUCODE":"03903.HK","SECURITY_CODE":"03903","SECURITY_NAME_ABBR":"瀚华金控","ORG_CODE":"10385001","STD_REPORT_DATE":"2023-12-31 00:00:00","REPORT_DATE":"2023-12-31 00:00:00","DATE_TYPE_CODE":"001","REPORT_TYPE":"2023年年报","PER_NETCASH_OPERATE":0.103737173913,"PER_OI":0.109715217391,"BPS":1.603325,"BASIC_EPS":0.007,"DILUTED_EPS":0.007,"OPERATE_INCOME":504690000,"OPERATE_INCOME_YOY":-16.0918336301,"GROSS_PROFIT":null,"GROSS_PROFIT_YOY":null,"HOLDER_PROFIT":31862000,"HOLDER_PROFIT_YOY":159.4836713087,"GROSS_PROFIT_RATIO":null,"EPS_TTM":0.006926521739,"OPERATE_INCOME_QOQ":-16.977028814329,"NET_PROFIT_RATIO":4.7173512453,"ROE_AVG":0.433763732181,"GROSS_PROFIT_QOQ":null,"ROA":0.258557232465,"HOLDER_PROFIT_QOQ":496.778422925641,"ROE_YEARLY":0.433763732181,"ROIC_YEARLY":0.282952406148,"TOTAL_ASSETS":13163864000,"TOTAL_LIABILITIES":5232313000,"TAX_EBT":58.395078987837,"OCF_SALES":94.551308724167,"TOTAL_PARENT_EQUITY":7375295000,"DEBT_ASSET_RATIO":39.7407947752,"OPERATE_PROFIT":-59477000,"PRETAX_PROFIT":57224000,"NETCASH_OPERATE":477191000,"NETCASH_INVEST":119696000,"NETCASH_FINANCE":-368435000,"END_CASH":575201000,"DIVI_RATIO":null,"DIVIDEND_RATE":null,"CURRENT_RATIO":null,"COMMON_ACS":null,"CURRENTDEBT_DEBT":null,"ISSUED_COMMON_SHARES":4600000000,"HK_COMMON_SHARES":1170000000,"PER_SHARES":2000,"TOTAL_MARKET_CAP":860200000,"HKSK_MARKET_CAP":218790000,"PE_TTM":18.333468959583,"PB_TTM":0.105840539373,"REPORT_DATE_SQ":"2022-12-31 00:00:00","REPORT_TYPE_SQ":"2022年年报","OPERATE_INCOME_SQ":601479000,"DPS_HKD":null,"OPERATE_INCOME_QOQ_SQ":-10.813251404203,"NET_PROFIT_RATIO_SQ":8.6513411108,"HOLDER_PROFIT_SQ":12279000,"HOLDER_PROFIT_QOQ_SQ":339.320214669052,"ROE_AVG_SQ":0.167611183006,"PE_TTM_SQ":368.10102966593,"PB_TTM_SQ":0.216677979116,"ROA_SQ":0.103008677174,"START_DATE":"2023-01-01 00:00:00","FISCAL_YEAR":"12-31","CURRENCY":"HKD","IS_CNY_CODE":0,"DPS_HKD_LY":null,"ORG_TYPE":"银行","PREMIUM_INCOME":null,"PREMIUM_INCOME_YOY":null,"NET_INTEREST_INCOME":184012000,"NET_INTEREST_INCOME_YOY":-11.610033528355,"FEE_COMMISSION_INCOME":255073000,"FEE_COMMISSION_INCOME_YOY":null,"ACCOUNTS_RECE_TDAYS":null,"INVENTORY_TDAYS":null,"CURRENT_ASSETS_TDAYS":null,"TOTAL_ASSETS_TDAYS":0.040955134534,"PREMIUM_EXPENSE":null,"LOAN_DEPOSIT":null,"LOAN_EQUITY":0.401712477169,"LOAN_ASSETS":24.20416224294,"DEPOSIT_EQUITY":null,"DEPOSIT_ASSETS":null,"EQUITY_MULTIPLIER":1.659497492988,"EQUITY_RATIO":0.70943779198},{"SECUCODE":"03903.HK","SECURITY_CODE":"03903","SECURITY_NAME_ABBR":"瀚华金控","ORG_CODE":"10385001","STD_REPORT_DATE":"2023-06-30 00:00:00","REPORT_DATE":"2023-06-30 00:00:00","DATE_TYPE_CODE":"002","REPORT_TYPE":"2023年中报","PER_NETCASH_OPERATE":0.101333695652,"PER_OI":0.057481956522,"BPS":1.595651304348,"BASIC_EPS":0.002,"DILUTED_EPS":0.002,"OPERATE_INCOME":264417000,"OPERATE_INCOME_YOY":2.485620378,"GROSS_PROFIT":null,"GROSS_PROFIT_YOY":null,"HOLDER_PROFIT":11153000,"HOLDER_PROFIT_YOY":-38.3573757807,"GROSS_PROFIT_RATIO":null,"EPS_TTM":0.001160652174,"OPERATE_INCOME_QOQ":1.066205137669,"NET_PROFIT_RATIO":6.6822481157,"ROE_AVG":0.152200707877,"GROSS_PROFIT_QOQ":null,"ROA":0.096027250283,"HOLDER_PROFIT_QOQ":-56.519260526101,"ROE_YEARLY":0.304401415755,"ROIC_YEARLY":0.212041244902,"TOTAL_ASSETS":11745218000,"TOTAL_LIABILITIES":3834396000,"TAX_EBT":56.897519088625,"OCF_SALES":176.287833233113,"TOTAL_PARENT_EQUITY":7339996000,"DEBT_ASSET_RATIO":32.6464438549,"OPERATE_PROFIT":-7328000,"PRETAX_PROFIT":40993000,"NETCASH_OPERATE":466135000,"NETCASH_INVEST":-48531000,"NETCASH_FINANCE":-138539000,"END_CASH":625259000,"DIVI_RATIO":null,"DIVIDEND_RATE":null,"CURRENT_RATIO":null,"COMMON_ACS":null,"CURRENTDEBT_DEBT":null,"ISSUED_COMMON_SHARES":4600000000,"HK_COMMON_SHARES":1170000000,"PER_SHARES":2000,"TOTAL_MARKET_CAP":860200000,"HKSK_MARKET_CAP":218790000,"PE_TTM":18.333468959583,"PB_TTM":0.105840539373,"REPORT_DATE_SQ":"2022-06-30 00:00:00","REPORT_TYPE_SQ":"2022年中报","OPERATE_INCOME_SQ":258004000,"DPS_HKD":null,"OPERATE_INCOME_QOQ_SQ":-21.419840906416,"NET_PROFIT_RATIO_SQ":10.9657214617,"HOLDER_PROFIT_SQ":18093000,"HOLDER_PROFIT_QOQ_SQ":-96.356977138239,"ROE_AVG_SQ":0.246745517586,"PE_TTM_SQ":368.10102966593,"PB_TTM_SQ":0.216677979116,"ROA_SQ":0.151337135484,"START_DATE":"2023-01-01 00:00:00","FISCAL_YEAR":"12-31","CURRENCY":"HKD","IS_CNY_CODE":0,"DPS_HKD_LY":null,"ORG_TYPE":"银行","PREMIUM_INCOME":null,"PREMIUM_INCOME_YOY":null,"NET_INTEREST_INCOME":69121000,"NET_INTEREST_INCOME_YOY":-30.374914380112,"FEE_COMMISSION_INCOME":116958000,"FEE_COMMISSION_INCOME_YOY":null,"ACCOUNTS_RECE_TDAYS":null,"INVENTORY_TDAYS":null,"CURRENT_ASSETS_TDAYS":null,"TOTAL_ASSETS_TDAYS":0.022766284801,"PREMIUM_EXPENSE":null,"LOAN_DEPOSIT":null,"LOAN_EQUITY":0.273481693811,"LOAN_ASSETS":18.419964618792,"DEPOSIT_EQUITY":null,"DEPOSIT_ASSETS":null,"EQUITY_MULTIPLIER":1.484702601071,"EQUITY_RATIO":0.52239755989},{"SECUCODE":"03903.HK","SECURITY_CODE":"03903","SECURITY_NAME_ABBR":"瀚华金控","ORG_CODE":"10385001","STD_REPORT_DATE":"2022-12-31 00:00:00","REPORT_DATE":"2022-12-31 00:00:00","DATE_TYPE_CODE":"001","REPORT_TYPE":"2022年年报","PER_NETCASH_OPERATE":0.048325869565,"PER_OI":0.130756304348,"BPS":1.590359130435,"BASIC_EPS":0.003,"DILUTED_EPS":0.003,"OPERATE_INCOME":601479000,"OPERATE_INCOME_YOY":-29.916911063,"GROSS_PROFIT":null,"GROSS_PROFIT_YOY":null,"HOLDER_PROFIT":12279000,"HOLDER_PROFIT_YOY":-83.9954641433,"GROSS_PROFIT_RATIO":null,"EPS_TTM":0.002669347826,"OPERATE_INCOME_QOQ":-10.813251404203,"NET_PROFIT_RATIO":8.6513411108,"ROE_AVG":0.167611183006,"GROSS_PROFIT_QOQ":null,"ROA":0.103008677174,"HOLDER_PROFIT_QOQ":339.320214669052,"ROE_YEARLY":0.167611183006,"ROIC_YEARLY":0.115020018204,"TOTAL_ASSETS":11483605000,"TOTAL_LIABILITIES":3513961000,"TAX_EBT":52.501095370235,"OCF_SALES":36.958730063726,"TOTAL_PARENT_EQUITY":7315652000,"DEBT_ASSET_RATIO":30.5998072905,"OPERATE_PROFIT":-185169000,"PRETAX_PROFIT":109552000,"NETCASH_OPERATE":222299000,"NETCASH_INVEST":148823000,"NETCASH_FINANCE":-832435000,"END_CASH":339443000,"DIVI_RATIO":null,"DIVIDEND_RATE":null,"CURRENT_RATIO":null,"COMMON_ACS":null,"CURRENTDEBT_DEBT":null,"ISSUED_COMMON_SHARES":4600000000,"HK_COMMON_SHARES":1170000000,"PER_SHARES":2000,"TOTAL_MARKET_CAP":860200000,"HKSK_MARKET_CAP":218790000,"PE_TTM":18.333468959583,"PB_TTM":0.105840539373,"REPORT_DATE_SQ":"2021-12-31 00:00:00","REPORT_TYPE_SQ":"2021年年报","OPERATE_INCOME_SQ":858237000,"DPS_HKD":null,"OPERATE_INCOME_QOQ_SQ":-14.293546428486,"NET_PROFIT_RATIO_SQ":13.0898574636,"HOLDER_PROFIT_SQ":76722000,"HOLDER_PROFIT_QOQ_SQ":-35.524480225894,"ROE_AVG_SQ":1.041750328475,"PE_TTM_SQ":368.10102966593,"PB_TTM_SQ":0.216677979116,"ROA_SQ":0.56370315102,"START_DATE":"2022-01-01 00:00:00","FISCAL_YEAR":"12-31","CURRENCY":"HKD","IS_CNY_CODE":0,"DPS_HKD_LY":null,"ORG_TYPE":"银行","PREMIUM_INCOME":null,"PREMIUM_INCOME_YOY":null,"NET_INTEREST_INCOME":208182000,"NET_INTEREST_INCOME_YOY":-9.912241224122,"FEE_COMMISSION_INCOME":337338000,"FEE_COMMISSION_INCOME_YOY":null,"ACCOUNTS_RECE_TDAYS":null,"INVENTORY_TDAYS":null,"CURRENT_ASSETS_TDAYS":null,"TOTAL_ASSETS_TDAYS":0.050458144913,"PREMIUM_EXPENSE":null,"LOAN_DEPOSIT":null,"LOAN_EQUITY":0.275497876693,"LOAN_ASSETS":19.119605733565,"DEPOSIT_EQUITY":null,"DEPOSIT_ASSETS":null,"EQUITY_MULTIPLIER":1.440918189069,"EQUITY_RATIO":0.480334630461},{"SECUCODE":"03903.HK","SECURITY_CODE":"03903","SECURITY_NAME_ABBR":"瀚华金控","ORG_CODE":"10385001","STD_REPORT_DATE":"2022-06-30 00:00:00","REPORT_DATE":"2022-06-30 00:00:00","DATE_TYPE_CODE":"002","REPORT_TYPE":"2022年中报","PER_NETCASH_OPERATE":0.02726326087,"PER_OI":0.056087826087,"BPS":1.593303695652,"BASIC_EPS":0.004,"DILUTED_EPS":0.004,"OPERATE_INCOME":258004000,"OPERATE_INCOME_YOY":-41.6065200515,"GROSS_PROFIT":null,"GROSS_PROFIT_YOY":null,"HOLDER_PROFIT":18093000,"HOLDER_PROFIT_YOY":-80.3379700065,"GROSS_PROFIT_RATIO":null,"EPS_TTM":0.000607608696,"OPERATE_INCOME_QOQ":-21.419840906416,"NET_PROFIT_RATIO":10.9657214617,"ROE_AVG":0.246745517586,"GROSS_PROFIT_QOQ":null,"ROA":0.151337135484,"HOLDER_PROFIT_QOQ":-96.356977138239,"ROE_YEARLY":0.493491035172,"ROIC_YEARLY":0.337186150544,"TOTAL_ASSETS":11553748000,"TOTAL_LIABILITIES":3606077000,"TAX_EBT":57.041558480997,"OCF_SALES":48.608161113781,"TOTAL_PARENT_EQUITY":7329197000,"DEBT_ASSET_RATIO":31.2113177473,"OPERATE_PROFIT":-121972000,"PRETAX_PROFIT":65859000,"NETCASH_OPERATE":125411000,"NETCASH_INVEST":-16687000,"NETCASH_FINANCE":-570889000,"END_CASH":332655000,"DIVI_RATIO":null,"DIVIDEND_RATE":null,"CURRENT_RATIO":null,"COMMON_ACS":null,"CURRENTDEBT_DEBT":null,"ISSUED_COMMON_SHARES":4600000000,"HK_COMMON_SHARES":1170000000,"PER_SHARES":2000,"TOTAL_MARKET_CAP":860200000,"HKSK_MARKET_CAP":218790000,"PE_TTM":18.333468959583,"PB_TTM":0.105840539373,"REPORT_DATE_SQ":"2021-06-30 00:00:00","REPORT_TYPE_SQ":"2021年中报","OPERATE_INCOME_SQ":441837000,"DPS_HKD":null,"OPERATE_INCOME_QOQ_SQ":-13.227922195523,"NET_PROFIT_RATIO_SQ":22.8690670994,"HOLDER_PROFIT_SQ":92020000,"HOLDER_PROFIT_QOQ_SQ":-21.246095197755,"ROE_AVG_SQ":1.248368147321,"PE_TTM_SQ":368.10102966593,"PB_TTM_SQ":0.216677979116,"ROA_SQ":0.660321803188,"START_DATE":"2022-01-01 00:00:00","FISCAL_YEAR":"12-31","CURRENCY":"HKD","IS_CNY_CODE":0,"DPS_HKD_LY":null,"ORG_TYPE":"银行","PREMIUM_INCOME":null,"PREMIUM_INCOME_YOY":null,"NET_INTEREST_INCOME":99276000,"NET_INTEREST_INCOME_YOY":-24.246285797132,"FEE_COMMISSION_INCOME":143371000,"FEE_COMMISSION_INCOME_YOY":null,"ACCOUNTS_RECE_TDAYS":null,"INVENTORY_TDAYS":null,"CURRENT_ASSETS_TDAYS":null,"TOTAL_ASSETS_TDAYS":0.021580493176,"PREMIUM_EXPENSE":null,"LOAN_DEPOSIT":null,"LOAN_EQUITY":0.199643140739,"LOAN_ASSETS":13.733188572228,"DEPOSIT_EQUITY":null,"DEPOSIT_ASSETS":null,"EQUITY_MULTIPLIER":1.453727513381,"EQUITY_RATIO":0.492015291716},{"SECUCODE":"03903.HK","SECURITY_CODE":"03903","SECURITY_NAME_ABBR":"瀚华金控","ORG_CODE":"10385001","STD_REPORT_DATE":"2021-12-31 00:00:00","REPORT_DATE":"2021-12-31 00:00:00","DATE_TYPE_CODE":"001","REPORT_TYPE":"2021年年报","PER_NETCASH_OPERATE":0.294689347826,"PER_OI":0.18657326087,"BPS":1.594807608696,"BASIC_EPS":0.017,"DILUTED_EPS":0.017,"OPERATE_INCOME":858237000,"OPERATE_INCOME_YOY":-25.6307294235,"GROSS_PROFIT":null,"GROSS_PROFIT_YOY":null,"HOLDER_PROFIT":76722000,"HOLDER_PROFIT_YOY":-49.2230105363,"GROSS_PROFIT_RATIO":null,"EPS_TTM":0.016678695652,"OPERATE_INCOME_QOQ":-14.293546428486,"NET_PROFIT_RATIO":13.0898574636,"ROE_AVG":1.041750328475,"GROSS_PROFIT_QOQ":null,"ROA":0.56370315102,"HOLDER_PROFIT_QOQ":-35.524480225894,"ROE_YEARLY":1.041750328475,"ROIC_YEARLY":0.652517198934,"TOTAL_ASSETS":12357105000,"TOTAL_LIABILITIES":4319820000,"TAX_EBT":31.557207262093,"OCF_SALES":157.948328958085,"TOTAL_PARENT_EQUITY":7336115000,"DEBT_ASSET_RATIO":34.9581880222,"OPERATE_PROFIT":17026000,"PRETAX_PROFIT":164140000,"NETCASH_OPERATE":1355571000,"NETCASH_INVEST":469832000,"NETCASH_FINANCE":-2535253000,"END_CASH":795039000,"DIVI_RATIO":null,"DIVIDEND_RATE":null,"CURRENT_RATIO":null,"COMMON_ACS":null,"CURRENTDEBT_DEBT":null,"ISSUED_COMMON_SHARES":4600000000,"HK_COMMON_SHARES":1170000000,"PER_SHARES":2000,"TOTAL_MARKET_CAP":860200000,"HKSK_MARKET_CAP":218790000,"PE_TTM":18.333468959583,"PB_TTM":0.105840539373,"REPORT_DATE_SQ":"2020-12-31 00:00:00","REPORT_TYPE_SQ":"2020年年报","OPERATE_INCOME_SQ":1154021000,"DPS_HKD":null,"OPERATE_INCOME_QOQ_SQ":-5.781667274911,"NET_PROFIT_RATIO_SQ":18.0226356366,"HOLDER_PROFIT_SQ":151096000,"HOLDER_PROFIT_QOQ_SQ":-40.300677611174,"ROE_AVG_SQ":2.065568710139,"PE_TTM_SQ":368.10102966593,"PB_TTM_SQ":0.216677979116,"ROA_SQ":0.932974561877,"START_DATE":"2021-01-01 00:00:00","FISCAL_YEAR":"12-31","CURRENCY":"HKD","IS_CNY_CODE":0,"DPS_HKD_LY":0.03601,"ORG_TYPE":"银行","PREMIUM_INCOME":null,"PREMIUM_INCOME_YOY":null,"NET_INTEREST_INCOME":231088000,"NET_INTEREST_INCOME_YOY":-46.022988720531,"FEE_COMMISSION_INCOME":476999000,"FEE_COMMISSION_INCOME_YOY":null,"ACCOUNTS_RECE_TDAYS":null,"INVENTORY_TDAYS":null,"CURRENT_ASSETS_TDAYS":null,"TOTAL_ASSETS_TDAYS":0.063057649856,"PREMIUM_EXPENSE":null,"LOAN_DEPOSIT":null,"LOAN_EQUITY":0.163182218871,"LOAN_ASSETS":10.61366719794,"DEPOSIT_EQUITY":null,"DEPOSIT_ASSETS":null,"EQUITY_MULTIPLIER":1.537472542034,"EQUITY_RATIO":0.588843004778},{"SECUCODE":"03903.HK","SECURITY_CODE":"03903","SECURITY_NAME_ABBR":"瀚华金控","ORG_CODE":"10385001","STD_REPORT_DATE":"2021-06-30 00:00:00","REPORT_DATE":"2021-06-30 00:00:00","DATE_TYPE_CODE":"002","REPORT_TYPE":"2021年中报","PER_NETCASH_OPERATE":0.188793913043,"PER_OI":0.096051521739,"BPS":1.597634782609,"BASIC_EPS":0.02,"DILUTED_EPS":0.02,"OPERATE_INCOME":441837000,"OPERATE_INCOME_YOY":-25.6779760803,"GROSS_PROFIT":null,"GROSS_PROFIT_YOY":null,"HOLDER_PROFIT":92020000,"HOLDER_PROFIT_YOY":-25.8632635633,"GROSS_PROFIT_RATIO":null,"EPS_TTM":0.02586826087,"OPERATE_INCOME_QOQ":-13.227922195523,"NET_PROFIT_RATIO":22.8690670994,"ROE_AVG":1.248368147321,"GROSS_PROFIT_QOQ":null,"ROA":0.660321803188,"HOLDER_PROFIT_QOQ":-21.246095197755,"ROE_YEARLY":2.496736294642,"ROIC_YEARLY":1.642571702865,"TOTAL_ASSETS":13007654000,"TOTAL_LIABILITIES":4986125000,"TAX_EBT":27.26147112602,"OCF_SALES":196.554838096402,"TOTAL_PARENT_EQUITY":7349120000,"DEBT_ASSET_RATIO":38.3322388495,"OPERATE_PROFIT":41948000,"PRETAX_PROFIT":138914000,"NETCASH_OPERATE":868452000,"NETCASH_INVEST":83327000,"NETCASH_FINANCE":-1810734000,"END_CASH":646072000,"DIVI_RATIO":null,"DIVIDEND_RATE":null,"CURRENT_RATIO":null,"COMMON_ACS":null,"CURRENTDEBT_DEBT":null,"ISSUED_COMMON_SHARES":4600000000,"HK_COMMON_SHARES":1170000000,"PER_SHARES":2000,"TOTAL_MARKET_CAP":860200000,"HKSK_MARKET_CAP":218790000,"PE_TTM":18.333468959583,"PB_TTM":0.105840539373,"REPORT_DATE_SQ":"2020-06-30 00:00:00","REPORT_TYPE_SQ":"2020年中报","OPERATE_INCOME_SQ":594490000,"DPS_HKD":null,"OPERATE_INCOME_QOQ_SQ":-1.767301080383,"NET_PROFIT_RATIO_SQ":24.2789617992,"HOLDER_PROFIT_SQ":124122000,"HOLDER_PROFIT_QOQ_SQ":4.666021537393,"ROE_AVG_SQ":1.6999526467,"PE_TTM_SQ":368.10102966593,"PB_TTM_SQ":0.216677979116,"ROA_SQ":0.752266239775,"START_DATE":"2021-01-01 00:00:00","FISCAL_YEAR":"12-31","CURRENCY":"HKD","IS_CNY_CODE":0,"DPS_HKD_LY":0.03601,"ORG_TYPE":"银行","PREMIUM_INCOME":null,"PREMIUM_INCOME_YOY":null,"NET_INTEREST_INCOME":131051000,"NET_INTEREST_INCOME_YOY":-45.801229957361,"FEE_COMMISSION_INCOME":242669000,"FEE_COMMISSION_INCOME_YOY":null,"ACCOUNTS_RECE_TDAYS":null,"INVENTORY_TDAYS":null,"CURRENT_ASSETS_TDAYS":null,"TOTAL_ASSETS_TDAYS":0.031705564503,"PREMIUM_EXPENSE":null,"LOAN_DEPOSIT":null,"LOAN_EQUITY":0.22226996873,"LOAN_ASSETS":13.70689134259,"DEPOSIT_EQUITY":null,"DEPOSIT_ASSETS":null,"EQUITY_MULTIPLIER":1.621592840965,"EQUITY_RATIO":0.678465584995},{"SECUCODE":"03903.HK","SECURITY_CODE":"03903","SECURITY_NAME_ABBR":"瀚华金控","ORG_CODE":"10385001","STD_REPORT_DATE":"2020-12-31 00:00:00","REPORT_DATE":"2020-12-31 00:00:00","DATE_TYPE_CODE":"001","REPORT_TYPE":"2020年年报","PER_NETCASH_OPERATE":0.603949565217,"PER_OI":0.250874130435,"BPS":1.607244782609,"BASIC_EPS":0.03,"DILUTED_EPS":0.03,"OPERATE_INCOME":1154021000,"OPERATE_INCOME_YOY":-7.4467888871,"GROSS_PROFIT":null,"GROSS_PROFIT_YOY":null,"HOLDER_PROFIT":151096000,"HOLDER_PROFIT_YOY":-37.5150943708,"GROSS_PROFIT_RATIO":null,"EPS_TTM":0.032846956522,"OPERATE_INCOME_QOQ":-5.781667274911,"NET_PROFIT_RATIO":18.0226356366,"ROE_AVG":2.065568710139,"GROSS_PROFIT_QOQ":null,"ROA":0.932974561877,"HOLDER_PROFIT_QOQ":-40.300677611174,"ROE_YEARLY":2.065568710139,"ROIC_YEARLY":1.084317069737,"TOTAL_ASSETS":14863605000,"TOTAL_LIABILITIES":6766667000,"TAX_EBT":31.448582729071,"OCF_SALES":240.738080156254,"TOTAL_PARENT_EQUITY":7393326000,"DEBT_ASSET_RATIO":45.5250728205,"OPERATE_PROFIT":232965000,"PRETAX_PROFIT":303400000,"NETCASH_OPERATE":2778168000,"NETCASH_INVEST":31827000,"NETCASH_FINANCE":-2940751000,"END_CASH":1505187000,"DIVI_RATIO":null,"DIVIDEND_RATE":null,"CURRENT_RATIO":null,"COMMON_ACS":null,"CURRENTDEBT_DEBT":null,"ISSUED_COMMON_SHARES":4600000000,"HK_COMMON_SHARES":1170000000,"PER_SHARES":2000,"TOTAL_MARKET_CAP":860200000,"HKSK_MARKET_CAP":218790000,"PE_TTM":18.333468959583,"PB_TTM":0.105840539373,"REPORT_DATE_SQ":"2019-12-31 00:00:00","REPORT_TYPE_SQ":"2019年年报","OPERATE_INCOME_SQ":1246873000,"DPS_HKD":null,"OPERATE_INCOME_QOQ_SQ":-10.864169465402,"NET_PROFIT_RATIO_SQ":23.5003885721,"HOLDER_PROFIT_SQ":241812000,"HOLDER_PROFIT_QOQ_SQ":-5.95181144624,"ROE_AVG_SQ":3.402291987008,"PE_TTM_SQ":368.10102966593,"PB_TTM_SQ":0.216677979116,"ROA_SQ":1.329650527116,"START_DATE":"2020-01-01 00:00:00","FISCAL_YEAR":"12-31","CURRENCY":"HKD","IS_CNY_CODE":0,"DPS_HKD_LY":null,"ORG_TYPE":"银行","PREMIUM_INCOME":null,"PREMIUM_INCOME_YOY":null,"NET_INTEREST_INCOME":428123000,"NET_INTEREST_INCOME_YOY":-26.039042929947,"FEE_COMMISSION_INCOME":528026000,"FEE_COMMISSION_INCOME_YOY":null,"ACCOUNTS_RECE_TDAYS":null,"INVENTORY_TDAYS":null,"CURRENT_ASSETS_TDAYS":null,"TOTAL_ASSETS_TDAYS":0.071257494366,"PREMIUM_EXPENSE":null,"LOAN_DEPOSIT":null,"LOAN_EQUITY":0.273381493103,"LOAN_ASSETS":14.892436928995,"DEPOSIT_EQUITY":null,"DEPOSIT_ASSETS":null,"EQUITY_MULTIPLIER":1.8357069055,"EQUITY_RATIO":0.915239906911},{"SECUCODE":"03903.HK","SECURITY_CODE":"03903","SECURITY_NAME_ABBR":"瀚华金控","ORG_CODE":"10385001","STD_REPORT_DATE":"2020-06-30 00:00:00","REPORT_DATE":"2020-06-30 00:00:00","DATE_TYPE_CODE":"002","REPORT_TYPE":"2020年中报","PER_NETCASH_OPERATE":0.411898043478,"PER_OI":0.129236956522,"BPS":1.601381521739,"BASIC_EPS":0.03,"DILUTED_EPS":0.03,"OPERATE_INCOME":594490000,"OPERATE_INCOME_YOY":-3.5742207141,"GROSS_PROFIT":null,"GROSS_PROFIT_YOY":null,"HOLDER_PROFIT":124122000,"HOLDER_PROFIT_YOY":9.9992024034,"GROSS_PROFIT_RATIO":null,"EPS_TTM":0.055020652174,"OPERATE_INCOME_QOQ":-1.767301080383,"NET_PROFIT_RATIO":24.2789617992,"ROE_AVG":1.6999526467,"GROSS_PROFIT_QOQ":null,"ROA":0.752266239775,"HOLDER_PROFIT_QOQ":4.666021537393,"ROE_YEARLY":3.3999052934,"ROIC_YEARLY":1.82349333206,"TOTAL_ASSETS":15472927000,"TOTAL_LIABILITIES":7431827000,"TAX_EBT":28.392330017612,"OCF_SALES":318.715369476358,"TOTAL_PARENT_EQUITY":7366355000,"DEBT_ASSET_RATIO":48.0311643686,"OPERATE_PROFIT":161554000,"PRETAX_PROFIT":201565000,"NETCASH_OPERATE":1894731000,"NETCASH_INVEST":172911000,"NETCASH_FINANCE":-2470882000,"END_CASH":1232815000,"DIVI_RATIO":null,"DIVIDEND_RATE":null,"CURRENT_RATIO":null,"COMMON_ACS":null,"CURRENTDEBT_DEBT":null,"ISSUED_COMMON_SHARES":4600000000,"HK_COMMON_SHARES":1170000000,"PER_SHARES":2000,"TOTAL_MARKET_CAP":860200000,"HKSK_MARKET_CAP":218790000,"PE_TTM":18.333468959583,"PB_TTM":0.105840539373,"REPORT_DATE_SQ":"2019-06-30 00:00:00","REPORT_TYPE_SQ":"2019年中报","OPERATE_INCOME_SQ":616526000,"DPS_HKD":null,"OPERATE_INCOME_QOQ_SQ":-7.338548294252,"NET_PROFIT_RATIO_SQ":21.2177588618,"HOLDER_PROFIT_SQ":112839000,"HOLDER_PROFIT_QOQ_SQ":-11.162286081521,"ROE_AVG_SQ":1.602925293559,"PE_TTM_SQ":368.10102966593,"PB_TTM_SQ":0.216677979116,"ROA_SQ":0.617767927323,"START_DATE":"2020-01-01 00:00:00","FISCAL_YEAR":"12-31","CURRENCY":"HKD","IS_CNY_CODE":0,"DPS_HKD_LY":null,"ORG_TYPE":"银行","PREMIUM_INCOME":null,"PREMIUM_INCOME_YOY":null,"NET_INTEREST_INCOME":241797000,"NET_INTEREST_INCOME_YOY":-6.831300139485,"FEE_COMMISSION_INCOME":267286000,"FEE_COMMISSION_INCOME_YOY":null,"ACCOUNTS_RECE_TDAYS":null,"INVENTORY_TDAYS":null,"CURRENT_ASSETS_TDAYS":null,"TOTAL_ASSETS_TDAYS":0.036030257076,"PREMIUM_EXPENSE":null,"LOAN_DEPOSIT":null,"LOAN_EQUITY":0.483204039248,"LOAN_ASSETS":25.111551292138,"DEPOSIT_EQUITY":null,"DEPOSIT_ASSETS":null,"EQUITY_MULTIPLIER":1.924230142643,"EQUITY_RATIO":1.00888797784}],"count":26},"success":true,"message":"ok","code":0}