{"version":"926fb62b5e00f026449f46ed27398e82","result":{"pages":5,"data":[{"SECUCODE":"03918.HK","SECURITY_CODE":"03918","SECURITY_NAME_ABBR":"金界控股","ORG_CODE":"10095889","STD_REPORT_DATE":"2024-06-30 00:00:00","REPORT_DATE":"2024-06-30 00:00:00","DATE_TYPE_CODE":"002","REPORT_TYPE":"2024年中报","PER_NETCASH_OPERATE":0.275844672555,"PER_OI":0.47172012266,"BPS":3.263907640437,"BASIC_EPS":-0.00142536,"DILUTED_EPS":-0.00142536,"OPERATE_INCOME":2086413460.8,"OPERATE_INCOME_YOY":11.3017956195,"GROSS_PROFIT":1646611506,"GROSS_PROFIT_YOY":12.41205733258,"HOLDER_PROFIT":-6863108.4,"HOLDER_PROFIT_YOY":-101.1606045267,"GROSS_PROFIT_RATIO":78.920671139106,"EPS_TTM":0.147503334893,"OPERATE_INCOME_QOQ":4.919961583549,"NET_PROFIT_RATIO":-0.3289428739,"ROE_AVG":-0.047552361915,"GROSS_PROFIT_QOQ":6.088152060881,"ROA":-0.034459795295,"HOLDER_PROFIT_QOQ":-48.173326123281,"ROE_YEARLY":-0.095104723831,"ROIC_YEARLY":-0.074635729395,"TOTAL_ASSETS":20227754128.8,"TOTAL_LIABILITIES":5791522752,"TAX_EBT":-13.829787234043,"OCF_SALES":58.476342073262,"TOTAL_PARENT_EQUITY":14436231376.8,"DEBT_ASSET_RATIO":28.6315658927,"OPERATE_PROFIT":66264986.4,"PRETAX_PROFIT":-6029272.8,"NETCASH_OPERATE":1220058272.4,"NETCASH_INVEST":-3472583187.6,"NETCASH_FINANCE":337503867.6,"END_CASH":567820663.2,"DIVI_RATIO":null,"DIVIDEND_RATE":null,"CURRENT_RATIO":0.878430629654,"COMMON_ACS":8000000000,"CURRENTDEBT_DEBT":83.796145894861,"ISSUED_COMMON_SHARES":4422990160,"HK_COMMON_SHARES":4422990160,"PER_SHARES":2000,"TOTAL_MARKET_CAP":14330488118.4,"HKSK_MARKET_CAP":14330488118.4,"PE_TTM":19.596374641792,"PB_TTM":0.905994754544,"REPORT_DATE_SQ":"2023-06-30 00:00:00","REPORT_TYPE_SQ":"2023年中报","OPERATE_INCOME_SQ":1900594948.2,"DPS_HKD":null,"OPERATE_INCOME_QOQ_SQ":9.148602468125,"NET_PROFIT_RATIO_SQ":31.5455710207,"HOLDER_PROFIT_SQ":599553529.2,"HOLDER_PROFIT_QOQ_SQ":32.915079768424,"ROE_AVG_SQ":4.391112461199,"PE_TTM_SQ":13.273739664407,"PB_TTM_SQ":0.9000311504,"ROA_SQ":3.165584276232,"START_DATE":"2024-01-01 00:00:00","FISCAL_YEAR":"12-31","CURRENCY":"HKD","IS_CNY_CODE":0,"DPS_HKD_LY":null,"ORG_TYPE":"一般企业","PREMIUM_INCOME":null,"PREMIUM_INCOME_YOY":null,"NET_INTEREST_INCOME":null,"NET_INTEREST_INCOME_YOY":null,"FEE_COMMISSION_INCOME":null,"FEE_COMMISSION_INCOME_YOY":null,"ACCOUNTS_RECE_TDAYS":9.020227696384,"INVENTORY_TDAYS":27.87937655297,"CURRENT_ASSETS_TDAYS":0.581033394594,"TOTAL_ASSETS_TDAYS":0.104759209049,"PREMIUM_EXPENSE":null,"LOAN_DEPOSIT":null,"LOAN_EQUITY":null,"LOAN_ASSETS":null,"DEPOSIT_EQUITY":null,"DEPOSIT_ASSETS":null,"EQUITY_MULTIPLIER":1.4011796847,"EQUITY_RATIO":0.4011796847},{"SECUCODE":"03918.HK","SECURITY_CODE":"03918","SECURITY_NAME_ABBR":"金界控股","ORG_CODE":"10095889","STD_REPORT_DATE":"2023-12-31 00:00:00","REPORT_DATE":"2023-12-31 00:00:00","DATE_TYPE_CODE":"001","REPORT_TYPE":"2023年年报","PER_NETCASH_OPERATE":0.462973893639,"PER_OI":0.853908417219,"BPS":3.242141561581,"BASIC_EPS":0.28472454,"DILUTED_EPS":0.28472454,"OPERATE_INCOME":3776828526.9,"OPERATE_INCOME_YOY":15.7488826616,"GROSS_PROFIT":2986321297.2,"GROSS_PROFIT_YOY":14.04907864271,"HOLDER_PROFIT":1258822436.4,"HOLDER_PROFIT_YOY":65.7113021426,"GROSS_PROFIT_RATIO":79.069549383306,"EPS_TTM":0.284608916335,"OPERATE_INCOME_QOQ":7.845318253846,"NET_PROFIT_RATIO":33.3301453173,"ROE_AVG":9.175696371658,"GROSS_PROFIT_QOQ":6.91138684897,"ROA":6.655991036065,"HOLDER_PROFIT_QOQ":26.788698009126,"ROE_YEARLY":9.175696371658,"ROIC_YEARLY":7.350179182639,"TOTAL_ASSETS":19483487791.2,"TOTAL_LIABILITIES":5143527567,"TAX_EBT":0.132608109323,"OCF_SALES":54.218214073403,"TOTAL_PARENT_EQUITY":14339960224.2,"DEBT_ASSET_RATIO":26.3994189445,"OPERATE_PROFIT":1407162505.2,"PRETAX_PROFIT":1260493953.6,"NETCASH_OPERATE":2047728975.9,"NETCASH_INVEST":-303918657,"NETCASH_FINANCE":-381261741,"END_CASH":2467478108.7,"DIVI_RATIO":null,"DIVIDEND_RATE":null,"CURRENT_RATIO":0.62696303418,"COMMON_ACS":8000000000,"CURRENTDEBT_DEBT":89.946158824582,"ISSUED_COMMON_SHARES":4422990160,"HK_COMMON_SHARES":4422990160,"PER_SHARES":2000,"TOTAL_MARKET_CAP":13224740578.4,"HKSK_MARKET_CAP":13224740578.4,"PE_TTM":18.08430869721,"PB_TTM":0.836087751879,"REPORT_DATE_SQ":"2022-12-31 00:00:00","REPORT_TYPE_SQ":"2022年年报","OPERATE_INCOME_SQ":3208542467.8,"DPS_HKD":null,"OPERATE_INCOME_QOQ_SQ":43.998680443628,"NET_PROFIT_RATIO_SQ":23.2810136034,"HOLDER_PROFIT_SQ":746981208.4,"HOLDER_PROFIT_QOQ_SQ":981.112695309809,"ROE_AVG_SQ":6.130814410449,"PE_TTM_SQ":12.614174960586,"PB_TTM_SQ":0.894847355364,"ROA_SQ":4.275794186692,"START_DATE":"2023-01-01 00:00:00","FISCAL_YEAR":"12-31","CURRENCY":"HKD","IS_CNY_CODE":0,"DPS_HKD_LY":0.0581,"ORG_TYPE":"一般企业","PREMIUM_INCOME":null,"PREMIUM_INCOME_YOY":null,"NET_INTEREST_INCOME":null,"NET_INTEREST_INCOME_YOY":null,"FEE_COMMISSION_INCOME":null,"FEE_COMMISSION_INCOME_YOY":null,"ACCOUNTS_RECE_TDAYS":11.661789791366,"INVENTORY_TDAYS":42.591490173631,"CURRENT_ASSETS_TDAYS":1.667712804635,"TOTAL_ASSETS_TDAYS":0.199698830374,"PREMIUM_EXPENSE":null,"LOAN_DEPOSIT":null,"LOAN_EQUITY":null,"LOAN_ASSETS":null,"DEPOSIT_EQUITY":null,"DEPOSIT_ASSETS":null,"EQUITY_MULTIPLIER":1.358684925661,"EQUITY_RATIO":0.358684925661},{"SECUCODE":"03918.HK","SECURITY_CODE":"03918","SECURITY_NAME_ABBR":"金界控股","ORG_CODE":"10095889","STD_REPORT_DATE":"2023-06-30 00:00:00","REPORT_DATE":"2023-06-30 00:00:00","DATE_TYPE_CODE":"002","REPORT_TYPE":"2023年中报","PER_NETCASH_OPERATE":0.218922786163,"PER_OI":0.429708156574,"BPS":3.152782185163,"BASIC_EPS":0.13584504,"DILUTED_EPS":0.13584504,"OPERATE_INCOME":1900594948.2,"OPERATE_INCOME_YOY":9.8462322303,"GROSS_PROFIT":1464799724.4,"GROSS_PROFIT_YOY":13.551706741265,"HOLDER_PROFIT":599553529.2,"HOLDER_PROFIT_YOY":57.4489079489,"GROSS_PROFIT_RATIO":77.070589174578,"EPS_TTM":0.224474989336,"OPERATE_INCOME_QOQ":9.148602468125,"NET_PROFIT_RATIO":31.5455710207,"ROE_AVG":4.391112461199,"GROSS_PROFIT_QOQ":6.676269015033,"ROA":3.165584276232,"HOLDER_PROFIT_QOQ":32.915079768424,"ROE_YEARLY":8.782224922397,"ROIC_YEARLY":6.85145377876,"TOTAL_ASSETS":19167149854.2,"TOTAL_LIABILITIES":5222425272.6,"TAX_EBT":0.148019784108,"OCF_SALES":50.946853768976,"TOTAL_PARENT_EQUITY":13944724581.6,"DEBT_ASSET_RATIO":27.2467493202,"OPERATE_PROFIT":679080684,"PRETAX_PROFIT":600442302.6,"NETCASH_OPERATE":968293329,"NETCASH_INVEST":-148533544.8,"NETCASH_FINANCE":-197777371.8,"END_CASH":1749236115.6,"DIVI_RATIO":null,"DIVIDEND_RATE":null,"CURRENT_RATIO":1.63027306049,"COMMON_ACS":8000000000,"CURRENTDEBT_DEBT":25.517643103327,"ISSUED_COMMON_SHARES":4422990160,"HK_COMMON_SHARES":4422990160,"PER_SHARES":2000,"TOTAL_MARKET_CAP":13224740578.4,"HKSK_MARKET_CAP":13224740578.4,"PE_TTM":18.08430869721,"PB_TTM":0.836087751879,"REPORT_DATE_SQ":"2022-06-30 00:00:00","REPORT_TYPE_SQ":"2022年中报","OPERATE_INCOME_SQ":1607058152.8,"DPS_HKD":null,"OPERATE_INCOME_QOQ_SQ":54.734747510735,"NET_PROFIT_RATIO_SQ":21.6882593093,"HOLDER_PROFIT_SQ":353684068.6,"HOLDER_PROFIT_QOQ_SQ":90.955844562545,"ROE_AVG_SQ":3.116352438356,"PE_TTM_SQ":12.614174960586,"PB_TTM_SQ":0.894847355364,"ROA_SQ":2.120273701549,"START_DATE":"2023-01-01 00:00:00","FISCAL_YEAR":"12-31","CURRENCY":"HKD","IS_CNY_CODE":0,"DPS_HKD_LY":0.0581,"ORG_TYPE":"一般企业","PREMIUM_INCOME":null,"PREMIUM_INCOME_YOY":null,"NET_INTEREST_INCOME":null,"NET_INTEREST_INCOME_YOY":null,"FEE_COMMISSION_INCOME":null,"FEE_COMMISSION_INCOME_YOY":null,"ACCOUNTS_RECE_TDAYS":5.927080164498,"INVENTORY_TDAYS":22.445478228508,"CURRENT_ASSETS_TDAYS":0.991380090157,"TOTAL_ASSETS_TDAYS":0.100349563308,"PREMIUM_EXPENSE":null,"LOAN_DEPOSIT":null,"LOAN_EQUITY":null,"LOAN_ASSETS":null,"DEPOSIT_EQUITY":null,"DEPOSIT_ASSETS":null,"EQUITY_MULTIPLIER":1.374509029708,"EQUITY_RATIO":0.374509029708},{"SECUCODE":"03918.HK","SECURITY_CODE":"03918","SECURITY_NAME_ABBR":"金界控股","ORG_CODE":"10095889","STD_REPORT_DATE":"2022-12-31 00:00:00","REPORT_DATE":"2022-12-31 00:00:00","DATE_TYPE_CODE":"001","REPORT_TYPE":"2022年年报","PER_NETCASH_OPERATE":0.487187377785,"PER_OI":0.732186816796,"BPS":2.912017064989,"BASIC_EPS":0.16854332,"DILUTED_EPS":0.16854332,"OPERATE_INCOME":3208542467.8,"OPERATE_INCOME_YOY":103.9755243362,"GROSS_PROFIT":2618452803.6,"GROSS_PROFIT_YOY":186.145088015008,"HOLDER_PROFIT":746981208.4,"HOLDER_PROFIT_YOY":172.9509869271,"GROSS_PROFIT_RATIO":81.608793708609,"EPS_TTM":0.170460512421,"OPERATE_INCOME_QOQ":43.998680443628,"NET_PROFIT_RATIO":23.2810136034,"ROE_AVG":6.130814410449,"GROSS_PROFIT_QOQ":48.304203816747,"ROA":4.275794186692,"HOLDER_PROFIT_QOQ":981.112695309809,"ROE_YEARLY":6.130814410449,"ROIC_YEARLY":4.508297585303,"TOTAL_ASSETS":18035918177.6,"TOTAL_LIABILITIES":5156095353.4,"TAX_EBT":0.197271695234,"OCF_SALES":66.53867108899,"TOTAL_PARENT_EQUITY":12879822824.2,"DEBT_ASSET_RATIO":28.5879282808,"OPERATE_PROFIT":917391041.2,"PRETAX_PROFIT":748457703.6,"NETCASH_OPERATE":2134921519.4,"NETCASH_INVEST":-866605178,"NETCASH_FINANCE":-897242453.4,"END_CASH":1086505458.4,"DIVI_RATIO":null,"DIVIDEND_RATE":null,"CURRENT_RATIO":1.157540797117,"COMMON_ACS":8000000000,"CURRENTDEBT_DEBT":26.834826138109,"ISSUED_COMMON_SHARES":4422990160,"HK_COMMON_SHARES":4422990160,"PER_SHARES":2000,"TOTAL_MARKET_CAP":13224740578.4,"HKSK_MARKET_CAP":13224740578.4,"PE_TTM":18.08430869721,"PB_TTM":0.836087751879,"REPORT_DATE_SQ":"2021-12-31 00:00:00","REPORT_TYPE_SQ":"2021年年报","OPERATE_INCOME_SQ":1439996474.9,"DPS_HKD":null,"OPERATE_INCOME_QOQ_SQ":-63.108639692305,"NET_PROFIT_RATIO_SQ":-65.0951708382,"HOLDER_PROFIT_SQ":-937368165.4,"HOLDER_PROFIT_QOQ_SQ":-4249.84749080296,"ROE_AVG_SQ":-8.894282467365,"PE_TTM_SQ":12.614174960586,"PB_TTM_SQ":0.894847355364,"ROA_SQ":-5.90868271565,"START_DATE":"2022-01-01 00:00:00","FISCAL_YEAR":"12-31","CURRENCY":"HKD","IS_CNY_CODE":0,"DPS_HKD_LY":0.0566,"ORG_TYPE":"一般企业","PREMIUM_INCOME":null,"PREMIUM_INCOME_YOY":null,"NET_INTEREST_INCOME":null,"NET_INTEREST_INCOME_YOY":null,"FEE_COMMISSION_INCOME":null,"FEE_COMMISSION_INCOME_YOY":null,"ACCOUNTS_RECE_TDAYS":7.766430371638,"INVENTORY_TDAYS":36.13091684435,"CURRENT_ASSETS_TDAYS":2.175106526127,"TOTAL_ASSETS_TDAYS":0.183660138666,"PREMIUM_EXPENSE":null,"LOAN_DEPOSIT":null,"LOAN_EQUITY":null,"LOAN_ASSETS":null,"DEPOSIT_EQUITY":null,"DEPOSIT_ASSETS":null,"EQUITY_MULTIPLIER":1.400323469024,"EQUITY_RATIO":0.400323469024},{"SECUCODE":"03918.HK","SECURITY_CODE":"03918","SECURITY_NAME_ABBR":"金界控股","ORG_CODE":"10095889","STD_REPORT_DATE":"2022-06-30 00:00:00","REPORT_DATE":"2022-06-30 00:00:00","DATE_TYPE_CODE":"002","REPORT_TYPE":"2022年中报","PER_NETCASH_OPERATE":0.270207173339,"PER_OI":0.370203910617,"BPS":2.628987020129,"BASIC_EPS":0.07986566,"DILUTED_EPS":0.07986566,"OPERATE_INCOME":1607058152.8,"OPERATE_INCOME_YOY":86.2959924557,"GROSS_PROFIT":1289984771.2,"GROSS_PROFIT_YOY":193.533477360852,"HOLDER_PROFIT":353684068.6,"HOLDER_PROFIT_YOY":168.2373201777,"GROSS_PROFIT_RATIO":79.103150824746,"EPS_TTM":-0.019529342747,"OPERATE_INCOME_QOQ":54.734747510735,"NET_PROFIT_RATIO":21.6882593093,"ROE_AVG":3.116352438356,"GROSS_PROFIT_QOQ":92.944691148867,"ROA":2.120273701549,"HOLDER_PROFIT_QOQ":90.955844562545,"ROE_YEARLY":6.232704876711,"ROIC_YEARLY":4.506423913745,"TOTAL_ASSETS":17072586836.6,"TOTAL_LIABILITIES":5444603115.8,"TAX_EBT":2.382143187923,"OCF_SALES":71.927781253087,"TOTAL_PARENT_EQUITY":11627983720.8,"DEBT_ASSET_RATIO":31.8909089051,"OPERATE_PROFIT":484113416.2,"PRETAX_PROFIT":362314929,"NETCASH_OPERATE":1172971512.2,"NETCASH_INVEST":-396335015.6,"NETCASH_FINANCE":-187133966.2,"END_CASH":1278924384,"DIVI_RATIO":null,"DIVIDEND_RATE":null,"CURRENT_RATIO":1.506101617341,"COMMON_ACS":8000000000,"CURRENTDEBT_DEBT":23.161996284732,"ISSUED_COMMON_SHARES":4422990160,"HK_COMMON_SHARES":4422990160,"PER_SHARES":2000,"TOTAL_MARKET_CAP":13224740578.4,"HKSK_MARKET_CAP":13224740578.4,"PE_TTM":18.08430869721,"PB_TTM":0.836087751879,"REPORT_DATE_SQ":"2021-06-30 00:00:00","REPORT_TYPE_SQ":"2021年中报","OPERATE_INCOME_SQ":842584382.9,"DPS_HKD":null,"OPERATE_INCOME_QOQ_SQ":-31.918100553346,"NET_PROFIT_RATIO_SQ":-59.2115250443,"HOLDER_PROFIT_SQ":-498907062.9,"HOLDER_PROFIT_QOQ_SQ":-96.616113139414,"ROE_AVG_SQ":-4.653948842057,"PE_TTM_SQ":12.614174960586,"PB_TTM_SQ":0.894847355364,"ROA_SQ":-3.031859076203,"START_DATE":"2022-01-01 00:00:00","FISCAL_YEAR":"12-31","CURRENCY":"HKD","IS_CNY_CODE":0,"DPS_HKD_LY":0.0566,"ORG_TYPE":"一般企业","PREMIUM_INCOME":null,"PREMIUM_INCOME_YOY":null,"NET_INTEREST_INCOME":null,"NET_INTEREST_INCOME_YOY":null,"FEE_COMMISSION_INCOME":null,"FEE_COMMISSION_INCOME_YOY":null,"ACCOUNTS_RECE_TDAYS":3.552041535324,"INVENTORY_TDAYS":26.139510939511,"CURRENT_ASSETS_TDAYS":1.019572464696,"TOTAL_ASSETS_TDAYS":0.097761358868,"PREMIUM_EXPENSE":null,"LOAN_DEPOSIT":null,"LOAN_EQUITY":null,"LOAN_ASSETS":null,"DEPOSIT_EQUITY":null,"DEPOSIT_ASSETS":null,"EQUITY_MULTIPLIER":1.468232777628,"EQUITY_RATIO":0.468232777628},{"SECUCODE":"03918.HK","SECURITY_CODE":"03918","SECURITY_NAME_ABBR":"金界控股","ORG_CODE":"10095889","STD_REPORT_DATE":"2021-12-31 00:00:00","REPORT_DATE":"2021-12-31 00:00:00","DATE_TYPE_CODE":"001","REPORT_TYPE":"2021年年报","PER_NETCASH_OPERATE":0.052806149087,"PER_OI":0.331719375154,"BPS":2.377772369066,"BASIC_EPS":-0.21422352,"DILUTED_EPS":-0.21422352,"OPERATE_INCOME":1439996474.9,"OPERATE_INCOME_YOY":-74.2959048847,"GROSS_PROFIT":915078718.2,"GROSS_PROFIT_YOY":-67.156333418984,"HOLDER_PROFIT":-937368165.4,"HOLDER_PROFIT_YOY":-243.712305602,"GROSS_PROFIT_RATIO":63.547288771214,"EPS_TTM":-0.21593329396,"OPERATE_INCOME_QOQ":-63.108639692305,"NET_PROFIT_RATIO":-65.0951708382,"ROE_AVG":-8.894282467365,"GROSS_PROFIT_QOQ":-55.089644665618,"ROA":-5.90868271565,"HOLDER_PROFIT_QOQ":-4249.84749080296,"ROE_YEARLY":-8.894282467365,"ROIC_YEARLY":-6.628572356046,"TOTAL_ASSETS":15474735625.1,"TOTAL_LIABILITIES":4957871834,"TAX_EBT":-4.457612186319,"OCF_SALES":15.918922149856,"TOTAL_PARENT_EQUITY":10516863791.1,"DEBT_ASSET_RATIO":32.0384913456,"OPERATE_PROFIT":-660560774.2,"PRETAX_PROFIT":-897367023.6,"NETCASH_OPERATE":229231917.8,"NETCASH_INVEST":-926006668,"NETCASH_FINANCE":-1439193136.7,"END_CASH":654937406.8,"DIVI_RATIO":null,"DIVIDEND_RATE":null,"CURRENT_RATIO":1.279230774312,"COMMON_ACS":8000000000,"CURRENTDEBT_DEBT":19.466191713176,"ISSUED_COMMON_SHARES":4422990160,"HK_COMMON_SHARES":4422990160,"PER_SHARES":2000,"TOTAL_MARKET_CAP":13224740578.4,"HKSK_MARKET_CAP":13224740578.4,"PE_TTM":18.08430869721,"PB_TTM":0.836087751879,"REPORT_DATE_SQ":"2020-12-31 00:00:00","REPORT_TYPE_SQ":"2020年年报","OPERATE_INCOME_SQ":5733305656.9,"DPS_HKD":null,"OPERATE_INCOME_QOQ_SQ":-34.773402590836,"NET_PROFIT_RATIO_SQ":11.6427918664,"HOLDER_PROFIT_SQ":667516844.7,"HOLDER_PROFIT_QOQ_SQ":-68.176174045929,"ROE_AVG_SQ":5.939497282455,"PE_TTM_SQ":12.614174960586,"PB_TTM_SQ":0.894847355364,"ROA_SQ":4.178744538535,"START_DATE":"2021-01-01 00:00:00","FISCAL_YEAR":"12-31","CURRENCY":"HKD","IS_CNY_CODE":0,"DPS_HKD_LY":0.1457,"ORG_TYPE":"一般企业","PREMIUM_INCOME":null,"PREMIUM_INCOME_YOY":null,"NET_INTEREST_INCOME":null,"NET_INTEREST_INCOME_YOY":null,"FEE_COMMISSION_INCOME":null,"FEE_COMMISSION_INCOME_YOY":null,"ACCOUNTS_RECE_TDAYS":2.420968571796,"INVENTORY_TDAYS":43.595975642044,"CURRENT_ASSETS_TDAYS":0.588599224173,"TOTAL_ASSETS_TDAYS":0.090769908729,"PREMIUM_EXPENSE":null,"LOAN_DEPOSIT":null,"LOAN_EQUITY":null,"LOAN_ASSETS":null,"DEPOSIT_EQUITY":null,"DEPOSIT_ASSETS":null,"EQUITY_MULTIPLIER":1.471421132049,"EQUITY_RATIO":0.471421132048},{"SECUCODE":"03918.HK","SECURITY_CODE":"03918","SECURITY_NAME_ABBR":"金界控股","ORG_CODE":"10095889","STD_REPORT_DATE":"2021-06-30 00:00:00","REPORT_DATE":"2021-06-30 00:00:00","DATE_TYPE_CODE":"002","REPORT_TYPE":"2021年中报","PER_NETCASH_OPERATE":0.026524904196,"PER_OI":0.194098784186,"BPS":2.428046328572,"BASIC_EPS":-0.11498978,"DILUTED_EPS":-0.11498978,"OPERATE_INCOME":842584382.9,"OPERATE_INCOME_YOY":-65.4497291427,"GROSS_PROFIT":439467682.8,"GROSS_PROFIT_YOY":-64.298232907239,"HOLDER_PROFIT":-498907062.9,"HOLDER_PROFIT_YOY":-474.4254824009,"GROSS_PROFIT_RATIO":57.245704559569,"EPS_TTM":0.005203403124,"OPERATE_INCOME_QOQ":-31.918100553346,"NET_PROFIT_RATIO":-59.2115250443,"ROE_AVG":-4.653948842057,"GROSS_PROFIT_QOQ":-26.86838851201,"ROA":-3.031859076203,"HOLDER_PROFIT_QOQ":-96.616113139414,"ROE_YEARLY":-9.307897684114,"ROIC_YEARLY":-7.015088130286,"TOTAL_ASSETS":16442039796.8,"TOTAL_LIABILITIES":5702814777.5,"TAX_EBT":-6.906146179402,"OCF_SALES":13.665672511481,"TOTAL_PARENT_EQUITY":10739225019.3,"DEBT_ASSET_RATIO":34.6843508955,"OPERATE_PROFIT":-326215669.7,"PRETAX_PROFIT":-466677624,"NETCASH_OPERATE":115144822.4,"NETCASH_INVEST":-525877980.4,"NETCASH_FINANCE":-781659179.8,"END_CASH":1635458296.3,"DIVI_RATIO":null,"DIVIDEND_RATE":null,"CURRENT_RATIO":1.488085238762,"COMMON_ACS":8000000000,"CURRENTDEBT_DEBT":29.13086573589,"ISSUED_COMMON_SHARES":4422990160,"HK_COMMON_SHARES":4422990160,"PER_SHARES":2000,"TOTAL_MARKET_CAP":13224740578.4,"HKSK_MARKET_CAP":13224740578.4,"PE_TTM":18.08430869721,"PB_TTM":0.836087751879,"REPORT_DATE_SQ":"2020-06-30 00:00:00","REPORT_TYPE_SQ":"2020年中报","OPERATE_INCOME_SQ":2672546647.5,"DPS_HKD":null,"OPERATE_INCOME_QOQ_SQ":-28.225689920003,"NET_PROFIT_RATIO_SQ":5.4637686918,"HOLDER_PROFIT_SQ":146021767,"HOLDER_PROFIT_QOQ_SQ":-42.320495655831,"ROE_AVG_SQ":1.222630701036,"PE_TTM_SQ":12.614174960586,"PB_TTM_SQ":0.894847355364,"ROA_SQ":0.889735900365,"START_DATE":"2021-01-01 00:00:00","FISCAL_YEAR":"12-31","CURRENCY":"HKD","IS_CNY_CODE":0,"DPS_HKD_LY":0.1457,"ORG_TYPE":"一般企业","PREMIUM_INCOME":null,"PREMIUM_INCOME_YOY":null,"NET_INTEREST_INCOME":null,"NET_INTEREST_INCOME_YOY":null,"FEE_COMMISSION_INCOME":null,"FEE_COMMISSION_INCOME_YOY":null,"ACCOUNTS_RECE_TDAYS":1.160271322139,"INVENTORY_TDAYS":26.125087842586,"CURRENT_ASSETS_TDAYS":0.272728793464,"TOTAL_ASSETS_TDAYS":0.051203867388,"PREMIUM_EXPENSE":null,"LOAN_DEPOSIT":null,"LOAN_EQUITY":null,"LOAN_ASSETS":null,"DEPOSIT_EQUITY":null,"DEPOSIT_ASSETS":null,"EQUITY_MULTIPLIER":1.531026658558,"EQUITY_RATIO":0.531026658558},{"SECUCODE":"03918.HK","SECURITY_CODE":"03918","SECURITY_NAME_ABBR":"金界控股","ORG_CODE":"10095889","STD_REPORT_DATE":"2020-12-31 00:00:00","REPORT_DATE":"2020-12-31 00:00:00","DATE_TYPE_CODE":"001","REPORT_TYPE":"2020年年报","PER_NETCASH_OPERATE":0.320331262985,"PER_OI":1.320731406795,"BPS":2.443657935563,"BASIC_EPS":0.15398764,"DILUTED_EPS":0.15398764,"OPERATE_INCOME":5733305656.9,"OPERATE_INCOME_YOY":-49.9459972452,"GROSS_PROFIT":2786164924.5,"GROSS_PROFIT_YOY":-52.808747495144,"HOLDER_PROFIT":667516844.7,"HOLDER_PROFIT_YOY":-80.3745793991,"GROSS_PROFIT_RATIO":48.596134433315,"EPS_TTM":0.153770008808,"OPERATE_INCOME_QOQ":-34.773402590836,"NET_PROFIT_RATIO":11.6427918664,"ROE_AVG":5.939497282455,"GROSS_PROFIT_QOQ":-35.627937389622,"ROA":4.178744538535,"HOLDER_PROFIT_QOQ":-68.176174045929,"ROE_YEARLY":5.939497282455,"ROIC_YEARLY":4.951886308412,"TOTAL_ASSETS":16634123317,"TOTAL_LIABILITIES":5825848313.6,"TAX_EBT":22.576909978431,"OCF_SALES":24.254080832521,"TOTAL_PARENT_EQUITY":10808275003.4,"DEBT_ASSET_RATIO":35.0234767566,"OPERATE_PROFIT":1078963988.9,"PRETAX_PROFIT":862167661.5,"NETCASH_OPERATE":1390560588.4,"NETCASH_INVEST":-774499105.1,"NETCASH_FINANCE":456397180.3,"END_CASH":2856216250.9,"DIVI_RATIO":null,"DIVIDEND_RATE":null,"CURRENT_RATIO":1.229265972694,"COMMON_ACS":8000000000,"CURRENTDEBT_DEBT":52.279070496739,"ISSUED_COMMON_SHARES":4422990160,"HK_COMMON_SHARES":4422990160,"PER_SHARES":2000,"TOTAL_MARKET_CAP":13224740578.4,"HKSK_MARKET_CAP":13224740578.4,"PE_TTM":18.08430869721,"PB_TTM":0.836087751879,"REPORT_DATE_SQ":"2019-12-31 00:00:00","REPORT_TYPE_SQ":"2019年年报","OPERATE_INCOME_SQ":12246481909.2,"DPS_HKD":null,"OPERATE_INCOME_QOQ_SQ":7.445476424869,"NET_PROFIT_RATIO_SQ":29.6945654316,"HOLDER_PROFIT_SQ":3636539583.6,"HOLDER_PROFIT_QOQ_SQ":14.580581357194,"ROE_AVG_SQ":31.324543903084,"PE_TTM_SQ":12.614174960586,"PB_TTM_SQ":0.894847355364,"ROA_SQ":24.165338127355,"START_DATE":"2020-01-01 00:00:00","FISCAL_YEAR":"12-31","CURRENCY":"HKD","IS_CNY_CODE":0,"DPS_HKD_LY":0.417,"ORG_TYPE":"一般企业","PREMIUM_INCOME":null,"PREMIUM_INCOME_YOY":null,"NET_INTEREST_INCOME":null,"NET_INTEREST_INCOME_YOY":null,"FEE_COMMISSION_INCOME":null,"FEE_COMMISSION_INCOME_YOY":null,"ACCOUNTS_RECE_TDAYS":7.126886796279,"INVENTORY_TDAYS":190.139339086508,"CURRENT_ASSETS_TDAYS":1.706065721938,"TOTAL_ASSETS_TDAYS":0.358912586128,"PREMIUM_EXPENSE":null,"LOAN_DEPOSIT":null,"LOAN_EQUITY":null,"LOAN_ASSETS":null,"DEPOSIT_EQUITY":null,"DEPOSIT_ASSETS":null,"EQUITY_MULTIPLIER":1.539017402107,"EQUITY_RATIO":0.539017402108},{"SECUCODE":"03918.HK","SECURITY_CODE":"03918","SECURITY_NAME_ABBR":"金界控股","ORG_CODE":"10095889","STD_REPORT_DATE":"2020-06-30 00:00:00","REPORT_DATE":"2020-06-30 00:00:00","DATE_TYPE_CODE":"002","REPORT_TYPE":"2020年中报","PER_NETCASH_OPERATE":0.363356580684,"PER_OI":0.615651162647,"BPS":2.538037608363,"BASIC_EPS":0.0339816,"DILUTED_EPS":0.0339816,"OPERATE_INCOME":2672546647.5,"OPERATE_INCOME_YOY":-57.6578779419,"GROSS_PROFIT":1230940983,"GROSS_PROFIT_YOY":-56.142864108388,"HOLDER_PROFIT":146021767,"HOLDER_PROFIT_YOY":-91.5848309908,"GROSS_PROFIT_RATIO":46.058727698971,"EPS_TTM":0.483191458594,"OPERATE_INCOME_QOQ":-28.225689920003,"NET_PROFIT_RATIO":5.4637686918,"ROE_AVG":1.222630701036,"GROSS_PROFIT_QOQ":-26.689854897942,"ROA":0.889735900365,"HOLDER_PROFIT_QOQ":-42.320495655831,"ROE_YEARLY":2.445261402072,"ROIC_YEARLY":2.050270187659,"TOTAL_ASSETS":16207885174.5,"TOTAL_LIABILITIES":4982169807,"TAX_EBT":39.748196184968,"OCF_SALES":59.019880531384,"TOTAL_PARENT_EQUITY":11225715367.5,"DEBT_ASSET_RATIO":30.7391726518,"OPERATE_PROFIT":278004885.5,"PRETAX_PROFIT":242352523.5,"NETCASH_OPERATE":1577333838.5,"NETCASH_INVEST":202855993,"NETCASH_FINANCE":-1693324366.5,"END_CASH":2022237936.5,"DIVI_RATIO":null,"DIVIDEND_RATE":null,"CURRENT_RATIO":0.655326402184,"COMMON_ACS":8000000000,"CURRENTDEBT_DEBT":87.950055844012,"ISSUED_COMMON_SHARES":4422990160,"HK_COMMON_SHARES":4422990160,"PER_SHARES":2000,"TOTAL_MARKET_CAP":13224740578.4,"HKSK_MARKET_CAP":13224740578.4,"PE_TTM":18.08430869721,"PB_TTM":0.836087751879,"REPORT_DATE_SQ":"2019-06-30 00:00:00","REPORT_TYPE_SQ":"2019年中报","OPERATE_INCOME_SQ":6129200657.3,"DPS_HKD":null,"OPERATE_INCOME_QOQ_SQ":12.645674158114,"NET_PROFIT_RATIO_SQ":27.4917307772,"HOLDER_PROFIT_SQ":1685023343.5,"HOLDER_PROFIT_QOQ_SQ":18.397590920438,"ROE_AVG_SQ":15.325628573992,"PE_TTM_SQ":12.614174960586,"PB_TTM_SQ":0.894847355364,"ROA_SQ":11.78004023203,"START_DATE":"2020-01-01 00:00:00","FISCAL_YEAR":"12-31","CURRENCY":"HKD","IS_CNY_CODE":0,"DPS_HKD_LY":0.417,"ORG_TYPE":"一般企业","PREMIUM_INCOME":null,"PREMIUM_INCOME_YOY":null,"NET_INTEREST_INCOME":null,"NET_INTEREST_INCOME_YOY":null,"FEE_COMMISSION_INCOME":null,"FEE_COMMISSION_INCOME_YOY":null,"ACCOUNTS_RECE_TDAYS":3.201799769304,"INVENTORY_TDAYS":74.426535087719,"CURRENT_ASSETS_TDAYS":0.876003619994,"TOTAL_ASSETS_TDAYS":0.162842892983,"PREMIUM_EXPENSE":null,"LOAN_DEPOSIT":null,"LOAN_EQUITY":null,"LOAN_ASSETS":null,"DEPOSIT_EQUITY":null,"DEPOSIT_ASSETS":null,"EQUITY_MULTIPLIER":1.443817578113,"EQUITY_RATIO":0.443817578114}],"count":40},"success":true,"message":"ok","code":0}