{"version":"5d10fbc47d5e3151628d225d6491b575","result":{"pages":2,"data":[{"SECUCODE":"03913.HK","SECURITY_CODE":"03913","SECURITY_NAME_ABBR":"合景悠活","ORG_CODE":"10000103241","STD_REPORT_DATE":"2024-06-30 00:00:00","REPORT_DATE":"2024-06-30 00:00:00","DATE_TYPE_CODE":"002","REPORT_TYPE":"2024年中报","PER_NETCASH_OPERATE":-0.049845030768,"PER_OI":0.949410141451,"BPS":1.70824975652,"BASIC_EPS":0.0285,"DILUTED_EPS":0.0285,"OPERATE_INCOME":1923371000,"OPERATE_INCOME_YOY":1.869525172,"GROSS_PROFIT":563973000,"GROSS_PROFIT_YOY":-5.391436508576,"HOLDER_PROFIT":57838000,"HOLDER_PROFIT_YOY":-7.5627297427,"GROSS_PROFIT_RATIO":29.322112062623,"EPS_TTM":0.012622300496,"OPERATE_INCOME_QOQ":0.917075801779,"NET_PROFIT_RATIO":3.633828315,"ROE_AVG":1.68718989448,"GROSS_PROFIT_QOQ":-2.718198456651,"ROA":0.830332533551,"HOLDER_PROFIT_QOQ":-15.615615615616,"ROE_YEARLY":3.37437978896,"ROIC_YEARLY":2.181860226536,"TOTAL_ASSETS":7036928000,"TOTAL_LIABILITIES":3273758000,"TAX_EBT":29.139334705423,"OCF_SALES":-5.25010515392,"TOTAL_PARENT_EQUITY":3460673000,"DEBT_ASSET_RATIO":46.5225450651,"OPERATE_PROFIT":110613000,"PRETAX_PROFIT":98633000,"NETCASH_OPERATE":-100979000,"NETCASH_INVEST":-7034000,"NETCASH_FINANCE":-66348000,"END_CASH":1268529000,"DIVI_RATIO":null,"DIVIDEND_RATE":null,"CURRENT_RATIO":1.814673660482,"COMMON_ACS":10000000000,"CURRENTDEBT_DEBT":82.360608206227,"ISSUED_COMMON_SHARES":2025858916,"HK_COMMON_SHARES":2025858916,"PER_SHARES":1000,"TOTAL_MARKET_CAP":638145558.54,"HKSK_MARKET_CAP":638145558.54,"PE_TTM":22.046301911578,"PB_TTM":0.168297521427,"REPORT_DATE_SQ":"2023-06-30 00:00:00","REPORT_TYPE_SQ":"2023年中报","OPERATE_INCOME_SQ":1888073000,"DPS_HKD":null,"OPERATE_INCOME_QOQ_SQ":-4.378307335027,"NET_PROFIT_RATIO_SQ":4.3195893379,"HOLDER_PROFIT_SQ":62570000,"HOLDER_PROFIT_QOQ_SQ":-7365.26963657679,"ROE_AVG_SQ":1.900309525404,"PE_TTM_SQ":-2.675199198682,"PB_TTM_SQ":0.211533337587,"ROA_SQ":0.887867588108,"START_DATE":"2024-01-01 00:00:00","FISCAL_YEAR":"12-31","CURRENCY":"HKD","IS_CNY_CODE":0,"DPS_HKD_LY":null,"ORG_TYPE":"一般企业","PREMIUM_INCOME":null,"PREMIUM_INCOME_YOY":null,"NET_INTEREST_INCOME":null,"NET_INTEREST_INCOME_YOY":null,"FEE_COMMISSION_INCOME":null,"FEE_COMMISSION_INCOME_YOY":null,"ACCOUNTS_RECE_TDAYS":0.726863106077,"INVENTORY_TDAYS":null,"CURRENT_ASSETS_TDAYS":0.403419743871,"TOTAL_ASSETS_TDAYS":0.27612253456,"PREMIUM_EXPENSE":null,"LOAN_DEPOSIT":null,"LOAN_EQUITY":null,"LOAN_ASSETS":null,"DEPOSIT_EQUITY":null,"DEPOSIT_ASSETS":null,"EQUITY_MULTIPLIER":1.86994687989,"EQUITY_RATIO":0.94598882934},{"SECUCODE":"03913.HK","SECURITY_CODE":"03913","SECURITY_NAME_ABBR":"合景悠活","ORG_CODE":"10000103241","STD_REPORT_DATE":"2023-12-31 00:00:00","REPORT_DATE":"2023-12-31 00:00:00","DATE_TYPE_CODE":"001","REPORT_TYPE":"2023年年报","PER_NETCASH_OPERATE":-0.185487250387,"PER_OI":1.899921544191,"BPS":1.676059953229,"BASIC_EPS":0.015,"DILUTED_EPS":0.015,"OPERATE_INCOME":3848973000,"OPERATE_INCOME_YOY":-4.3902306947,"GROSS_PROFIT":1182364000,"GROSS_PROFIT_YOY":-4.691107241891,"HOLDER_PROFIT":30303000,"HOLDER_PROFIT_YOY":788.1301289566,"GROSS_PROFIT_RATIO":30.718947625769,"EPS_TTM":0.014958099876,"OPERATE_INCOME_QOQ":-0.01246930408,"NET_PROFIT_RATIO":1.6190812458,"ROE_AVG":0.927112038199,"GROSS_PROFIT_QOQ":-2.654523359838,"ROA":0.437934716468,"HOLDER_PROFIT_QOQ":112.224324400644,"ROE_YEARLY":0.927112038199,"ROIC_YEARLY":0.609239560341,"TOTAL_ASSETS":6894358000,"TOTAL_LIABILITIES":3184955000,"TAX_EBT":55.479192712985,"OCF_SALES":-9.76288999689,"TOTAL_PARENT_EQUITY":3395461000,"DEBT_ASSET_RATIO":46.1965421581,"OPERATE_PROFIT":168943000,"PRETAX_PROFIT":139975000,"NETCASH_OPERATE":-375771000,"NETCASH_INVEST":-65350000,"NETCASH_FINANCE":36493000,"END_CASH":1442889000,"DIVI_RATIO":null,"DIVIDEND_RATE":null,"CURRENT_RATIO":1.818741077599,"COMMON_ACS":10000000000,"CURRENTDEBT_DEBT":80.144429042169,"ISSUED_COMMON_SHARES":2025858916,"HK_COMMON_SHARES":2025858916,"PER_SHARES":1000,"TOTAL_MARKET_CAP":698921326.02,"HKSK_MARKET_CAP":698921326.02,"PE_TTM":24.145949712681,"PB_TTM":0.184325856801,"REPORT_DATE_SQ":"2022-12-31 00:00:00","REPORT_TYPE_SQ":"2022年年报","OPERATE_INCOME_SQ":4025711000,"DPS_HKD":null,"OPERATE_INCOME_QOQ_SQ":-1.601281572772,"NET_PROFIT_RATIO_SQ":1.4867187436,"HOLDER_PROFIT_SQ":3412000,"HOLDER_PROFIT_QOQ_SQ":-99.493406263827,"ROE_AVG_SQ":0.103266874199,"PE_TTM_SQ":-3.086768306171,"PB_TTM_SQ":0.244076927985,"ROA_SQ":0.057120079901,"START_DATE":"2023-01-01 00:00:00","FISCAL_YEAR":"12-31","CURRENCY":"HKD","IS_CNY_CODE":0,"DPS_HKD_LY":null,"ORG_TYPE":"一般企业","PREMIUM_INCOME":null,"PREMIUM_INCOME_YOY":null,"NET_INTEREST_INCOME":null,"NET_INTEREST_INCOME_YOY":null,"FEE_COMMISSION_INCOME":null,"FEE_COMMISSION_INCOME_YOY":null,"ACCOUNTS_RECE_TDAYS":1.713060183845,"INVENTORY_TDAYS":null,"CURRENT_ASSETS_TDAYS":0.852801335777,"TOTAL_ASSETS_TDAYS":0.556248193066,"PREMIUM_EXPENSE":null,"LOAN_DEPOSIT":null,"LOAN_EQUITY":null,"LOAN_ASSETS":null,"DEPOSIT_EQUITY":null,"DEPOSIT_ASSETS":null,"EQUITY_MULTIPLIER":1.858616602187,"EQUITY_RATIO":0.938003705535},{"SECUCODE":"03913.HK","SECURITY_CODE":"03913","SECURITY_NAME_ABBR":"合景悠活","ORG_CODE":"10000103241","STD_REPORT_DATE":"2023-06-30 00:00:00","REPORT_DATE":"2023-06-30 00:00:00","DATE_TYPE_CODE":"002","REPORT_TYPE":"2023年中报","PER_NETCASH_OPERATE":-0.10487452918,"PER_OI":0.931986420717,"BPS":1.699837028533,"BASIC_EPS":0.0309,"DILUTED_EPS":0.0309,"OPERATE_INCOME":1888073000,"OPERATE_INCOME_YOY":-8.538262517,"GROSS_PROFIT":596112000,"GROSS_PROFIT_YOY":-4.172226098195,"HOLDER_PROFIT":62570000,"HOLDER_PROFIT_YOY":-80.0651856005,"GROSS_PROFIT_RATIO":31.572508054509,"EPS_TTM":-0.122363407462,"OPERATE_INCOME_QOQ":-4.378307335027,"NET_PROFIT_RATIO":4.3195893379,"ROE_AVG":1.900309525404,"GROSS_PROFIT_QOQ":-2.092119687883,"ROA":0.887867588108,"HOLDER_PROFIT_QOQ":-7365.26963657679,"ROE_YEARLY":3.800619050808,"ROIC_YEARLY":2.502313550246,"TOTAL_ASSETS":7149753000,"TOTAL_LIABILITIES":3400230000,"TAX_EBT":33.765115769128,"OCF_SALES":-11.252795839991,"TOTAL_PARENT_EQUITY":3443630000,"DEBT_ASSET_RATIO":47.5573072245,"OPERATE_PROFIT":138777000,"PRETAX_PROFIT":123133000,"NETCASH_OPERATE":-212461000,"NETCASH_INVEST":-51523000,"NETCASH_FINANCE":68648000,"END_CASH":1652200000,"DIVI_RATIO":null,"DIVIDEND_RATE":null,"CURRENT_RATIO":1.712285077245,"COMMON_ACS":10000000000,"CURRENTDEBT_DEBT":80.870029380366,"ISSUED_COMMON_SHARES":2025858916,"HK_COMMON_SHARES":2025858916,"PER_SHARES":1000,"TOTAL_MARKET_CAP":698921326.02,"HKSK_MARKET_CAP":698921326.02,"PE_TTM":24.145949712681,"PB_TTM":0.184325856801,"REPORT_DATE_SQ":"2022-06-30 00:00:00","REPORT_TYPE_SQ":"2022年中报","OPERATE_INCOME_SQ":2064331000,"DPS_HKD":null,"OPERATE_INCOME_QOQ_SQ":25.673195009225,"NET_PROFIT_RATIO_SQ":15.9679818789,"HOLDER_PROFIT_SQ":313873000,"HOLDER_PROFIT_QOQ_SQ":-0.196341963983,"ROE_AVG_SQ":8.948282517503,"PE_TTM_SQ":-3.086768306171,"PB_TTM_SQ":0.244076927985,"ROA_SQ":5.011243137886,"START_DATE":"2023-01-01 00:00:00","FISCAL_YEAR":"12-31","CURRENCY":"HKD","IS_CNY_CODE":0,"DPS_HKD_LY":null,"ORG_TYPE":"一般企业","PREMIUM_INCOME":null,"PREMIUM_INCOME_YOY":null,"NET_INTEREST_INCOME":null,"NET_INTEREST_INCOME_YOY":null,"FEE_COMMISSION_INCOME":null,"FEE_COMMISSION_INCOME_YOY":null,"ACCOUNTS_RECE_TDAYS":0.86377614789,"INVENTORY_TDAYS":null,"CURRENT_ASSETS_TDAYS":0.415299271165,"TOTAL_ASSETS_TDAYS":0.267917343884,"PREMIUM_EXPENSE":null,"LOAN_DEPOSIT":null,"LOAN_EQUITY":null,"LOAN_ASSETS":null,"DEPOSIT_EQUITY":null,"DEPOSIT_ASSETS":null,"EQUITY_MULTIPLIER":1.906843350476,"EQUITY_RATIO":0.987397020005},{"SECUCODE":"03913.HK","SECURITY_CODE":"03913","SECURITY_NAME_ABBR":"合景悠活","ORG_CODE":"10000103241","STD_REPORT_DATE":"2022-12-31 00:00:00","REPORT_DATE":"2022-12-31 00:00:00","DATE_TYPE_CODE":"001","REPORT_TYPE":"2022年年报","PER_NETCASH_OPERATE":0.115509524455,"PER_OI":1.987162565076,"BPS":1.550756064595,"BASIC_EPS":0.0017,"DILUTED_EPS":0.0017,"OPERATE_INCOME":4025711000,"OPERATE_INCOME_YOY":23.6608132956,"GROSS_PROFIT":1240560000,"GROSS_PROFIT_YOY":1.178688989877,"HOLDER_PROFIT":3412000,"HOLDER_PROFIT_YOY":-99.4944009199,"GROSS_PROFIT_RATIO":30.81592295125,"EPS_TTM":0.001684223898,"OPERATE_INCOME_QOQ":-1.601281572772,"NET_PROFIT_RATIO":1.4867187436,"ROE_AVG":0.103266874199,"GROSS_PROFIT_QOQ":-4.918331824721,"ROA":0.057120079901,"HOLDER_PROFIT_QOQ":-99.493406263827,"ROE_YEARLY":0.103266874199,"ROIC_YEARLY":0.080005824574,"TOTAL_ASSETS":6944691000,"TOTAL_LIABILITIES":3516172000,"TAX_EBT":51.51134623642,"OCF_SALES":5.812786859265,"TOTAL_PARENT_EQUITY":3141613000,"DEBT_ASSET_RATIO":50.6310791942,"OPERATE_PROFIT":143135000,"PRETAX_PROFIT":123433000,"NETCASH_OPERATE":234006000,"NETCASH_INVEST":654619000,"NETCASH_FINANCE":-275504000,"END_CASH":1847501000,"DIVI_RATIO":null,"DIVIDEND_RATE":null,"CURRENT_RATIO":1.48099673446,"COMMON_ACS":10000000000,"CURRENTDEBT_DEBT":84.19118859942,"ISSUED_COMMON_SHARES":2025858916,"HK_COMMON_SHARES":2025858916,"PER_SHARES":1000,"TOTAL_MARKET_CAP":698921326.02,"HKSK_MARKET_CAP":698921326.02,"PE_TTM":24.145949712681,"PB_TTM":0.184325856801,"REPORT_DATE_SQ":"2021-12-31 00:00:00","REPORT_TYPE_SQ":"2021年年报","OPERATE_INCOME_SQ":3255446000,"DPS_HKD":null,"OPERATE_INCOME_QOQ_SQ":56.895315280233,"NET_PROFIT_RATIO_SQ":21.0206834947,"HOLDER_PROFIT_SQ":674843000,"HOLDER_PROFIT_QOQ_SQ":31.222461178282,"ROE_AVG_SQ":21.011812475607,"PE_TTM_SQ":-3.086768306171,"PB_TTM_SQ":0.244076927985,"ROA_SQ":14.621861648692,"START_DATE":"2022-01-01 00:00:00","FISCAL_YEAR":"12-31","CURRENCY":"HKD","IS_CNY_CODE":0,"DPS_HKD_LY":0.14,"ORG_TYPE":"一般企业","PREMIUM_INCOME":null,"PREMIUM_INCOME_YOY":null,"NET_INTEREST_INCOME":null,"NET_INTEREST_INCOME_YOY":null,"FEE_COMMISSION_INCOME":null,"FEE_COMMISSION_INCOME_YOY":null,"ACCOUNTS_RECE_TDAYS":2.585156884887,"INVENTORY_TDAYS":null,"CURRENT_ASSETS_TDAYS":1.136543032154,"TOTAL_ASSETS_TDAYS":0.673941776023,"PREMIUM_EXPENSE":null,"LOAN_DEPOSIT":null,"LOAN_EQUITY":null,"LOAN_ASSETS":null,"DEPOSIT_EQUITY":null,"DEPOSIT_ASSETS":null,"EQUITY_MULTIPLIER":2.025565849279,"EQUITY_RATIO":1.119225060502},{"SECUCODE":"03913.HK","SECURITY_CODE":"03913","SECURITY_NAME_ABBR":"合景悠活","ORG_CODE":"10000103241","STD_REPORT_DATE":"2022-06-30 00:00:00","REPORT_DATE":"2022-06-30 00:00:00","DATE_TYPE_CODE":"002","REPORT_TYPE":"2022年中报","PER_NETCASH_OPERATE":0.078826133247,"PER_OI":1.023410107305,"BPS":1.751731066745,"BASIC_EPS":0.16,"DILUTED_EPS":0.16,"OPERATE_INCOME":2064331000,"OPERATE_INCOME_YOY":68.0293255323,"GROSS_PROFIT":622066000,"GROSS_PROFIT_YOY":14.467570655984,"HOLDER_PROFIT":313873000,"HOLDER_PROFIT_YOY":-0.4203706876,"GROSS_PROFIT_RATIO":30.134024049438,"EPS_TTM":0.333902425847,"OPERATE_INCOME_QOQ":25.673195009225,"NET_PROFIT_RATIO":15.9679818789,"ROE_AVG":8.948282517503,"GROSS_PROFIT_QOQ":6.412404127532,"ROA":5.011243137886,"HOLDER_PROFIT_QOQ":-0.196341963983,"ROE_YEARLY":17.896565035007,"ROIC_YEARLY":13.223151985592,"TOTAL_ASSETS":7524681000,"TOTAL_LIABILITIES":3746928000,"TAX_EBT":20.695960120869,"OCF_SALES":7.702301617328,"TOTAL_PARENT_EQUITY":3548760000,"DEBT_ASSET_RATIO":49.7951740413,"OPERATE_PROFIT":415362000,"PRETAX_PROFIT":415656000,"NETCASH_OPERATE":159001000,"NETCASH_INVEST":-347251000,"NETCASH_FINANCE":474379000,"END_CASH":1520133000,"DIVI_RATIO":null,"DIVIDEND_RATE":null,"CURRENT_RATIO":1.576132769366,"COMMON_ACS":10000000000,"CURRENTDEBT_DEBT":82.007367101797,"ISSUED_COMMON_SHARES":2025858916,"HK_COMMON_SHARES":2025858916,"PER_SHARES":1000,"TOTAL_MARKET_CAP":698921326.02,"HKSK_MARKET_CAP":698921326.02,"PE_TTM":24.145949712681,"PB_TTM":0.184325856801,"REPORT_DATE_SQ":"2021-06-30 00:00:00","REPORT_TYPE_SQ":"2021年中报","OPERATE_INCOME_SQ":1228554000,"DPS_HKD":null,"OPERATE_INCOME_QOQ_SQ":36.757123357283,"NET_PROFIT_RATIO_SQ":25.9559612357,"HOLDER_PROFIT_SQ":315198000,"HOLDER_PROFIT_QOQ_SQ":59.177053574468,"ROE_AVG_SQ":10.363785311115,"PE_TTM_SQ":-3.086768306171,"PB_TTM_SQ":0.244076927985,"ROA_SQ":7.344431681964,"START_DATE":"2022-01-01 00:00:00","FISCAL_YEAR":"12-31","CURRENCY":"HKD","IS_CNY_CODE":0,"DPS_HKD_LY":0.14,"ORG_TYPE":"一般企业","PREMIUM_INCOME":null,"PREMIUM_INCOME_YOY":null,"NET_INTEREST_INCOME":null,"NET_INTEREST_INCOME_YOY":null,"FEE_COMMISSION_INCOME":null,"FEE_COMMISSION_INCOME_YOY":null,"ACCOUNTS_RECE_TDAYS":1.632103482804,"INVENTORY_TDAYS":null,"CURRENT_ASSETS_TDAYS":0.547350053381,"TOTAL_ASSETS_TDAYS":0.329587589824,"PREMIUM_EXPENSE":null,"LOAN_DEPOSIT":null,"LOAN_EQUITY":null,"LOAN_ASSETS":null,"DEPOSIT_EQUITY":null,"DEPOSIT_ASSETS":null,"EQUITY_MULTIPLIER":1.99184038766,"EQUITY_RATIO":1.055841477023},{"SECUCODE":"03913.HK","SECURITY_CODE":"03913","SECURITY_NAME_ABBR":"合景悠活","ORG_CODE":"10000103241","STD_REPORT_DATE":"2021-12-31 00:00:00","REPORT_DATE":"2021-12-31 00:00:00","DATE_TYPE_CODE":"001","REPORT_TYPE":"2021年年报","PER_NETCASH_OPERATE":0.135995046533,"PER_OI":1.61391576263,"BPS":1.711130016321,"BASIC_EPS":0.33,"DILUTED_EPS":0.33,"OPERATE_INCOME":3255446000,"OPERATE_INCOME_YOY":114.5655198596,"GROSS_PROFIT":1226108000,"GROSS_PROFIT_YOY":92.015009051786,"HOLDER_PROFIT":674843000,"HOLDER_PROFIT_YOY":108.8760473315,"GROSS_PROFIT_RATIO":37.663287918153,"EPS_TTM":0.33455930616,"OPERATE_INCOME_QOQ":56.895315280233,"NET_PROFIT_RATIO":21.0206834947,"ROE_AVG":21.011812475607,"GROSS_PROFIT_QOQ":33.251896716054,"ROA":14.621861648692,"HOLDER_PROFIT_QOQ":31.222461178282,"ROE_YEARLY":21.011812475607,"ROIC_YEARLY":27.25818986131,"TOTAL_ASSETS":5002071000,"TOTAL_LIABILITIES":1486185000,"TAX_EBT":23.347555258845,"OCF_SALES":8.426403018204,"TOTAL_PARENT_EQUITY":3466508000,"DEBT_ASSET_RATIO":29.7113935408,"OPERATE_PROFIT":891901000,"PRETAX_PROFIT":892753000,"NETCASH_OPERATE":274317000,"NETCASH_INVEST":-2796474000,"NETCASH_FINANCE":841985000,"END_CASH":1233598000,"DIVI_RATIO":null,"DIVIDEND_RATE":null,"CURRENT_RATIO":1.887344875338,"COMMON_ACS":10000000000,"CURRENTDEBT_DEBT":96.256051568277,"ISSUED_COMMON_SHARES":2025858916,"HK_COMMON_SHARES":2025858916,"PER_SHARES":1000,"TOTAL_MARKET_CAP":709050620.6,"HKSK_MARKET_CAP":709050620.6,"PE_TTM":24.495891012865,"PB_TTM":0.18699724603,"REPORT_DATE_SQ":"2020-12-31 00:00:00","REPORT_TYPE_SQ":"2020年年报","OPERATE_INCOME_SQ":1517227000,"DPS_HKD":null,"OPERATE_INCOME_QOQ_SQ":34.879249127461,"NET_PROFIT_RATIO_SQ":21.3342499178,"HOLDER_PROFIT_SQ":323083000,"HOLDER_PROFIT_QOQ_SQ":74.746196325323,"ROE_AVG_SQ":19.337382965569,"PE_TTM_SQ":-3.086768306171,"PB_TTM_SQ":0.244076927985,"ROA_SQ":10.437658442849,"START_DATE":"2021-01-01 00:00:00","FISCAL_YEAR":"12-31","CURRENCY":"HKD","IS_CNY_CODE":0,"DPS_HKD_LY":0.073,"ORG_TYPE":"一般企业","PREMIUM_INCOME":null,"PREMIUM_INCOME_YOY":null,"NET_INTEREST_INCOME":null,"NET_INTEREST_INCOME_YOY":null,"FEE_COMMISSION_INCOME":null,"FEE_COMMISSION_INCOME_YOY":null,"ACCOUNTS_RECE_TDAYS":3.901681508204,"INVENTORY_TDAYS":null,"CURRENT_ASSETS_TDAYS":1.005955335831,"TOTAL_ASSETS_TDAYS":0.705359335679,"PREMIUM_EXPENSE":null,"LOAN_DEPOSIT":null,"LOAN_EQUITY":null,"LOAN_ASSETS":null,"DEPOSIT_EQUITY":null,"DEPOSIT_ASSETS":null,"EQUITY_MULTIPLIER":1.422705684997,"EQUITY_RATIO":0.428726834036},{"SECUCODE":"03913.HK","SECURITY_CODE":"03913","SECURITY_NAME_ABBR":"合景悠活","ORG_CODE":"10000103241","STD_REPORT_DATE":"2021-06-30 00:00:00","REPORT_DATE":"2021-06-30 00:00:00","DATE_TYPE_CODE":"002","REPORT_TYPE":"2021年中报","PER_NETCASH_OPERATE":0.139241537884,"PER_OI":0.608855074629,"BPS":1.542913958772,"BASIC_EPS":0.16,"DILUTED_EPS":0.16,"OPERATE_INCOME":1228554000,"OPERATE_INCOME_YOY":83.1298398336,"GROSS_PROFIT":543443000,"GROSS_PROFIT_YOY":107.541398062998,"HOLDER_PROFIT":315198000,"HOLDER_PROFIT_YOY":154.1775867491,"GROSS_PROFIT_RATIO":44.234360068829,"EPS_TTM":0.254867376322,"OPERATE_INCOME_QOQ":36.757123357283,"NET_PROFIT_RATIO":25.9559612357,"ROE_AVG":10.363785311115,"GROSS_PROFIT_QOQ":44.099268966468,"ROA":7.344431681964,"HOLDER_PROFIT_QOQ":59.177053574468,"ROE_YEARLY":20.727570622231,"ROIC_YEARLY":51.071483111832,"TOTAL_ASSETS":4354787000,"TOTAL_LIABILITIES":1186986000,"TAX_EBT":21.577919650586,"OCF_SALES":22.869405821804,"TOTAL_PARENT_EQUITY":3125726000,"DEBT_ASSET_RATIO":27.2570392077,"OPERATE_PROFIT":405380000,"PRETAX_PROFIT":406624000,"NETCASH_OPERATE":280963000,"NETCASH_INVEST":-138109000,"NETCASH_FINANCE":-98000,"END_CASH":3076424000,"DIVI_RATIO":null,"DIVIDEND_RATE":null,"CURRENT_RATIO":3.377365515104,"COMMON_ACS":10000000000,"CURRENTDEBT_DEBT":97.303675022283,"ISSUED_COMMON_SHARES":2025858916,"HK_COMMON_SHARES":2025858916,"PER_SHARES":1000,"TOTAL_MARKET_CAP":709050620.6,"HKSK_MARKET_CAP":709050620.6,"PE_TTM":24.495891012865,"PB_TTM":0.18699724603,"REPORT_DATE_SQ":"2020-06-30 00:00:00","REPORT_TYPE_SQ":"2020年中报","OPERATE_INCOME_SQ":670865000,"DPS_HKD":null,"OPERATE_INCOME_QOQ_SQ":0,"NET_PROFIT_RATIO_SQ":18.5547017656,"HOLDER_PROFIT_SQ":124007000,"HOLDER_PROFIT_QOQ_SQ":0,"ROE_AVG_SQ":null,"PE_TTM_SQ":-3.086768306171,"PB_TTM_SQ":0.244076927985,"ROA_SQ":null,"START_DATE":"2021-01-01 00:00:00","FISCAL_YEAR":"12-31","CURRENCY":"HKD","IS_CNY_CODE":0,"DPS_HKD_LY":0.073,"ORG_TYPE":"一般企业","PREMIUM_INCOME":null,"PREMIUM_INCOME_YOY":null,"NET_INTEREST_INCOME":null,"NET_INTEREST_INCOME_YOY":null,"FEE_COMMISSION_INCOME":null,"FEE_COMMISSION_INCOME_YOY":null,"ACCOUNTS_RECE_TDAYS":1.927659083724,"INVENTORY_TDAYS":null,"CURRENT_ASSETS_TDAYS":0.320218964366,"TOTAL_ASSETS_TDAYS":0.286265487744,"PREMIUM_EXPENSE":null,"LOAN_DEPOSIT":null,"LOAN_EQUITY":null,"LOAN_ASSETS":null,"DEPOSIT_EQUITY":null,"DEPOSIT_ASSETS":null,"EQUITY_MULTIPLIER":1.374703461487,"EQUITY_RATIO":0.379747297108},{"SECUCODE":"03913.HK","SECURITY_CODE":"03913","SECURITY_NAME_ABBR":"合景悠活","ORG_CODE":"10000103241","STD_REPORT_DATE":"2020-12-31 00:00:00","REPORT_DATE":"2020-12-31 00:00:00","DATE_TYPE_CODE":"001","REPORT_TYPE":"2020年年报","PER_NETCASH_OPERATE":0.135567257776,"PER_OI":0.751917586296,"BPS":1.459605590817,"BASIC_EPS":0.19,"DILUTED_EPS":0.19,"OPERATE_INCOME":1517227000,"OPERATE_INCOME_YOY":34.8792491275,"GROSS_PROFIT":638548000,"GROSS_PROFIT_YOY":52.097525653363,"HOLDER_PROFIT":323083000,"HOLDER_PROFIT_YOY":74.7461963253,"GROSS_PROFIT_RATIO":42.086517047218,"EPS_TTM":0.16011565147,"OPERATE_INCOME_QOQ":34.879249127461,"NET_PROFIT_RATIO":21.3342499178,"ROE_AVG":19.337382965569,"GROSS_PROFIT_QOQ":52.097525653363,"ROA":10.437658442849,"HOLDER_PROFIT_QOQ":74.746196325323,"ROE_YEARLY":19.337382965569,"ROIC_YEARLY":23.369737599228,"TOTAL_ASSETS":4228532000,"TOTAL_LIABILITIES":1235057000,"TAX_EBT":27.363080251152,"OCF_SALES":18.029536779928,"TOTAL_PARENT_EQUITY":2956955000,"DEBT_ASSET_RATIO":29.2077013961,"OPERATE_PROFIT":444032000,"PRETAX_PROFIT":445626000,"NETCASH_OPERATE":273549000,"NETCASH_INVEST":-142417000,"NETCASH_FINANCE":2485376000,"END_CASH":2959619000,"DIVI_RATIO":null,"DIVIDEND_RATE":null,"CURRENT_RATIO":3.148914947004,"COMMON_ACS":10000000000,"CURRENTDEBT_DEBT":97.000057487225,"ISSUED_COMMON_SHARES":2025858916,"HK_COMMON_SHARES":2025858916,"PER_SHARES":1000,"TOTAL_MARKET_CAP":709050620.6,"HKSK_MARKET_CAP":709050620.6,"PE_TTM":24.495891012865,"PB_TTM":0.18699724603,"REPORT_DATE_SQ":"2019-12-31 00:00:00","REPORT_TYPE_SQ":"2019年年报","OPERATE_INCOME_SQ":1124878000,"DPS_HKD":null,"OPERATE_INCOME_QOQ_SQ":70.659469365958,"NET_PROFIT_RATIO_SQ":16.4450722656,"HOLDER_PROFIT_SQ":184887000,"HOLDER_PROFIT_QOQ_SQ":132.031073517231,"ROE_AVG_SQ":63.273910766904,"PE_TTM_SQ":-3.086768306171,"PB_TTM_SQ":0.244076927985,"ROA_SQ":11.633468993272,"START_DATE":"2020-01-01 00:00:00","FISCAL_YEAR":"12-31","CURRENCY":"HKD","IS_CNY_CODE":0,"DPS_HKD_LY":null,"ORG_TYPE":"一般企业","PREMIUM_INCOME":null,"PREMIUM_INCOME_YOY":null,"NET_INTEREST_INCOME":null,"NET_INTEREST_INCOME_YOY":null,"FEE_COMMISSION_INCOME":null,"FEE_COMMISSION_INCOME_YOY":null,"ACCOUNTS_RECE_TDAYS":2.584757832331,"INVENTORY_TDAYS":null,"CURRENT_ASSETS_TDAYS":0.55376673849,"TOTAL_ASSETS_TDAYS":0.490161884292,"PREMIUM_EXPENSE":null,"LOAN_DEPOSIT":null,"LOAN_EQUITY":null,"LOAN_ASSETS":null,"DEPOSIT_EQUITY":null,"DEPOSIT_ASSETS":null,"EQUITY_MULTIPLIER":1.412583034767,"EQUITY_RATIO":0.417678659296},{"SECUCODE":"03913.HK","SECURITY_CODE":"03913","SECURITY_NAME_ABBR":"合景悠活","ORG_CODE":"10000103241","STD_REPORT_DATE":"2020-06-30 00:00:00","REPORT_DATE":"2020-06-30 00:00:00","DATE_TYPE_CODE":"002","REPORT_TYPE":"2020年中报","PER_NETCASH_OPERATE":null,"PER_OI":null,"BPS":null,"BASIC_EPS":0.08,"DILUTED_EPS":0.08,"OPERATE_INCOME":670865000,"OPERATE_INCOME_YOY":null,"GROSS_PROFIT":261848000,"GROSS_PROFIT_YOY":null,"HOLDER_PROFIT":124007000,"HOLDER_PROFIT_YOY":null,"GROSS_PROFIT_RATIO":39.031399760011,"EPS_TTM":null,"OPERATE_INCOME_QOQ":0,"NET_PROFIT_RATIO":18.5547017656,"ROE_AVG":null,"GROSS_PROFIT_QOQ":0,"ROA":null,"HOLDER_PROFIT_QOQ":0,"ROE_YEARLY":null,"ROIC_YEARLY":null,"TOTAL_ASSETS":null,"TOTAL_LIABILITIES":null,"TAX_EBT":25.208942937999,"OCF_SALES":11.509469118228,"TOTAL_PARENT_EQUITY":null,"DEBT_ASSET_RATIO":null,"OPERATE_PROFIT":165661000,"PRETAX_PROFIT":166433000,"NETCASH_OPERATE":77213000,"NETCASH_INVEST":-155518000,"NETCASH_FINANCE":129637000,"END_CASH":468097000,"DIVI_RATIO":null,"DIVIDEND_RATE":null,"CURRENT_RATIO":null,"COMMON_ACS":10000000000,"CURRENTDEBT_DEBT":null,"ISSUED_COMMON_SHARES":2025858916,"HK_COMMON_SHARES":2025858916,"PER_SHARES":1000,"TOTAL_MARKET_CAP":709050620.6,"HKSK_MARKET_CAP":709050620.6,"PE_TTM":24.495891012865,"PB_TTM":0.18699724603,"REPORT_DATE_SQ":"2019-06-30 00:00:00","REPORT_TYPE_SQ":"2019年中报","OPERATE_INCOME_SQ":null,"DPS_HKD":null,"OPERATE_INCOME_QOQ_SQ":0,"NET_PROFIT_RATIO_SQ":null,"HOLDER_PROFIT_SQ":null,"HOLDER_PROFIT_QOQ_SQ":0,"ROE_AVG_SQ":null,"PE_TTM_SQ":-3.086768306171,"PB_TTM_SQ":0.244076927985,"ROA_SQ":null,"START_DATE":"2020-01-01 00:00:00","FISCAL_YEAR":"12-31","CURRENCY":"HKD","IS_CNY_CODE":0,"DPS_HKD_LY":null,"ORG_TYPE":"一般企业","PREMIUM_INCOME":null,"PREMIUM_INCOME_YOY":null,"NET_INTEREST_INCOME":null,"NET_INTEREST_INCOME_YOY":null,"FEE_COMMISSION_INCOME":null,"FEE_COMMISSION_INCOME_YOY":null,"ACCOUNTS_RECE_TDAYS":null,"INVENTORY_TDAYS":null,"CURRENT_ASSETS_TDAYS":0.785904985936,"TOTAL_ASSETS_TDAYS":0.68379348339,"PREMIUM_EXPENSE":null,"LOAN_DEPOSIT":null,"LOAN_EQUITY":null,"LOAN_ASSETS":null,"DEPOSIT_EQUITY":null,"DEPOSIT_ASSETS":null,"EQUITY_MULTIPLIER":null,"EQUITY_RATIO":null}],"count":12},"success":true,"message":"ok","code":0}