{"version":"c376f9c8f4e7bc8701140e1826c3aaed","result":{"pages":4,"data":[{"SECUCODE":"03919.HK","SECURITY_CODE":"03919","SECURITY_NAME_ABBR":"金力集团","ORG_CODE":"10430979","STD_REPORT_DATE":"2024-06-30 00:00:00","REPORT_DATE":"2024-06-30 00:00:00","DATE_TYPE_CODE":"002","REPORT_TYPE":"2024年中报","PER_NETCASH_OPERATE":0.036779313852,"PER_OI":0.266279460444,"BPS":0.491397052889,"BASIC_EPS":-0.004837204,"DILUTED_EPS":null,"OPERATE_INCOME":143790908.64,"OPERATE_INCOME_YOY":27.2374860687,"GROSS_PROFIT":35467657.48,"GROSS_PROFIT_YOY":29.259801786744,"HOLDER_PROFIT":-2614828.2,"HOLDER_PROFIT_YOY":72.1167883212,"GROSS_PROFIT_RATIO":24.666133495824,"EPS_TTM":-0.005623147926,"OPERATE_INCOME_QOQ":12.097019828375,"NET_PROFIT_RATIO":-1.8184934115,"ROE_AVG":-0.978515354836,"GROSS_PROFIT_QOQ":12.522721688304,"ROA":-0.451451262173,"HOLDER_PROFIT_QOQ":69.312835625904,"ROE_YEARLY":-1.957030709671,"ROIC_YEARLY":-0.941508961177,"TOTAL_ASSETS":581093316.52,"TOTAL_LIABILITIES":315738907.96,"TAX_EBT":8.495688278505,"OCF_SALES":13.812298474116,"TOTAL_PARENT_EQUITY":265354408.56,"DEBT_ASSET_RATIO":54.3353191275,"OPERATE_PROFIT":3774844.48,"PRETAX_PROFIT":-2857601.08,"NETCASH_OPERATE":19860829.48,"NETCASH_INVEST":-5382986.64,"NETCASH_FINANCE":-13987733.68,"END_CASH":21332982.32,"DIVI_RATIO":null,"DIVIDEND_RATE":null,"CURRENT_RATIO":0.513257660017,"COMMON_ACS":2000000000,"CURRENTDEBT_DEBT":90.963644720145,"ISSUED_COMMON_SHARES":540000000,"HK_COMMON_SHARES":540000000,"PER_SHARES":2000,"TOTAL_MARKET_CAP":23760000,"HKSK_MARKET_CAP":23760000,"PE_TTM":-6.771159874608,"PB_TTM":0.081721939039,"REPORT_DATE_SQ":"2023-06-30 00:00:00","REPORT_TYPE_SQ":"2023年中报","OPERATE_INCOME_SQ":114161407.56,"DPS_HKD":null,"OPERATE_INCOME_QOQ_SQ":-8.87240146888,"NET_PROFIT_RATIO_SQ":-8.2982022581,"HOLDER_PROFIT_SQ":-9473344.5,"HOLDER_PROFIT_QOQ_SQ":-18.999027207457,"ROE_AVG_SQ":-3.530187830043,"PE_TTM_SQ":-1.303413162361,"PB_TTM_SQ":0.117249919425,"ROA_SQ":-1.616810422487,"START_DATE":"2024-01-01 00:00:00","FISCAL_YEAR":"12-31","CURRENCY":"HKD","IS_CNY_CODE":0,"DPS_HKD_LY":null,"ORG_TYPE":"一般企业","PREMIUM_INCOME":null,"PREMIUM_INCOME_YOY":null,"NET_INTEREST_INCOME":null,"NET_INTEREST_INCOME_YOY":null,"FEE_COMMISSION_INCOME":null,"FEE_COMMISSION_INCOME_YOY":null,"ACCOUNTS_RECE_TDAYS":3.855422866092,"INVENTORY_TDAYS":2.432334948919,"CURRENT_ASSETS_TDAYS":1.007098681582,"TOTAL_ASSETS_TDAYS":0.24825564905,"PREMIUM_EXPENSE":null,"LOAN_DEPOSIT":null,"LOAN_EQUITY":null,"LOAN_ASSETS":null,"DEPOSIT_EQUITY":null,"DEPOSIT_ASSETS":null,"EQUITY_MULTIPLIER":2.189876247667,"EQUITY_RATIO":1.18987624767},{"SECUCODE":"03919.HK","SECURITY_CODE":"03919","SECURITY_NAME_ABBR":"金力集团","ORG_CODE":"10430979","STD_REPORT_DATE":"2023-12-31 00:00:00","REPORT_DATE":"2023-12-31 00:00:00","DATE_TYPE_CODE":"001","REPORT_TYPE":"2023年年报","PER_NETCASH_OPERATE":0.066860575963,"PER_OI":0.453578213667,"BPS":0.494794441815,"BASIC_EPS":-0.020480572,"DILUTED_EPS":null,"OPERATE_INCOME":244932235.38,"OPERATE_INCOME_YOY":-18.1585298277,"GROSS_PROFIT":64112346.34,"GROSS_PROFIT_YOY":0.327993838179,"HOLDER_PROFIT":-9895016.18,"HOLDER_PROFIT_YOY":52.0970430815,"GROSS_PROFIT_RATIO":26.175544529912,"EPS_TTM":-0.018324104037,"OPERATE_INCOME_QOQ":-8.888249481332,"NET_PROFIT_RATIO":-4.0398995112,"ROE_AVG":-3.750906036695,"GROSS_PROFIT_QOQ":6.58058123774,"ROA":-1.732910540616,"HOLDER_PROFIT_QOQ":59.161497849012,"ROE_YEARLY":-3.750906036695,"ROIC_YEARLY":-1.804773998296,"TOTAL_ASSETS":573230367.22,"TOTAL_LIABILITIES":306041368.64,"TAX_EBT":-31.380098664421,"OCF_SALES":14.740693875588,"TOTAL_PARENT_EQUITY":267188998.58,"DEBT_ASSET_RATIO":53.3888967056,"OPERATE_PROFIT":-521076.5,"PRETAX_PROFIT":-7531594.42,"NETCASH_OPERATE":36104711.02,"NETCASH_INVEST":-22756996.64,"NETCASH_FINANCE":-10926294.54,"END_CASH":21811809.18,"DIVI_RATIO":null,"DIVIDEND_RATE":null,"CURRENT_RATIO":0.490885091506,"COMMON_ACS":2000000000,"CURRENTDEBT_DEBT":91.302944520775,"ISSUED_COMMON_SHARES":540000000,"HK_COMMON_SHARES":540000000,"PER_SHARES":2000,"TOTAL_MARKET_CAP":28080000,"HKSK_MARKET_CAP":28080000,"PE_TTM":-8.00227985181,"PB_TTM":0.096580473409,"REPORT_DATE_SQ":"2022-12-31 00:00:00","REPORT_TYPE_SQ":"2022年年报","OPERATE_INCOME_SQ":294999737.69,"DPS_HKD":null,"OPERATE_INCOME_QOQ_SQ":6.737099125661,"NET_PROFIT_RATIO_SQ":-6.9021066051,"HOLDER_PROFIT_SQ":-20361196.38,"HOLDER_PROFIT_QOQ_SQ":-552.01316610063,"ROE_AVG_SQ":-7.567088443707,"PE_TTM_SQ":-1.07938902508,"PB_TTM_SQ":0.097097589524,"ROA_SQ":-3.519526159433,"START_DATE":"2023-01-01 00:00:00","FISCAL_YEAR":"12-31","CURRENCY":"HKD","IS_CNY_CODE":0,"DPS_HKD_LY":null,"ORG_TYPE":"一般企业","PREMIUM_INCOME":null,"PREMIUM_INCOME_YOY":null,"NET_INTEREST_INCOME":null,"NET_INTEREST_INCOME_YOY":null,"FEE_COMMISSION_INCOME":null,"FEE_COMMISSION_INCOME_YOY":null,"ACCOUNTS_RECE_TDAYS":6.322611584168,"INVENTORY_TDAYS":4.041113507711,"CURRENT_ASSETS_TDAYS":1.777350338828,"TOTAL_ASSETS_TDAYS":0.428948922069,"PREMIUM_EXPENSE":null,"LOAN_DEPOSIT":null,"LOAN_EQUITY":null,"LOAN_ASSETS":null,"DEPOSIT_EQUITY":null,"DEPOSIT_ASSETS":null,"EQUITY_MULTIPLIER":2.145411563601,"EQUITY_RATIO":1.145411563599},{"SECUCODE":"03919.HK","SECURITY_CODE":"03919","SECURITY_NAME_ABBR":"金力集团","ORG_CODE":"10430979","STD_REPORT_DATE":"2023-06-30 00:00:00","REPORT_DATE":"2023-06-30 00:00:00","DATE_TYPE_CODE":"002","REPORT_TYPE":"2023年中报","PER_NETCASH_OPERATE":-0.012009643185,"PER_OI":0.211410014,"BPS":0.503255953519,"BASIC_EPS":-0.022219718,"DILUTED_EPS":null,"OPERATE_INCOME":114161407.56,"OPERATE_INCOME_YOY":-24.5438701264,"GROSS_PROFIT":27439046.78,"GROSS_PROFIT_YOY":-12.020284892248,"HOLDER_PROFIT":-9473344.5,"HOLDER_PROFIT_YOY":-56.7744888618,"GROSS_PROFIT_RATIO":24.035308749657,"EPS_TTM":-0.044869677074,"OPERATE_INCOME_QOQ":-8.87240146888,"NET_PROFIT_RATIO":-8.2982022581,"ROE_AVG":-3.530187830043,"GROSS_PROFIT_QOQ":-5.866535279643,"ROA":-1.616810422487,"HOLDER_PROFIT_QOQ":-18.999027207457,"ROE_YEARLY":-7.060375660085,"ROIC_YEARLY":-3.390658282693,"TOTAL_ASSETS":593183492.4,"TOTAL_LIABILITIES":321425277.5,"TAX_EBT":14.439170622034,"OCF_SALES":-5.680735248986,"TOTAL_PARENT_EQUITY":271758214.9,"DEBT_ASSET_RATIO":54.186483882,"OPERATE_PROFIT":-2017292.24,"PRETAX_PROFIT":-11072057.82,"NETCASH_OPERATE":-6485207.32,"NETCASH_INVEST":1472402.06,"NETCASH_FINANCE":20489161.54,"END_CASH":34444250.82,"DIVI_RATIO":null,"DIVIDEND_RATE":null,"CURRENT_RATIO":0.569341458043,"COMMON_ACS":2000000000,"CURRENTDEBT_DEBT":89.862459662962,"ISSUED_COMMON_SHARES":540000000,"HK_COMMON_SHARES":540000000,"PER_SHARES":2000,"TOTAL_MARKET_CAP":28080000,"HKSK_MARKET_CAP":28080000,"PE_TTM":-8.00227985181,"PB_TTM":0.096580473409,"REPORT_DATE_SQ":"2022-06-30 00:00:00","REPORT_TYPE_SQ":"2022年中报","OPERATE_INCOME_SQ":140334968.62,"DPS_HKD":null,"OPERATE_INCOME_QOQ_SQ":-2.643910707293,"NET_PROFIT_RATIO_SQ":-3.9939548319,"HOLDER_PROFIT_SQ":-5604915.26,"HOLDER_PROFIT_QOQ_SQ":-181.058910567681,"ROE_AVG_SQ":-2.109617040453,"PE_TTM_SQ":-1.07938902508,"PB_TTM_SQ":0.097097589524,"ROA_SQ":-0.965807696105,"START_DATE":"2023-01-01 00:00:00","FISCAL_YEAR":"12-31","CURRENCY":"HKD","IS_CNY_CODE":0,"DPS_HKD_LY":null,"ORG_TYPE":"一般企业","PREMIUM_INCOME":null,"PREMIUM_INCOME_YOY":null,"NET_INTEREST_INCOME":null,"NET_INTEREST_INCOME_YOY":null,"FEE_COMMISSION_INCOME":null,"FEE_COMMISSION_INCOME_YOY":null,"ACCOUNTS_RECE_TDAYS":2.66564767174,"INVENTORY_TDAYS":1.758083809951,"CURRENT_ASSETS_TDAYS":0.747848355086,"TOTAL_ASSETS_TDAYS":0.194838637599,"PREMIUM_EXPENSE":null,"LOAN_DEPOSIT":null,"LOAN_EQUITY":null,"LOAN_ASSETS":null,"DEPOSIT_EQUITY":null,"DEPOSIT_ASSETS":null,"EQUITY_MULTIPLIER":2.182761954844,"EQUITY_RATIO":1.182761954844},{"SECUCODE":"03919.HK","SECURITY_CODE":"03919","SECURITY_NAME_ABBR":"金力集团","ORG_CODE":"10430979","STD_REPORT_DATE":"2022-12-31 00:00:00","REPORT_DATE":"2022-12-31 00:00:00","DATE_TYPE_CODE":"001","REPORT_TYPE":"2022年年报","PER_NETCASH_OPERATE":0.044303710694,"PER_OI":0.819443715806,"BPS":0.475363555722,"BASIC_EPS":-0.056097356,"DILUTED_EPS":null,"OPERATE_INCOME":294999737.69,"OPERATE_INCOME_YOY":-4.8877074345,"GROSS_PROFIT":63902749.26,"GROSS_PROFIT_YOY":6.357505269313,"HOLDER_PROFIT":-20361196.38,"HOLDER_PROFIT_YOY":-583.7436332767,"GROSS_PROFIT_RATIO":21.661968163223,"EPS_TTM":-0.056558878833,"OPERATE_INCOME_QOQ":6.737099125661,"NET_PROFIT_RATIO":-6.9021066051,"ROE_AVG":-7.567088443707,"GROSS_PROFIT_QOQ":2.115141061983,"ROA":-3.519526159433,"HOLDER_PROFIT_QOQ":-552.01316610063,"ROE_YEARLY":-7.567088443707,"ROIC_YEARLY":-3.684920987754,"TOTAL_ASSETS":560652876.07,"TOTAL_LIABILITIES":303956555.98,"TAX_EBT":17.755727945156,"OCF_SALES":5.406559332863,"TOTAL_PARENT_EQUITY":256696320.09,"DEBT_ASSET_RATIO":54.2147501518,"OPERATE_PROFIT":-20147704.85,"PRETAX_PROFIT":-24756978.05,"NETCASH_OPERATE":15949335.85,"NETCASH_INVEST":-9358789.79,"NETCASH_FINANCE":-19560826.46,"END_CASH":19212451.16,"DIVI_RATIO":null,"DIVIDEND_RATE":null,"CURRENT_RATIO":0.49555779729,"COMMON_ACS":2000000000,"CURRENTDEBT_DEBT":90.60139769715,"ISSUED_COMMON_SHARES":540000000,"HK_COMMON_SHARES":540000000,"PER_SHARES":2000,"TOTAL_MARKET_CAP":28080000,"HKSK_MARKET_CAP":28080000,"PE_TTM":-8.00227985181,"PB_TTM":0.096580473409,"REPORT_DATE_SQ":"2021-12-31 00:00:00","REPORT_TYPE_SQ":"2021年年报","OPERATE_INCOME_SQ":283885436.8,"DPS_HKD":null,"OPERATE_INCOME_QOQ_SQ":2.19545949863,"NET_PROFIT_RATIO_SQ":1.357072502,"HOLDER_PROFIT_SQ":3852531.2,"HOLDER_PROFIT_QOQ_SQ":-51.584801050772,"ROE_AVG_SQ":1.604972963767,"PE_TTM_SQ":-1.07938902508,"PB_TTM_SQ":0.097097589524,"ROA_SQ":0.76036669297,"START_DATE":"2022-01-01 00:00:00","FISCAL_YEAR":"12-31","CURRENCY":"HKD","IS_CNY_CODE":0,"DPS_HKD_LY":null,"ORG_TYPE":"一般企业","PREMIUM_INCOME":null,"PREMIUM_INCOME_YOY":null,"NET_INTEREST_INCOME":null,"NET_INTEREST_INCOME_YOY":null,"FEE_COMMISSION_INCOME":null,"FEE_COMMISSION_INCOME_YOY":null,"ACCOUNTS_RECE_TDAYS":6.496065934931,"INVENTORY_TDAYS":4.753932377802,"CURRENT_ASSETS_TDAYS":1.976136550631,"TOTAL_ASSETS_TDAYS":0.509920573648,"PREMIUM_EXPENSE":null,"LOAN_DEPOSIT":null,"LOAN_EQUITY":null,"LOAN_ASSETS":null,"DEPOSIT_EQUITY":null,"DEPOSIT_ASSETS":null,"EQUITY_MULTIPLIER":2.184109518492,"EQUITY_RATIO":1.18410951849},{"SECUCODE":"03919.HK","SECURITY_CODE":"03919","SECURITY_NAME_ABBR":"金力集团","ORG_CODE":"10430979","STD_REPORT_DATE":"2022-06-30 00:00:00","REPORT_DATE":"2022-06-30 00:00:00","DATE_TYPE_CODE":"002","REPORT_TYPE":"2022年中报","PER_NETCASH_OPERATE":0.003921996361,"PER_OI":0.389819357278,"BPS":0.4850210085,"BASIC_EPS":-0.01539342,"DILUTED_EPS":null,"OPERATE_INCOME":140334968.62,"OPERATE_INCOME_YOY":-7.642000045,"GROSS_PROFIT":31187924.11,"GROSS_PROFIT_YOY":8.699848274606,"HOLDER_PROFIT":-5604915.26,"HOLDER_PROFIT_YOY":-497.9356405586,"GROSS_PROFIT_RATIO":22.223914977635,"EPS_TTM":-0.0086744995,"OPERATE_INCOME_QOQ":-2.643910707293,"NET_PROFIT_RATIO":-3.9939548319,"ROE_AVG":-2.109617040453,"GROSS_PROFIT_QOQ":4.154490865126,"ROA":-0.965807696105,"HOLDER_PROFIT_QOQ":-181.058910567681,"ROE_YEARLY":-4.219234080905,"ROIC_YEARLY":-2.016176478505,"TOTAL_ASSETS":589703961.21,"TOTAL_LIABILITIES":327792616.62,"TAX_EBT":14.59473547042,"OCF_SALES":1.006106107326,"TOTAL_PARENT_EQUITY":261911344.59,"DEBT_ASSET_RATIO":55.5859614623,"OPERATE_PROFIT":-3498582.29,"PRETAX_PROFIT":-6562728.06,"NETCASH_OPERATE":1411918.69,"NETCASH_INVEST":-1817278.75,"NETCASH_FINANCE":-11625452.86,"END_CASH":17354370.67,"DIVI_RATIO":null,"DIVIDEND_RATE":null,"CURRENT_RATIO":0.609295433191,"COMMON_ACS":2000000000,"CURRENTDEBT_DEBT":89.965509864388,"ISSUED_COMMON_SHARES":540000000,"HK_COMMON_SHARES":540000000,"PER_SHARES":2000,"TOTAL_MARKET_CAP":28080000,"HKSK_MARKET_CAP":28080000,"PE_TTM":-8.00227985181,"PB_TTM":0.096580473409,"REPORT_DATE_SQ":"2021-06-30 00:00:00","REPORT_TYPE_SQ":"2021年中报","OPERATE_INCOME_SQ":147840646.08,"DPS_HKD":null,"OPERATE_INCOME_QOQ_SQ":4.641221980072,"NET_PROFIT_RATIO_SQ":0.9269681893,"HOLDER_PROFIT_SQ":1370435.76,"HOLDER_PROFIT_QOQ_SQ":-23.383392784805,"ROE_AVG_SQ":0.565218958,"PE_TTM_SQ":-1.07938902508,"PB_TTM_SQ":0.097097589524,"ROA_SQ":0.272173371298,"START_DATE":"2022-01-01 00:00:00","FISCAL_YEAR":"12-31","CURRENCY":"HKD","IS_CNY_CODE":0,"DPS_HKD_LY":null,"ORG_TYPE":"一般企业","PREMIUM_INCOME":null,"PREMIUM_INCOME_YOY":null,"NET_INTEREST_INCOME":null,"NET_INTEREST_INCOME_YOY":null,"FEE_COMMISSION_INCOME":null,"FEE_COMMISSION_INCOME_YOY":null,"ACCOUNTS_RECE_TDAYS":2.912663406669,"INVENTORY_TDAYS":1.722318934456,"CURRENT_ASSETS_TDAYS":0.838164800225,"TOTAL_ASSETS_TDAYS":0.241817380707,"PREMIUM_EXPENSE":null,"LOAN_DEPOSIT":null,"LOAN_EQUITY":null,"LOAN_ASSETS":null,"DEPOSIT_EQUITY":null,"DEPOSIT_ASSETS":null,"EQUITY_MULTIPLIER":2.251540352835,"EQUITY_RATIO":1.251540352836},{"SECUCODE":"03919.HK","SECURITY_CODE":"03919","SECURITY_NAME_ABBR":"金力集团","ORG_CODE":"10430979","STD_REPORT_DATE":"2021-12-31 00:00:00","REPORT_DATE":"2021-12-31 00:00:00","DATE_TYPE_CODE":"001","REPORT_TYPE":"2021年年报","PER_NETCASH_OPERATE":-0.002505035556,"PER_OI":0.788570657778,"BPS":0.477060515556,"BASIC_EPS":0.01234576,"DILUTED_EPS":null,"OPERATE_INCOME":283885436.8,"OPERATE_INCOME_YOY":10.0829066468,"GROSS_PROFIT":60082971.2,"GROSS_PROFIT_YOY":-11.674787001992,"HOLDER_PROFIT":3852531.2,"HOLDER_PROFIT_YOY":-61.8152350081,"GROSS_PROFIT_RATIO":21.164513360483,"EPS_TTM":0.010701475556,"OPERATE_INCOME_QOQ":2.19545949863,"NET_PROFIT_RATIO":1.357072502,"ROE_AVG":1.604972963767,"GROSS_PROFIT_QOQ":-0.968106637776,"ROA":0.76036669297,"HOLDER_PROFIT_QOQ":-51.584801050772,"ROE_YEARLY":1.604972963767,"ROIC_YEARLY":0.793052376464,"TOTAL_ASSETS":545868187.2,"TOTAL_LIABILITIES":288255508.8,"TAX_EBT":18.730596757503,"OCF_SALES":-0.317667862841,"TOTAL_PARENT_EQUITY":257612678.4,"DEBT_ASSET_RATIO":52.8067976041,"OPERATE_PROFIT":7972417.6,"PRETAX_PROFIT":4740444.8,"NETCASH_OPERATE":-901812.8,"NETCASH_INVEST":-29625736,"NETCASH_FINANCE":48639841.6,"END_CASH":29948688,"DIVI_RATIO":null,"DIVIDEND_RATE":null,"CURRENT_RATIO":0.607189584037,"COMMON_ACS":2000000000,"CURRENTDEBT_DEBT":84.764708718725,"ISSUED_COMMON_SHARES":540000000,"HK_COMMON_SHARES":540000000,"PER_SHARES":2000,"TOTAL_MARKET_CAP":28080000,"HKSK_MARKET_CAP":28080000,"PE_TTM":-8.00227985181,"PB_TTM":0.096580473409,"REPORT_DATE_SQ":"2020-12-31 00:00:00","REPORT_TYPE_SQ":"2020年年报","OPERATE_INCOME_SQ":265465880.6,"DPS_HKD":null,"OPERATE_INCOME_QOQ_SQ":-4.983392691568,"NET_PROFIT_RATIO_SQ":3.9123060095,"HOLDER_PROFIT_SQ":10385837.6,"HOLDER_PROFIT_QOQ_SQ":30.33131327682,"ROE_AVG_SQ":4.684125218738,"PE_TTM_SQ":-1.07938902508,"PB_TTM_SQ":0.097097589524,"ROA_SQ":2.2262754628,"START_DATE":"2021-01-01 00:00:00","FISCAL_YEAR":"12-31","CURRENCY":"HKD","IS_CNY_CODE":0,"DPS_HKD_LY":null,"ORG_TYPE":"一般企业","PREMIUM_INCOME":null,"PREMIUM_INCOME_YOY":null,"NET_INTEREST_INCOME":null,"NET_INTEREST_INCOME_YOY":null,"FEE_COMMISSION_INCOME":null,"FEE_COMMISSION_INCOME_YOY":null,"ACCOUNTS_RECE_TDAYS":6.681059447186,"INVENTORY_TDAYS":4.569341969085,"CURRENT_ASSETS_TDAYS":2.09061679632,"TOTAL_ASSETS_TDAYS":0.560299241086,"PREMIUM_EXPENSE":null,"LOAN_DEPOSIT":null,"LOAN_EQUITY":null,"LOAN_ASSETS":null,"DEPOSIT_EQUITY":null,"DEPOSIT_ASSETS":null,"EQUITY_MULTIPLIER":2.118949232585,"EQUITY_RATIO":1.118949232586},{"SECUCODE":"03919.HK","SECURITY_CODE":"03919","SECURITY_NAME_ABBR":"金力集团","ORG_CODE":"10430979","STD_REPORT_DATE":"2021-06-30 00:00:00","REPORT_DATE":"2021-06-30 00:00:00","DATE_TYPE_CODE":"002","REPORT_TYPE":"2021年中报","PER_NETCASH_OPERATE":-0.008346224667,"PER_OI":0.410668461333,"BPS":0.478741850667,"BASIC_EPS":0.005158896,"DILUTED_EPS":null,"OPERATE_INCOME":147840646.08,"OPERATE_INCOME_YOY":19.7584287082,"GROSS_PROFIT":28691782.56,"GROSS_PROFIT_YOY":-20.402685963306,"HOLDER_PROFIT":1370435.76,"HOLDER_PROFIT_YOY":-60.3991344073,"GROSS_PROFIT_RATIO":19.407235642405,"EPS_TTM":0.022103545556,"OPERATE_INCOME_QOQ":4.641221980072,"NET_PROFIT_RATIO":0.9269681893,"ROE_AVG":0.565218958,"GROSS_PROFIT_QOQ":-10.811345719762,"ROA":0.272173371298,"HOLDER_PROFIT_QOQ":-23.383392784805,"ROE_YEARLY":1.130437916,"ROIC_YEARLY":0.560810672769,"TOTAL_ASSETS":531285576.24,"TOTAL_LIABILITIES":272764976.88,"TAX_EBT":22.164461247637,"OCF_SALES":-2.03235102096,"TOTAL_PARENT_EQUITY":258520599.36,"DEBT_ASSET_RATIO":51.3405575228,"OPERATE_PROFIT":4496560.32,"PRETAX_PROFIT":1760681.28,"NETCASH_OPERATE":-3004640.88,"NETCASH_INVEST":-37284672.72,"NETCASH_FINANCE":44733452.88,"END_CASH":17538582.24,"DIVI_RATIO":null,"DIVIDEND_RATE":null,"CURRENT_RATIO":0.66163450949,"COMMON_ACS":2000000000,"CURRENTDEBT_DEBT":85.313793618884,"ISSUED_COMMON_SHARES":540000000,"HK_COMMON_SHARES":540000000,"PER_SHARES":2000,"TOTAL_MARKET_CAP":28080000,"HKSK_MARKET_CAP":28080000,"PE_TTM":-8.00227985181,"PB_TTM":0.096580473409,"REPORT_DATE_SQ":"2020-06-30 00:00:00","REPORT_TYPE_SQ":"2020年中报","OPERATE_INCOME_SQ":135519785.28,"DPS_HKD":null,"OPERATE_INCOME_QOQ_SQ":-0.734690222207,"NET_PROFIT_RATIO_SQ":2.8032784675,"HOLDER_PROFIT_SQ":3798996.96,"HOLDER_PROFIT_QOQ_SQ":20.541067266262,"ROE_AVG_SQ":1.617438310615,"PE_TTM_SQ":-1.07938902508,"PB_TTM_SQ":0.097097589524,"ROA_SQ":0.761258025104,"START_DATE":"2021-01-01 00:00:00","FISCAL_YEAR":"12-31","CURRENCY":"HKD","IS_CNY_CODE":0,"DPS_HKD_LY":null,"ORG_TYPE":"一般企业","PREMIUM_INCOME":null,"PREMIUM_INCOME_YOY":null,"NET_INTEREST_INCOME":null,"NET_INTEREST_INCOME_YOY":null,"FEE_COMMISSION_INCOME":null,"FEE_COMMISSION_INCOME_YOY":null,"ACCOUNTS_RECE_TDAYS":3.044065241228,"INVENTORY_TDAYS":2.289840008315,"CURRENT_ASSETS_TDAYS":1.058389029868,"TOTAL_ASSETS_TDAYS":0.293616732961,"PREMIUM_EXPENSE":null,"LOAN_DEPOSIT":null,"LOAN_EQUITY":null,"LOAN_ASSETS":null,"DEPOSIT_EQUITY":null,"DEPOSIT_ASSETS":null,"EQUITY_MULTIPLIER":2.055099584153,"EQUITY_RATIO":1.055099584154},{"SECUCODE":"03919.HK","SECURITY_CODE":"03919","SECURITY_NAME_ABBR":"金力集团","ORG_CODE":"10430979","STD_REPORT_DATE":"2020-12-31 00:00:00","REPORT_DATE":"2020-12-31 00:00:00","DATE_TYPE_CODE":"001","REPORT_TYPE":"2020年年报","PER_NETCASH_OPERATE":0.1664448305,"PER_OI":1.106107835833,"BPS":0.424079017111,"BASIC_EPS":0.041408688,"DILUTED_EPS":null,"OPERATE_INCOME":265465880.6,"OPERATE_INCOME_YOY":0.3857378828,"GROSS_PROFIT":68024711.36,"GROSS_PROFIT_YOY":2.32722813371,"HOLDER_PROFIT":10385837.6,"HOLDER_PROFIT_YOY":67.2086720867,"GROSS_PROFIT_RATIO":25.624653234627,"EPS_TTM":0.043274323333,"OPERATE_INCOME_QOQ":-4.983392691568,"NET_PROFIT_RATIO":3.9123060095,"ROE_AVG":4.684125218738,"GROSS_PROFIT_QOQ":-4.205192922139,"ROA":2.2262754628,"HOLDER_PROFIT_QOQ":30.33131327682,"ROE_YEARLY":4.684125218738,"ROIC_YEARLY":2.293895616596,"TOTAL_ASSETS":481211878.2,"TOTAL_LIABILITIES":252209208.96,"TAX_EBT":25.325264750378,"OCF_SALES":15.047794175927,"TOTAL_PARENT_EQUITY":229002669.24,"DEBT_ASSET_RATIO":52.4112600677,"OPERATE_PROFIT":17099599.88,"PRETAX_PROFIT":13908101,"NETCASH_OPERATE":39946759.32,"NETCASH_INVEST":-34094836.4,"NETCASH_FINANCE":-9320321.36,"END_CASH":12163381.28,"DIVI_RATIO":null,"DIVIDEND_RATE":null,"CURRENT_RATIO":0.597306552101,"COMMON_ACS":2000000000,"CURRENTDEBT_DEBT":84.199636926691,"ISSUED_COMMON_SHARES":540000000,"HK_COMMON_SHARES":540000000,"PER_SHARES":2000,"TOTAL_MARKET_CAP":28080000,"HKSK_MARKET_CAP":28080000,"PE_TTM":-8.00227985181,"PB_TTM":0.096580473409,"REPORT_DATE_SQ":"2019-12-31 00:00:00","REPORT_TYPE_SQ":"2019年年报","OPERATE_INCOME_SQ":281456763.34,"DPS_HKD":null,"OPERATE_INCOME_QOQ_SQ":-3.286594004205,"NET_PROFIT_RATIO_SQ":2.3487999796,"HOLDER_PROFIT_SQ":6610856.4,"HOLDER_PROFIT_QOQ_SQ":-53.319800088602,"ROE_AVG_SQ":2.918813095109,"PE_TTM_SQ":-1.07938902508,"PB_TTM_SQ":0.097097589524,"ROA_SQ":1.384633569296,"START_DATE":"2020-01-01 00:00:00","FISCAL_YEAR":"12-31","CURRENCY":"HKD","IS_CNY_CODE":0,"DPS_HKD_LY":null,"ORG_TYPE":"一般企业","PREMIUM_INCOME":null,"PREMIUM_INCOME_YOY":null,"NET_INTEREST_INCOME":null,"NET_INTEREST_INCOME_YOY":null,"FEE_COMMISSION_INCOME":null,"FEE_COMMISSION_INCOME_YOY":null,"ACCOUNTS_RECE_TDAYS":6.432183861166,"INVENTORY_TDAYS":4.699433081592,"CURRENT_ASSETS_TDAYS":2.257010783619,"TOTAL_ASSETS_TDAYS":0.569044307212,"PREMIUM_EXPENSE":null,"LOAN_DEPOSIT":null,"LOAN_EQUITY":null,"LOAN_ASSETS":null,"DEPOSIT_EQUITY":null,"DEPOSIT_ASSETS":null,"EQUITY_MULTIPLIER":2.101337420202,"EQUITY_RATIO":1.101337420201},{"SECUCODE":"03919.HK","SECURITY_CODE":"03919","SECURITY_NAME_ABBR":"金力集团","ORG_CODE":"10430979","STD_REPORT_DATE":"2020-06-30 00:00:00","REPORT_DATE":"2020-06-30 00:00:00","DATE_TYPE_CODE":"002","REPORT_TYPE":"2020年中报","PER_NETCASH_OPERATE":0.05528215,"PER_OI":0.564665772,"BPS":0.438916377778,"BASIC_EPS":0.015163104,"DILUTED_EPS":null,"OPERATE_INCOME":135519785.28,"OPERATE_INCOME_YOY":-5.1454510581,"GROSS_PROFIT":36046169.28,"GROSS_PROFIT_YOY":14.385295256541,"HOLDER_PROFIT":3798996.96,"HOLDER_PROFIT_YOY":49.8738738739,"GROSS_PROFIT_RATIO":26.59845513002,"EPS_TTM":0.03320332025,"OPERATE_INCOME_QOQ":-0.734690222207,"NET_PROFIT_RATIO":2.8032784675,"ROE_AVG":1.617438310615,"GROSS_PROFIT_QOQ":6.819180762626,"ROA":0.761258025104,"HOLDER_PROFIT_QOQ":20.541067266262,"ROE_YEARLY":3.23487662123,"ROIC_YEARLY":1.572800645911,"TOTAL_ASSETS":507728316.48,"TOTAL_LIABILITIES":270713472.48,"TAX_EBT":27.175625984941,"OCF_SALES":9.790242784541,"TOTAL_PARENT_EQUITY":237014844,"DEBT_ASSET_RATIO":53.3185689459,"OPERATE_PROFIT":4781858.4,"PRETAX_PROFIT":5216655.84,"NETCASH_OPERATE":13267716,"NETCASH_INVEST":-15620737.44,"NETCASH_FINANCE":488690.4,"END_CASH":15260842.08,"DIVI_RATIO":null,"DIVIDEND_RATE":null,"CURRENT_RATIO":0.599774690828,"COMMON_ACS":2000000000,"CURRENTDEBT_DEBT":80.570036475046,"ISSUED_COMMON_SHARES":540000000,"HK_COMMON_SHARES":540000000,"PER_SHARES":2000,"TOTAL_MARKET_CAP":28080000,"HKSK_MARKET_CAP":28080000,"PE_TTM":-8.00227985181,"PB_TTM":0.096580473409,"REPORT_DATE_SQ":"2019-06-30 00:00:00","REPORT_TYPE_SQ":"2019年中报","OPERATE_INCOME_SQ":137587620.6,"DPS_HKD":null,"OPERATE_INCOME_QOQ_SQ":2.661722465898,"NET_PROFIT_RATIO_SQ":1.7741832364,"HOLDER_PROFIT_SQ":2441056.5,"HOLDER_PROFIT_QOQ_SQ":160.903831369556,"ROE_AVG_SQ":1.104277633304,"PE_TTM_SQ":-1.07938902508,"PB_TTM_SQ":0.097097589524,"ROA_SQ":0.515121842558,"START_DATE":"2020-01-01 00:00:00","FISCAL_YEAR":"12-31","CURRENCY":"HKD","IS_CNY_CODE":0,"DPS_HKD_LY":null,"ORG_TYPE":"一般企业","PREMIUM_INCOME":null,"PREMIUM_INCOME_YOY":null,"NET_INTEREST_INCOME":null,"NET_INTEREST_INCOME_YOY":null,"FEE_COMMISSION_INCOME":null,"FEE_COMMISSION_INCOME_YOY":null,"ACCOUNTS_RECE_TDAYS":2.793353730289,"INVENTORY_TDAYS":2.625931373731,"CURRENT_ASSETS_TDAYS":1.090881016456,"TOTAL_ASSETS_TDAYS":0.271559901708,"PREMIUM_EXPENSE":null,"LOAN_DEPOSIT":null,"LOAN_EQUITY":null,"LOAN_ASSETS":null,"DEPOSIT_EQUITY":null,"DEPOSIT_ASSETS":null,"EQUITY_MULTIPLIER":2.142179400715,"EQUITY_RATIO":1.142179400713}],"count":31},"success":true,"message":"ok","code":0}