{"version":"a957b618b800a53368fb53a241d7632d","result":{"pages":2,"data":[{"SECUCODE":"03928.HK","SECURITY_CODE":"03928","SECURITY_NAME_ABBR":"中国新零售供应链","ORG_CODE":"10999424","STD_REPORT_DATE":"2024-12-31 00:00:00","REPORT_DATE":"2024-09-30 00:00:00","DATE_TYPE_CODE":"001","REPORT_TYPE":"2024年年报","PER_NETCASH_OPERATE":0.035847676173,"PER_OI":0.638227039178,"BPS":0.309855599905,"BASIC_EPS":-0.00875696,"DILUTED_EPS":-0.00875696,"OPERATE_INCOME":306348978.8056,"OPERATE_INCOME_YOY":-0.1463938382,"GROSS_PROFIT":26265904.9521,"GROSS_PROFIT_YOY":31.215908871665,"HOLDER_PROFIT":-4291747.7843,"HOLDER_PROFIT_YOY":24.3906389962,"GROSS_PROFIT_RATIO":8.573850989974,"EPS_TTM":-0.008941141217,"OPERATE_INCOME_QOQ":0,"NET_PROFIT_RATIO":-1.4009342551,"ROE_AVG":-2.844542407235,"GROSS_PROFIT_QOQ":0,"ROA":-1.17687702951,"HOLDER_PROFIT_QOQ":0,"ROE_YEARLY":-2.844542407235,"ROIC_YEARLY":-1.319687631982,"TOTAL_ASSETS":381186643.1031,"TOTAL_LIABILITIES":232455955.1488,"TAX_EBT":null,"OCF_SALES":5.616759236537,"TOTAL_PARENT_EQUITY":148730687.9543,"DEBT_ASSET_RATIO":60.982187953,"OPERATE_PROFIT":681187.4991,"PRETAX_PROFIT":-4291747.7843,"NETCASH_OPERATE":17206884.5631,"NETCASH_INVEST":-8570124.7853,"NETCASH_FINANCE":-17939847.5882,"END_CASH":33598709.6011,"DIVI_RATIO":null,"DIVIDEND_RATE":null,"CURRENT_RATIO":1.145886380496,"COMMON_ACS":1000000000,"CURRENTDEBT_DEBT":82.83982124129,"ISSUED_COMMON_SHARES":480000000,"HK_COMMON_SHARES":480000000,"PER_SHARES":2000,"TOTAL_MARKET_CAP":1252800000,"HKSK_MARKET_CAP":1252800000,"PE_TTM":-263.240658497174,"PB_TTM":7.59602828698,"REPORT_DATE_SQ":"2023-12-31 00:00:00","REPORT_TYPE_SQ":"2023年年报","OPERATE_INCOME_SQ":294847050.3162,"DPS_HKD":null,"OPERATE_INCOME_QOQ_SQ":0,"NET_PROFIT_RATIO_SQ":-1.8501457427,"HOLDER_PROFIT_SQ":-5455100.1489,"HOLDER_PROFIT_QOQ_SQ":0,"ROE_AVG_SQ":-3.641853253482,"PE_TTM_SQ":-133.226327570538,"PB_TTM_SQ":4.941895638672,"ROA_SQ":-1.513449867786,"START_DATE":"2023-10-01 00:00:00","FISCAL_YEAR":"9-30","CURRENCY":"HKD","IS_CNY_CODE":0,"DPS_HKD_LY":null,"ORG_TYPE":"一般企业","PREMIUM_INCOME":null,"PREMIUM_INCOME_YOY":null,"NET_INTEREST_INCOME":null,"NET_INTEREST_INCOME_YOY":null,"FEE_COMMISSION_INCOME":null,"FEE_COMMISSION_INCOME_YOY":null,"ACCOUNTS_RECE_TDAYS":9.000568348694,"INVENTORY_TDAYS":null,"CURRENT_ASSETS_TDAYS":1.470438733731,"TOTAL_ASSETS_TDAYS":0.840065852633,"PREMIUM_EXPENSE":null,"LOAN_DEPOSIT":null,"LOAN_EQUITY":null,"LOAN_ASSETS":null,"DEPOSIT_EQUITY":null,"DEPOSIT_ASSETS":null,"EQUITY_MULTIPLIER":2.562932023957,"EQUITY_RATIO":1.562932023956},{"SECUCODE":"03928.HK","SECURITY_CODE":"03928","SECURITY_NAME_ABBR":"中国新零售供应链","ORG_CODE":"10999424","STD_REPORT_DATE":"2024-06-30 00:00:00","REPORT_DATE":"2024-03-31 00:00:00","DATE_TYPE_CODE":"002","REPORT_TYPE":"2024年中报","PER_NETCASH_OPERATE":0.026118893773,"PER_OI":0.259694432095,"BPS":0.310092397709,"BASIC_EPS":0.0026381,"DILUTED_EPS":0.0026381,"OPERATE_INCOME":124653327.4056,"OPERATE_INCOME_YOY":-25.904081779,"GROSS_PROFIT":14527884.795,"GROSS_PROFIT_YOY":57.140717871409,"HOLDER_PROFIT":1327043.443,"HOLDER_PROFIT_YOY":-10.2539856986,"GROSS_PROFIT_RATIO":11.654630564116,"EPS_TTM":-0.011622168871,"OPERATE_INCOME_QOQ":0,"NET_PROFIT_RATIO":1.0645872602,"ROE_AVG":0.895556766928,"GROSS_PROFIT_QOQ":0,"ROA":0.399154791336,"HOLDER_PROFIT_QOQ":0,"ROE_YEARLY":1.791113533856,"ROIC_YEARLY":0.92134176762,"TOTAL_ASSETS":329293551.344,"TOTAL_LIABILITIES":180449200.4438,"TAX_EBT":null,"OCF_SALES":10.057548620589,"TOTAL_PARENT_EQUITY":148844350.9002,"DEBT_ASSET_RATIO":54.7988868009,"OPERATE_PROFIT":3727978.253,"PRETAX_PROFIT":1327043.443,"NETCASH_OPERATE":12537069.011,"NETCASH_INVEST":-2578478.94,"NETCASH_FINANCE":-8334712.8922,"END_CASH":45094573.398,"DIVI_RATIO":null,"DIVIDEND_RATE":null,"CURRENT_RATIO":1.303452252173,"COMMON_ACS":1000000000,"CURRENTDEBT_DEBT":77.377659379592,"ISSUED_COMMON_SHARES":480000000,"HK_COMMON_SHARES":480000000,"PER_SHARES":2000,"TOTAL_MARKET_CAP":1046400000,"HKSK_MARKET_CAP":1046400000,"PE_TTM":-219.87150786354,"PB_TTM":6.344575350811,"REPORT_DATE_SQ":"2023-06-30 00:00:00","REPORT_TYPE_SQ":"2023年中报","OPERATE_INCOME_SQ":165037489.816,"DPS_HKD":null,"OPERATE_INCOME_QOQ_SQ":0,"NET_PROFIT_RATIO_SQ":0.8789423261,"HOLDER_PROFIT_SQ":1450584.352,"HOLDER_PROFIT_QOQ_SQ":0,"ROE_AVG_SQ":0.961867321054,"PE_TTM_SQ":68.666804461047,"PB_TTM_SQ":4.223074454865,"ROA_SQ":0.403728005723,"START_DATE":"2023-10-01 00:00:00","FISCAL_YEAR":"9-30","CURRENCY":"HKD","IS_CNY_CODE":0,"DPS_HKD_LY":null,"ORG_TYPE":"一般企业","PREMIUM_INCOME":null,"PREMIUM_INCOME_YOY":null,"NET_INTEREST_INCOME":null,"NET_INTEREST_INCOME_YOY":null,"FEE_COMMISSION_INCOME":null,"FEE_COMMISSION_INCOME_YOY":null,"ACCOUNTS_RECE_TDAYS":5.4938864739,"INVENTORY_TDAYS":null,"CURRENT_ASSETS_TDAYS":0.672051220378,"TOTAL_ASSETS_TDAYS":0.374938538391,"PREMIUM_EXPENSE":null,"LOAN_DEPOSIT":null,"LOAN_EQUITY":null,"LOAN_ASSETS":null,"DEPOSIT_EQUITY":null,"DEPOSIT_ASSETS":null,"EQUITY_MULTIPLIER":2.212334894486,"EQUITY_RATIO":1.212334894488},{"SECUCODE":"03928.HK","SECURITY_CODE":"03928","SECURITY_NAME_ABBR":"中国新零售供应链","ORG_CODE":"10999424","STD_REPORT_DATE":"2023-12-31 00:00:00","REPORT_DATE":"2023-09-30 00:00:00","DATE_TYPE_CODE":"001","REPORT_TYPE":"2023年年报","PER_NETCASH_OPERATE":0.032179092927,"PER_OI":0.614264688159,"BPS":0.306378282624,"BASIC_EPS":-0.01157178,"DILUTED_EPS":-0.01157178,"OPERATE_INCOME":294847050.3162,"OPERATE_INCOME_YOY":-16.4509295386,"GROSS_PROFIT":20017317.3954,"GROSS_PROFIT_YOY":25.150625660249,"HOLDER_PROFIT":-5455100.1489,"HOLDER_PROFIT_YOY":30.538260816,"GROSS_PROFIT_RATIO":6.789051263675,"EPS_TTM":-0.011364791977,"OPERATE_INCOME_QOQ":0,"NET_PROFIT_RATIO":-1.8501457427,"ROE_AVG":-3.641853253482,"GROSS_PROFIT_QOQ":0,"ROA":-1.513449867786,"HOLDER_PROFIT_QOQ":0,"ROE_YEARLY":-3.641853253482,"ROIC_YEARLY":-1.731224626951,"TOTAL_ASSETS":334596288.1929,"TOTAL_LIABILITIES":187534712.5335,"TAX_EBT":18.799218301026,"OCF_SALES":5.238636299171,"TOTAL_PARENT_EQUITY":147061575.6594,"DEBT_ASSET_RATIO":56.0480552687,"OPERATE_PROFIT":1544127.8034,"PRETAX_PROFIT":-6718038.9582,"NETCASH_OPERATE":15445964.6049,"NETCASH_INVEST":19156340.1441,"NETCASH_FINANCE":-36367174.7757,"END_CASH":43562007.8892,"DIVI_RATIO":null,"DIVIDEND_RATE":null,"CURRENT_RATIO":1.310752701513,"COMMON_ACS":1000000000,"CURRENTDEBT_DEBT":76.636887119459,"ISSUED_COMMON_SHARES":480000000,"HK_COMMON_SHARES":480000000,"PER_SHARES":2000,"TOTAL_MARKET_CAP":1430400000,"HKSK_MARKET_CAP":1430400000,"PE_TTM":-300.558299740069,"PB_TTM":8.672859883219,"REPORT_DATE_SQ":"2022-12-31 00:00:00","REPORT_TYPE_SQ":"2022年年报","OPERATE_INCOME_SQ":333566626.0624,"DPS_HKD":null,"OPERATE_INCOME_QOQ_SQ":0,"NET_PROFIT_RATIO_SQ":-2.2253683659,"HOLDER_PROFIT_SQ":-7423086.1756,"HOLDER_PROFIT_QOQ_SQ":0,"ROE_AVG_SQ":-5.019956022078,"PE_TTM_SQ":82.789764243816,"PB_TTM_SQ":5.091650051965,"ROA_SQ":-2.001768058539,"START_DATE":"2022-10-01 00:00:00","FISCAL_YEAR":"9-30","CURRENCY":"HKD","IS_CNY_CODE":0,"DPS_HKD_LY":null,"ORG_TYPE":"一般企业","PREMIUM_INCOME":null,"PREMIUM_INCOME_YOY":null,"NET_INTEREST_INCOME":null,"NET_INTEREST_INCOME_YOY":null,"FEE_COMMISSION_INCOME":null,"FEE_COMMISSION_INCOME_YOY":null,"ACCOUNTS_RECE_TDAYS":8.800112404045,"INVENTORY_TDAYS":null,"CURRENT_ASSETS_TDAYS":1.450207302517,"TOTAL_ASSETS_TDAYS":0.818016566402,"PREMIUM_EXPENSE":null,"LOAN_DEPOSIT":null,"LOAN_EQUITY":null,"LOAN_ASSETS":null,"DEPOSIT_EQUITY":null,"DEPOSIT_ASSETS":null,"EQUITY_MULTIPLIER":2.275212180288,"EQUITY_RATIO":1.27521218029},{"SECUCODE":"03928.HK","SECURITY_CODE":"03928","SECURITY_NAME_ABBR":"中国新零售供应链","ORG_CODE":"10999424","STD_REPORT_DATE":"2023-06-30 00:00:00","REPORT_DATE":"2023-03-31 00:00:00","DATE_TYPE_CODE":"002","REPORT_TYPE":"2023年中报","PER_NETCASH_OPERATE":0.022647706617,"PER_OI":0.343828103783,"BPS":0.315696845717,"BASIC_EPS":0.0031056,"DILUTED_EPS":0.0031056,"OPERATE_INCOME":165037489.816,"OPERATE_INCOME_YOY":3.7086990511,"GROSS_PROFIT":9245143.456,"GROSS_PROFIT_YOY":207.153584433162,"HOLDER_PROFIT":1450584.352,"HOLDER_PROFIT_YOY":109.884891655,"GROSS_PROFIT_RATIO":5.601844445348,"EPS_TTM":0.01527801588,"OPERATE_INCOME_QOQ":0,"NET_PROFIT_RATIO":0.8789423261,"ROE_AVG":0.961867321054,"GROSS_PROFIT_QOQ":0,"ROA":0.403728005723,"HOLDER_PROFIT_QOQ":0,"ROE_YEARLY":1.923734642109,"ROIC_YEARLY":0.925922622033,"TOTAL_ASSETS":338469923.68,"TOTAL_LIABILITIES":186935437.736,"TAX_EBT":-933.720630002582,"OCF_SALES":6.586927120692,"TOTAL_PARENT_EQUITY":151534485.944,"DEBT_ASSET_RATIO":55.2295565005,"OPERATE_PROFIT":3013156.64,"PRETAX_PROFIT":140326.536,"NETCASH_OPERATE":10870899.176,"NETCASH_INVEST":26198334.352,"NETCASH_FINANCE":-34875225.472,"END_CASH":45572267.984,"DIVI_RATIO":null,"DIVIDEND_RATE":null,"CURRENT_RATIO":1.398869220086,"COMMON_ACS":1000000000,"CURRENTDEBT_DEBT":74.583547355478,"ISSUED_COMMON_SHARES":480000000,"HK_COMMON_SHARES":480000000,"PER_SHARES":2000,"TOTAL_MARKET_CAP":1046400000,"HKSK_MARKET_CAP":1046400000,"PE_TTM":-219.87150786354,"PB_TTM":6.344575350811,"REPORT_DATE_SQ":"2022-06-30 00:00:00","REPORT_TYPE_SQ":"2022年中报","OPERATE_INCOME_SQ":144291988.146,"DPS_HKD":null,"OPERATE_INCOME_QOQ_SQ":0,"NET_PROFIT_RATIO_SQ":-9.2215441876,"HOLDER_PROFIT_SQ":-13305949.446,"HOLDER_PROFIT_QOQ_SQ":0,"ROE_AVG_SQ":-9.752315897908,"PE_TTM_SQ":68.666804461047,"PB_TTM_SQ":4.223074454865,"ROA_SQ":-3.863230371904,"START_DATE":"2022-10-01 00:00:00","FISCAL_YEAR":"9-30","CURRENCY":"HKD","IS_CNY_CODE":0,"DPS_HKD_LY":null,"ORG_TYPE":"一般企业","PREMIUM_INCOME":null,"PREMIUM_INCOME_YOY":null,"NET_INTEREST_INCOME":null,"NET_INTEREST_INCOME_YOY":null,"FEE_COMMISSION_INCOME":null,"FEE_COMMISSION_INCOME_YOY":null,"ACCOUNTS_RECE_TDAYS":4.512199051558,"INVENTORY_TDAYS":null,"CURRENT_ASSETS_TDAYS":0.805456726047,"TOTAL_ASSETS_TDAYS":0.459333899067,"PREMIUM_EXPENSE":null,"LOAN_DEPOSIT":null,"LOAN_EQUITY":null,"LOAN_ASSETS":null,"DEPOSIT_EQUITY":null,"DEPOSIT_ASSETS":null,"EQUITY_MULTIPLIER":2.233616470677,"EQUITY_RATIO":1.233616470676},{"SECUCODE":"03928.HK","SECURITY_CODE":"03928","SECURITY_NAME_ABBR":"中国新零售供应链","ORG_CODE":"10999424","STD_REPORT_DATE":"2022-12-31 00:00:00","REPORT_DATE":"2022-09-30 00:00:00","DATE_TYPE_CODE":"001","REPORT_TYPE":"2022年年报","PER_NETCASH_OPERATE":0.014419038275,"PER_OI":0.694930470963,"BPS":0.300333322685,"BASIC_EPS":-0.01541227,"DILUTED_EPS":-0.01541227,"OPERATE_INCOME":333566626.0624,"OPERATE_INCOME_YOY":41.4633914925,"GROSS_PROFIT":15994580.3625,"GROSS_PROFIT_YOY":166.713351778047,"HOLDER_PROFIT":-7423086.1756,"HOLDER_PROFIT_YOY":86.6626552238,"GROSS_PROFIT_RATIO":4.795018180119,"EPS_TTM":-0.015464762866,"OPERATE_INCOME_QOQ":0,"NET_PROFIT_RATIO":-2.2253683659,"ROE_AVG":-5.019956022078,"GROSS_PROFIT_QOQ":0,"ROA":-2.001768058539,"HOLDER_PROFIT_QOQ":0,"ROE_YEARLY":-5.019956022078,"ROIC_YEARLY":-2.281048630811,"TOTAL_ASSETS":365121165.7451,"TOTAL_LIABILITIES":220961170.8562,"TAX_EBT":-2.703178632108,"OCF_SALES":2.074889341779,"TOTAL_PARENT_EQUITY":144159994.8889,"DEBT_ASSET_RATIO":60.5172177311,"OPERATE_PROFIT":1437049.9982,"PRETAX_PROFIT":-7227708.309,"NETCASH_OPERATE":6921138.3719,"NETCASH_INVEST":18646554.7463,"NETCASH_FINANCE":-28807382.1024,"END_CASH":44537746.4401,"DIVI_RATIO":null,"DIVIDEND_RATE":null,"CURRENT_RATIO":1.372882392306,"COMMON_ACS":1000000000,"CURRENTDEBT_DEBT":68.002138701685,"ISSUED_COMMON_SHARES":480000000,"HK_COMMON_SHARES":480000000,"PER_SHARES":2000,"TOTAL_MARKET_CAP":1046400000,"HKSK_MARKET_CAP":1046400000,"PE_TTM":-219.87150786354,"PB_TTM":6.344575350811,"REPORT_DATE_SQ":"2021-12-31 00:00:00","REPORT_TYPE_SQ":"2021年年报","OPERATE_INCOME_SQ":225908425.6208,"DPS_HKD":null,"OPERATE_INCOME_QOQ_SQ":0,"NET_PROFIT_RATIO_SQ":-23.6035104171,"HOLDER_PROFIT_SQ":-53322318.7744,"HOLDER_PROFIT_QOQ_SQ":0,"ROE_AVG_SQ":-31.021684393607,"PE_TTM_SQ":68.666804461047,"PB_TTM_SQ":4.223074454865,"ROA_SQ":-14.240438546771,"START_DATE":"2021-10-01 00:00:00","FISCAL_YEAR":"9-30","CURRENCY":"HKD","IS_CNY_CODE":0,"DPS_HKD_LY":null,"ORG_TYPE":"一般企业","PREMIUM_INCOME":null,"PREMIUM_INCOME_YOY":null,"NET_INTEREST_INCOME":null,"NET_INTEREST_INCOME_YOY":null,"FEE_COMMISSION_INCOME":null,"FEE_COMMISSION_INCOME_YOY":null,"ACCOUNTS_RECE_TDAYS":8.077472768521,"INVENTORY_TDAYS":null,"CURRENT_ASSETS_TDAYS":1.656955116774,"TOTAL_ASSETS_TDAYS":0.899522114725,"PREMIUM_EXPENSE":null,"LOAN_DEPOSIT":null,"LOAN_EQUITY":null,"LOAN_ASSETS":null,"DEPOSIT_EQUITY":null,"DEPOSIT_ASSETS":null,"EQUITY_MULTIPLIER":2.532749574712,"EQUITY_RATIO":1.53274957471},{"SECUCODE":"03928.HK","SECURITY_CODE":"03928","SECURITY_NAME_ABBR":"中国新零售供应链","ORG_CODE":"10999424","STD_REPORT_DATE":"2022-06-30 00:00:00","REPORT_DATE":"2022-03-31 00:00:00","DATE_TYPE_CODE":"002","REPORT_TYPE":"2022年中报","PER_NETCASH_OPERATE":0.023109033253,"PER_OI":0.300608308638,"BPS":0.270387278325,"BASIC_EPS":-0.02768988,"DILUTED_EPS":-0.02768988,"OPERATE_INCOME":144291988.146,"OPERATE_INCOME_YOY":39.1080838991,"GROSS_PROFIT":3009941.5812,"GROSS_PROFIT_YOY":115.830864801922,"HOLDER_PROFIT":-13305949.446,"HOLDER_PROFIT_YOY":61.1117428298,"GROSS_PROFIT_RATIO":2.086007421392,"EPS_TTM":-0.064737239406,"OPERATE_INCOME_QOQ":0,"NET_PROFIT_RATIO":-9.2215441876,"ROE_AVG":-9.752315897908,"GROSS_PROFIT_QOQ":0,"ROA":-3.863230371904,"HOLDER_PROFIT_QOQ":0,"ROE_YEARLY":-19.504631795817,"ROIC_YEARLY":-8.797101608129,"TOTAL_ASSETS":333411338.9112,"TOTAL_LIABILITIES":203625445.3152,"TAX_EBT":-1.405579756046,"OCF_SALES":7.687423330793,"TOTAL_PARENT_EQUITY":129785893.596,"DEBT_ASSET_RATIO":61.0733414107,"OPERATE_PROFIT":-10374933.4092,"PRETAX_PROFIT":-13121516.0724,"NETCASH_OPERATE":11092335.9612,"NETCASH_INVEST":354336.6,"NETCASH_FINANCE":-14478240.408,"END_CASH":40160852.8476,"DIVI_RATIO":null,"DIVIDEND_RATE":null,"CURRENT_RATIO":1.299916674205,"COMMON_ACS":1000000000,"CURRENTDEBT_DEBT":64.564770697145,"ISSUED_COMMON_SHARES":480000000,"HK_COMMON_SHARES":480000000,"PER_SHARES":2000,"TOTAL_MARKET_CAP":1046400000,"HKSK_MARKET_CAP":1046400000,"PE_TTM":-219.87150786354,"PB_TTM":6.344575350811,"REPORT_DATE_SQ":"2021-06-30 00:00:00","REPORT_TYPE_SQ":"2021年中报","OPERATE_INCOME_SQ":107784356.2368,"DPS_HKD":null,"OPERATE_INCOME_QOQ_SQ":0,"NET_PROFIT_RATIO_SQ":-32.9865989342,"HOLDER_PROFIT_SQ":-35554393.3056,"HOLDER_PROFIT_QOQ_SQ":0,"ROE_AVG_SQ":-19.166118199217,"PE_TTM_SQ":68.666804461047,"PB_TTM_SQ":4.223074454865,"ROA_SQ":-9.312233003188,"START_DATE":"2021-10-01 00:00:00","FISCAL_YEAR":"9-30","CURRENCY":"HKD","IS_CNY_CODE":0,"DPS_HKD_LY":null,"ORG_TYPE":"一般企业","PREMIUM_INCOME":null,"PREMIUM_INCOME_YOY":null,"NET_INTEREST_INCOME":null,"NET_INTEREST_INCOME_YOY":null,"FEE_COMMISSION_INCOME":null,"FEE_COMMISSION_INCOME_YOY":null,"ACCOUNTS_RECE_TDAYS":4.223364253483,"INVENTORY_TDAYS":null,"CURRENT_ASSETS_TDAYS":0.810080467495,"TOTAL_ASSETS_TDAYS":0.418935299048,"PREMIUM_EXPENSE":null,"LOAN_DEPOSIT":null,"LOAN_EQUITY":null,"LOAN_ASSETS":null,"DEPOSIT_EQUITY":null,"DEPOSIT_ASSETS":null,"EQUITY_MULTIPLIER":2.568933569538,"EQUITY_RATIO":1.568933569538},{"SECUCODE":"03928.HK","SECURITY_CODE":"03928","SECURITY_NAME_ABBR":"中国新零售供应链","ORG_CODE":"10999424","STD_REPORT_DATE":"2021-12-31 00:00:00","REPORT_DATE":"2021-09-30 00:00:00","DATE_TYPE_CODE":"001","REPORT_TYPE":"2021年年报","PER_NETCASH_OPERATE":0.017587351903,"PER_OI":0.470642553377,"BPS":0.302554345817,"BASIC_EPS":-0.11098256,"DILUTED_EPS":-0.11098256,"OPERATE_INCOME":225908425.6208,"OPERATE_INCOME_YOY":14.2202482561,"GROSS_PROFIT":-23975081.3536,"GROSS_PROFIT_YOY":-135.930531892296,"HOLDER_PROFIT":-53322318.7744,"HOLDER_PROFIT_YOY":-57.9468649472,"GROSS_PROFIT_RATIO":-10.612743321864,"EPS_TTM":-0.111088164113,"OPERATE_INCOME_QOQ":0,"NET_PROFIT_RATIO":-23.6035104171,"ROE_AVG":-31.021684393607,"GROSS_PROFIT_QOQ":0,"ROA":-14.240438546771,"HOLDER_PROFIT_QOQ":0,"ROE_YEARLY":-31.021684393607,"ROIC_YEARLY":-16.244863649176,"TOTAL_ASSETS":360741056.7904,"TOTAL_LIABILITIES":215514970.7984,"TAX_EBT":1.214740167486,"OCF_SALES":3.736880946517,"TOTAL_PARENT_EQUITY":145226085.992,"DEBT_ASSET_RATIO":59.7422906935,"OPERATE_PROFIT":-48086028.224,"PRETAX_PROFIT":-53978011.36,"NETCASH_OPERATE":8441928.9136,"NETCASH_INVEST":4246602.3808,"NETCASH_FINANCE":-15919843.3056,"END_CASH":44326358.2528,"DIVI_RATIO":null,"DIVIDEND_RATE":null,"CURRENT_RATIO":1.386361392805,"COMMON_ACS":1000000000,"CURRENTDEBT_DEBT":62.957376609035,"ISSUED_COMMON_SHARES":480000000,"HK_COMMON_SHARES":480000000,"PER_SHARES":2000,"TOTAL_MARKET_CAP":1430400000,"HKSK_MARKET_CAP":1430400000,"PE_TTM":-300.558299740069,"PB_TTM":8.672859883219,"REPORT_DATE_SQ":"2020-12-31 00:00:00","REPORT_TYPE_SQ":"2020年年报","OPERATE_INCOME_SQ":206656669.7499,"DPS_HKD":null,"OPERATE_INCOME_QOQ_SQ":0,"NET_PROFIT_RATIO_SQ":-17.0690239433,"HOLDER_PROFIT_SQ":-35274276.44,"HOLDER_PROFIT_QOQ_SQ":0,"ROE_AVG_SQ":-15.670952623714,"PE_TTM_SQ":82.789764243816,"PB_TTM_SQ":5.091650051965,"ROA_SQ":-7.641912998886,"START_DATE":"2020-10-01 00:00:00","FISCAL_YEAR":"9-30","CURRENCY":"HKD","IS_CNY_CODE":0,"DPS_HKD_LY":null,"ORG_TYPE":"一般企业","PREMIUM_INCOME":null,"PREMIUM_INCOME_YOY":null,"NET_INTEREST_INCOME":null,"NET_INTEREST_INCOME_YOY":null,"FEE_COMMISSION_INCOME":null,"FEE_COMMISSION_INCOME_YOY":null,"ACCOUNTS_RECE_TDAYS":6.300264601748,"INVENTORY_TDAYS":null,"CURRENT_ASSETS_TDAYS":1.156119221163,"TOTAL_ASSETS_TDAYS":0.603318671467,"PREMIUM_EXPENSE":null,"LOAN_DEPOSIT":null,"LOAN_EQUITY":null,"LOAN_ASSETS":null,"DEPOSIT_EQUITY":null,"DEPOSIT_ASSETS":null,"EQUITY_MULTIPLIER":2.483996276059,"EQUITY_RATIO":1.483996276057},{"SECUCODE":"03928.HK","SECURITY_CODE":"03928","SECURITY_NAME_ABBR":"中国新零售供应链","ORG_CODE":"10999424","STD_REPORT_DATE":"2021-06-30 00:00:00","REPORT_DATE":"2021-03-31 00:00:00","DATE_TYPE_CODE":"002","REPORT_TYPE":"2021年中报","PER_NETCASH_OPERATE":0.00635958088,"PER_OI":0.22455074216,"BPS":0.3494360296,"BASIC_EPS":-0.07412736,"DILUTED_EPS":-0.07412736,"OPERATE_INCOME":107784356.2368,"OPERATE_INCOME_YOY":-30.1215435397,"GROSS_PROFIT":-19013121.6384,"GROSS_PROFIT_YOY":-180.083929092086,"HOLDER_PROFIT":-35554393.3056,"HOLDER_PROFIT_YOY":-527.8361943706,"GROSS_PROFIT_RATIO":-17.639964000554,"EPS_TTM":-0.16521220444,"OPERATE_INCOME_QOQ":0,"NET_PROFIT_RATIO":-32.9865989342,"ROE_AVG":-19.166118199217,"GROSS_PROFIT_QOQ":0,"ROA":-9.312233003188,"HOLDER_PROFIT_QOQ":0,"ROE_YEARLY":-38.332236398433,"ROIC_YEARLY":-21.291322021405,"TOTAL_ASSETS":366204261.8496,"TOTAL_LIABILITIES":198474967.6416,"TAX_EBT":-0.804080215553,"OCF_SALES":2.832135319984,"TOTAL_PARENT_EQUITY":167729294.208,"DEBT_ASSET_RATIO":54.1978858026,"OPERATE_PROFIT":-32226742.9632,"PRETAX_PROFIT":-35270787.8784,"NETCASH_OPERATE":3052598.8224,"NETCASH_INVEST":958315.584,"NETCASH_FINANCE":-5934524.2752,"END_CASH":46421927.5776,"DIVI_RATIO":null,"DIVIDEND_RATE":null,"CURRENT_RATIO":1.690975021569,"COMMON_ACS":1000000000,"CURRENTDEBT_DEBT":54.219552527512,"ISSUED_COMMON_SHARES":480000000,"HK_COMMON_SHARES":480000000,"PER_SHARES":2000,"TOTAL_MARKET_CAP":1046400000,"HKSK_MARKET_CAP":1046400000,"PE_TTM":-219.87150786354,"PB_TTM":6.344575350811,"REPORT_DATE_SQ":"2020-06-30 00:00:00","REPORT_TYPE_SQ":"2020年中报","OPERATE_INCOME_SQ":157269150.6356,"DPS_HKD":null,"OPERATE_INCOME_QOQ_SQ":0,"NET_PROFIT_RATIO_SQ":5.9778640962,"HOLDER_PROFIT_SQ":8473188.3856,"HOLDER_PROFIT_QOQ_SQ":0,"ROE_AVG_SQ":3.745684506265,"PE_TTM_SQ":68.666804461047,"PB_TTM_SQ":4.223074454865,"ROA_SQ":1.95450632589,"START_DATE":"2020-10-01 00:00:00","FISCAL_YEAR":"9-30","CURRENCY":"HKD","IS_CNY_CODE":0,"DPS_HKD_LY":null,"ORG_TYPE":"一般企业","PREMIUM_INCOME":null,"PREMIUM_INCOME_YOY":null,"NET_INTEREST_INCOME":null,"NET_INTEREST_INCOME_YOY":null,"FEE_COMMISSION_INCOME":null,"FEE_COMMISSION_INCOME_YOY":null,"ACCOUNTS_RECE_TDAYS":3.016071947016,"INVENTORY_TDAYS":null,"CURRENT_ASSETS_TDAYS":0.55344481,"TOTAL_ASSETS_TDAYS":0.282303520341,"PREMIUM_EXPENSE":null,"LOAN_DEPOSIT":null,"LOAN_EQUITY":null,"LOAN_ASSETS":null,"DEPOSIT_EQUITY":null,"DEPOSIT_ASSETS":null,"EQUITY_MULTIPLIER":2.183305328855,"EQUITY_RATIO":1.183305328856},{"SECUCODE":"03928.HK","SECURITY_CODE":"03928","SECURITY_NAME_ABBR":"中国新零售供应链","ORG_CODE":"10999424","STD_REPORT_DATE":"2020-12-31 00:00:00","REPORT_DATE":"2020-09-30 00:00:00","DATE_TYPE_CODE":"001","REPORT_TYPE":"2020年年报","PER_NETCASH_OPERATE":-0.050316521211,"PER_OI":0.430534728646,"BPS":0.432200497076,"BASIC_EPS":-0.07365812,"DILUTED_EPS":-0.07365812,"OPERATE_INCOME":206656669.7499,"OPERATE_INCOME_YOY":-52.3225536644,"GROSS_PROFIT":-10161924.0042,"GROSS_PROFIT_YOY":-114.799990771573,"HOLDER_PROFIT":-35274276.44,"HOLDER_PROFIT_YOY":-614.9270430418,"GROSS_PROFIT_RATIO":-4.917297862439,"EPS_TTM":-0.073488075917,"OPERATE_INCOME_QOQ":0,"NET_PROFIT_RATIO":-17.0690239433,"ROE_AVG":-15.670952623714,"GROSS_PROFIT_QOQ":0,"ROA":-7.641912998886,"HOLDER_PROFIT_QOQ":0,"ROE_YEARLY":-15.670952623714,"ROIC_YEARLY":-9.177834865803,"TOTAL_ASSETS":405558891.3326,"TOTAL_LIABILITIES":198102652.7363,"TAX_EBT":0.960062490349,"OCF_SALES":-11.686983154538,"TOTAL_PARENT_EQUITY":207456238.5963,"DEBT_ASSET_RATIO":48.8468276667,"OPERATE_PROFIT":-29061632.0776,"PRETAX_PROFIT":-35616214.3545,"NETCASH_OPERATE":-24151930.1814,"NETCASH_INVEST":-11477159.4134,"NETCASH_FINANCE":-17991757.2757,"END_CASH":50234335.1731,"DIVI_RATIO":null,"DIVIDEND_RATE":null,"CURRENT_RATIO":1.842292488271,"COMMON_ACS":1000000000,"CURRENTDEBT_DEBT":58.031555133302,"ISSUED_COMMON_SHARES":480000000,"HK_COMMON_SHARES":480000000,"PER_SHARES":2000,"TOTAL_MARKET_CAP":1430400000,"HKSK_MARKET_CAP":1430400000,"PE_TTM":-300.558299740069,"PB_TTM":8.672859883219,"REPORT_DATE_SQ":"2019-12-31 00:00:00","REPORT_TYPE_SQ":"2019年年报","OPERATE_INCOME_SQ":447260205.946,"DPS_HKD":null,"OPERATE_INCOME_QOQ_SQ":0,"NET_PROFIT_RATIO_SQ":5.0151768159,"HOLDER_PROFIT_SQ":7068645.994,"HOLDER_PROFIT_QOQ_SQ":0,"ROE_AVG_SQ":12.307503480108,"PE_TTM_SQ":82.789764243816,"PB_TTM_SQ":5.091650051965,"ROA_SQ":5.318232507026,"START_DATE":"2019-10-01 00:00:00","FISCAL_YEAR":"9-30","CURRENCY":"HKD","IS_CNY_CODE":0,"DPS_HKD_LY":null,"ORG_TYPE":"一般企业","PREMIUM_INCOME":null,"PREMIUM_INCOME_YOY":null,"NET_INTEREST_INCOME":null,"NET_INTEREST_INCOME_YOY":null,"FEE_COMMISSION_INCOME":null,"FEE_COMMISSION_INCOME_YOY":null,"ACCOUNTS_RECE_TDAYS":4.784611941085,"INVENTORY_TDAYS":null,"CURRENT_ASSETS_TDAYS":0.745066057075,"TOTAL_ASSETS_TDAYS":0.447706501806,"PREMIUM_EXPENSE":null,"LOAN_DEPOSIT":null,"LOAN_EQUITY":null,"LOAN_ASSETS":null,"DEPOSIT_EQUITY":null,"DEPOSIT_ASSETS":null,"EQUITY_MULTIPLIER":1.954912969003,"EQUITY_RATIO":0.954912969004}],"count":15},"success":true,"message":"ok","code":0}