{"version":"f1de3a686398bc2d30992d50f0872fd8","result":{"pages":2,"data":[{"SECUCODE":"03931.HK","SECURITY_CODE":"03931","SECURITY_NAME_ABBR":"中创新航","ORG_CODE":"10502457","STD_REPORT_DATE":"2024-06-30 00:00:00","REPORT_DATE":"2024-06-30 00:00:00","DATE_TYPE_CODE":"002","REPORT_TYPE":"2024年中报","PER_NETCASH_OPERATE":0.70810172338,"PER_OI":7.035616954141,"BPS":19.655716007267,"BASIC_EPS":0.1405,"DILUTED_EPS":0.1405,"OPERATE_INCOME":12469237000,"OPERATE_INCOME_YOY":1.4195127141,"GROSS_PROFIT":1948130000,"GROSS_PROFIT_YOY":65.226683855428,"HOLDER_PROFIT":248987000,"HOLDER_PROFIT_YOY":69.937276903,"GROSS_PROFIT_RATIO":15.623490033913,"EPS_TTM":0.223916145102,"OPERATE_INCOME_QOQ":0.646248030753,"NET_PROFIT_RATIO":3.346684324,"ROE_AVG":0.716697426297,"GROSS_PROFIT_QOQ":21.901211954488,"ROA":0.229807774035,"HOLDER_PROFIT_QOQ":34.809105330919,"ROE_YEARLY":1.433394852595,"ROIC_YEARLY":0.56720377936,"TOTAL_ASSETS":111262513000,"TOTAL_LIABILITIES":63893929000,"TAX_EBT":-15.557537023294,"OCF_SALES":10.064529208964,"TOTAL_PARENT_EQUITY":34835862000,"DEBT_ASSET_RATIO":57.4262860664,"OPERATE_PROFIT":658774000,"PRETAX_PROFIT":361124000,"NETCASH_OPERATE":1254970000,"NETCASH_INVEST":-8408291000,"NETCASH_FINANCE":8326627000,"END_CASH":8995866000,"DIVI_RATIO":null,"DIVIDEND_RATE":null,"CURRENT_RATIO":0.894360956943,"COMMON_ACS":null,"CURRENTDEBT_DEBT":55.968763479861,"ISSUED_COMMON_SHARES":1772301858,"HK_COMMON_SHARES":611668105,"PER_SHARES":100,"TOTAL_MARKET_CAP":25769269015.32,"HKSK_MARKET_CAP":8893654246.7,"PE_TTM":58.735571717942,"PB_TTM":0.675140360956,"REPORT_DATE_SQ":"2023-06-30 00:00:00","REPORT_TYPE_SQ":"2023年中报","OPERATE_INCOME_SQ":12294712000,"DPS_HKD":null,"OPERATE_INCOME_QOQ_SQ":15.349795842364,"NET_PROFIT_RATIO_SQ":2.1674928213,"HOLDER_PROFIT_SQ":146517000,"HOLDER_PROFIT_QOQ_SQ":-2.920942821698,"ROE_AVG_SQ":0.425431572756,"PE_TTM_SQ":30.009349633699,"PB_TTM_SQ":0.592040195752,"ROA_SQ":0.153628998703,"START_DATE":"2024-01-01 00:00:00","FISCAL_YEAR":"12-31","CURRENCY":"HKD","IS_CNY_CODE":0,"DPS_HKD_LY":null,"ORG_TYPE":"一般企业","PREMIUM_INCOME":null,"PREMIUM_INCOME_YOY":null,"NET_INTEREST_INCOME":null,"NET_INTEREST_INCOME_YOY":null,"FEE_COMMISSION_INCOME":null,"FEE_COMMISSION_INCOME_YOY":null,"ACCOUNTS_RECE_TDAYS":1.635363603445,"INVENTORY_TDAYS":1.797326160729,"CURRENT_ASSETS_TDAYS":0.389092529213,"TOTAL_ASSETS_TDAYS":0.115087438255,"PREMIUM_EXPENSE":null,"LOAN_DEPOSIT":null,"LOAN_EQUITY":null,"LOAN_ASSETS":null,"DEPOSIT_EQUITY":null,"DEPOSIT_ASSETS":null,"EQUITY_MULTIPLIER":2.348867194344,"EQUITY_RATIO":1.834142327237},{"SECUCODE":"03931.HK","SECURITY_CODE":"03931","SECURITY_NAME_ABBR":"中创新航","ORG_CODE":"10502457","STD_REPORT_DATE":"2023-12-31 00:00:00","REPORT_DATE":"2023-12-31 00:00:00","DATE_TYPE_CODE":"001","REPORT_TYPE":"2023年年报","PER_NETCASH_OPERATE":1.636384900749,"PER_OI":15.237745691062,"BPS":19.548532234287,"BASIC_EPS":0.1661,"DILUTED_EPS":0.1661,"OPERATE_INCOME":27005885000,"OPERATE_INCOME_YOY":32.5445981638,"GROSS_PROFIT":3511518000,"GROSS_PROFIT_YOY":66.93532745113,"HOLDER_PROFIT":294377000,"HOLDER_PROFIT_YOY":-57.4369673783,"GROSS_PROFIT_RATIO":13.002788096002,"EPS_TTM":0.166098680465,"OPERATE_INCOME_QOQ":14.906660385337,"NET_PROFIT_RATIO":1.6187693904,"ROE_AVG":0.852954930182,"GROSS_PROFIT_QOQ":45.578925635938,"ROA":0.300553919535,"HOLDER_PROFIT_QOQ":-56.156318511105,"ROE_YEARLY":0.852954930182,"ROIC_YEARLY":0.372186645249,"TOTAL_ASSETS":105429025000,"TOTAL_LIABILITIES":59043235000,"TAX_EBT":-0.821027529791,"OCF_SALES":10.739022253853,"TOTAL_PARENT_EQUITY":34645900000,"DEBT_ASSET_RATIO":56.0028274946,"OPERATE_PROFIT":764199000,"PRETAX_PROFIT":433603000,"NETCASH_OPERATE":2900168000,"NETCASH_INVEST":-19930087000,"NETCASH_FINANCE":13898222000,"END_CASH":7833962000,"DIVI_RATIO":null,"DIVIDEND_RATE":null,"CURRENT_RATIO":0.872073489968,"COMMON_ACS":null,"CURRENTDEBT_DEBT":62.363556129673,"ISSUED_COMMON_SHARES":1772301858,"HK_COMMON_SHARES":611668105,"PER_SHARES":100,"TOTAL_MARKET_CAP":23039924154,"HKSK_MARKET_CAP":7951685365,"PE_TTM":52.514610201736,"PB_TTM":0.603633060002,"REPORT_DATE_SQ":"2022-12-31 00:00:00","REPORT_TYPE_SQ":"2022年年报","OPERATE_INCOME_SQ":20374942000,"DPS_HKD":null,"OPERATE_INCOME_QOQ_SQ":111.117133507125,"NET_PROFIT_RATIO_SQ":3.4038722662,"HOLDER_PROFIT_SQ":691626000,"HOLDER_PROFIT_QOQ_SQ":398.846694796062,"ROE_AVG_SQ":2.362868742793,"PE_TTM_SQ":44.653912254945,"PB_TTM_SQ":0.880955811279,"ROA_SQ":1.070959502297,"START_DATE":"2023-01-01 00:00:00","FISCAL_YEAR":"12-31","CURRENCY":"HKD","IS_CNY_CODE":0,"DPS_HKD_LY":null,"ORG_TYPE":"一般企业","PREMIUM_INCOME":null,"PREMIUM_INCOME_YOY":null,"NET_INTEREST_INCOME":null,"NET_INTEREST_INCOME_YOY":null,"FEE_COMMISSION_INCOME":null,"FEE_COMMISSION_INCOME_YOY":null,"ACCOUNTS_RECE_TDAYS":4.440018272448,"INVENTORY_TDAYS":2.479915599322,"CURRENT_ASSETS_TDAYS":0.777478147657,"TOTAL_ASSETS_TDAYS":0.27572550122,"PREMIUM_EXPENSE":null,"LOAN_DEPOSIT":null,"LOAN_EQUITY":null,"LOAN_ASSETS":null,"DEPOSIT_EQUITY":null,"DEPOSIT_ASSETS":null,"EQUITY_MULTIPLIER":2.272873330388,"EQUITY_RATIO":1.704191116409},{"SECUCODE":"03931.HK","SECURITY_CODE":"03931","SECURITY_NAME_ABBR":"中创新航","ORG_CODE":"10502457","STD_REPORT_DATE":"2023-06-30 00:00:00","REPORT_DATE":"2023-06-30 00:00:00","DATE_TYPE_CODE":"002","REPORT_TYPE":"2023年中报","PER_NETCASH_OPERATE":-1.537484141147,"PER_OI":6.937143322681,"BPS":19.466161390212,"BASIC_EPS":0.0827,"DILUTED_EPS":0.0827,"OPERATE_INCOME":12294712000,"OPERATE_INCOME_YOY":34.1163277773,"GROSS_PROFIT":1179065000,"GROSS_PROFIT_YOY":35.450137223299,"HOLDER_PROFIT":146517000,"HOLDER_PROFIT_YOY":-12.1173951379,"GROSS_PROFIT_RATIO":9.590017236679,"EPS_TTM":0.37884291379,"OPERATE_INCOME_QOQ":15.349795842364,"NET_PROFIT_RATIO":2.1674928213,"ROE_AVG":0.425431572756,"GROSS_PROFIT_QOQ":14.669981744885,"ROA":0.153628998703,"HOLDER_PROFIT_QOQ":-2.920942821698,"ROE_YEARLY":0.850863145512,"ROIC_YEARLY":0.38115151803,"TOTAL_ASSETS":100280715000,"TOTAL_LIABILITIES":55374690000,"TAX_EBT":-17.670929226204,"OCF_SALES":-22.163073034976,"TOTAL_PARENT_EQUITY":34499914000,"DEBT_ASSET_RATIO":55.2196800751,"OPERATE_PROFIT":364776000,"PRETAX_PROFIT":226468000,"NETCASH_OPERATE":-2724886000,"NETCASH_INVEST":-13688636000,"NETCASH_FINANCE":13893847000,"END_CASH":8444794000,"DIVI_RATIO":null,"DIVIDEND_RATE":null,"CURRENT_RATIO":1.00666868822,"COMMON_ACS":null,"CURRENTDEBT_DEBT":60.012747701161,"ISSUED_COMMON_SHARES":1772301858,"HK_COMMON_SHARES":611668105,"PER_SHARES":100,"TOTAL_MARKET_CAP":23039924154,"HKSK_MARKET_CAP":7951685365,"PE_TTM":52.514610201736,"PB_TTM":0.603633060002,"REPORT_DATE_SQ":"2022-06-30 00:00:00","REPORT_TYPE_SQ":"2022年中报","OPERATE_INCOME_SQ":9167200000,"DPS_HKD":null,"OPERATE_INCOME_QOQ_SQ":0,"NET_PROFIT_RATIO_SQ":1.8074766559,"HOLDER_PROFIT_SQ":166719000,"HOLDER_PROFIT_QOQ_SQ":0,"ROE_AVG_SQ":null,"PE_TTM_SQ":44.653912254945,"PB_TTM_SQ":0.880955811279,"ROA_SQ":null,"START_DATE":"2023-01-01 00:00:00","FISCAL_YEAR":"12-31","CURRENCY":"HKD","IS_CNY_CODE":0,"DPS_HKD_LY":null,"ORG_TYPE":"一般企业","PREMIUM_INCOME":null,"PREMIUM_INCOME_YOY":null,"NET_INTEREST_INCOME":null,"NET_INTEREST_INCOME_YOY":null,"FEE_COMMISSION_INCOME":null,"FEE_COMMISSION_INCOME_YOY":null,"ACCOUNTS_RECE_TDAYS":2.178192162683,"INVENTORY_TDAYS":1.018534881392,"CURRENT_ASSETS_TDAYS":0.347244817553,"TOTAL_ASSETS_TDAYS":0.128915026509,"PREMIUM_EXPENSE":null,"LOAN_DEPOSIT":null,"LOAN_EQUITY":null,"LOAN_ASSETS":null,"DEPOSIT_EQUITY":null,"DEPOSIT_ASSETS":null,"EQUITY_MULTIPLIER":2.233123840288,"EQUITY_RATIO":1.605067479299},{"SECUCODE":"03931.HK","SECURITY_CODE":"03931","SECURITY_NAME_ABBR":"中创新航","ORG_CODE":"10502457","STD_REPORT_DATE":"2022-12-31 00:00:00","REPORT_DATE":"2022-12-31 00:00:00","DATE_TYPE_CODE":"001","REPORT_TYPE":"2022年年报","PER_NETCASH_OPERATE":1.190008344504,"PER_OI":11.496315883228,"BPS":19.398116548158,"BASIC_EPS":0.4408,"DILUTED_EPS":0.4408,"OPERATE_INCOME":20374942000,"OPERATE_INCOME_YOY":198.8792473062,"GROSS_PROFIT":2103520000,"GROSS_PROFIT_YOY":311.688032097074,"HOLDER_PROFIT":691626000,"HOLDER_PROFIT_YOY":393.9162602032,"GROSS_PROFIT_RATIO":10.324053928595,"EPS_TTM":0.39024164923,"OPERATE_INCOME_QOQ":111.117133507125,"NET_PROFIT_RATIO":3.4038722662,"ROE_AVG":2.362868742793,"GROSS_PROFIT_QOQ":276.555166105166,"ROA":1.070959502297,"HOLDER_PROFIT_QOQ":398.846694796062,"ROE_YEARLY":2.362868742793,"ROIC_YEARLY":1.291571562116,"TOTAL_ASSETS":90460618000,"TOTAL_LIABILITIES":48885159000,"TAX_EBT":-7.420693372489,"OCF_SALES":10.351214742108,"TOTAL_PARENT_EQUITY":34379318000,"DEBT_ASSET_RATIO":54.0402664505,"OPERATE_PROFIT":711659000,"PRETAX_PROFIT":645627000,"NETCASH_OPERATE":2109054000,"NETCASH_INVEST":-23996069000,"NETCASH_FINANCE":29760560000,"END_CASH":10931814000,"DIVI_RATIO":null,"DIVIDEND_RATE":null,"CURRENT_RATIO":1.139878042838,"COMMON_ACS":null,"CURRENTDEBT_DEBT":67.044787560167,"ISSUED_COMMON_SHARES":1772301858,"HK_COMMON_SHARES":611668105,"PER_SHARES":100,"TOTAL_MARKET_CAP":23039924154,"HKSK_MARKET_CAP":7951685365,"PE_TTM":52.514610201736,"PB_TTM":0.603633060002,"REPORT_DATE_SQ":"2021-12-31 00:00:00","REPORT_TYPE_SQ":"2021年年报","OPERATE_INCOME_SQ":6817115000,"DPS_HKD":null,"OPERATE_INCOME_QOQ_SQ":141.278019295545,"NET_PROFIT_RATIO_SQ":1.636176007,"HOLDER_PROFIT_SQ":140029000,"HOLDER_PROFIT_QOQ_SQ":2615.31898390537,"ROE_AVG_SQ":0.770916312398,"PE_TTM_SQ":44.653912254945,"PB_TTM_SQ":0.880955811279,"ROA_SQ":0.491335461989,"START_DATE":"2022-01-01 00:00:00","FISCAL_YEAR":"12-31","CURRENCY":"HKD","IS_CNY_CODE":0,"DPS_HKD_LY":null,"ORG_TYPE":"一般企业","PREMIUM_INCOME":null,"PREMIUM_INCOME_YOY":null,"NET_INTEREST_INCOME":null,"NET_INTEREST_INCOME_YOY":null,"FEE_COMMISSION_INCOME":null,"FEE_COMMISSION_INCOME_YOY":null,"ACCOUNTS_RECE_TDAYS":5.061996151381,"INVENTORY_TDAYS":2.691182556014,"CURRENT_ASSETS_TDAYS":0.728385049564,"TOTAL_ASSETS_TDAYS":0.315499095518,"PREMIUM_EXPENSE":null,"LOAN_DEPOSIT":null,"LOAN_EQUITY":null,"LOAN_ASSETS":null,"DEPOSIT_EQUITY":null,"DEPOSIT_ASSETS":null,"EQUITY_MULTIPLIER":2.175817662048,"EQUITY_RATIO":1.421935100632},{"SECUCODE":"03931.HK","SECURITY_CODE":"03931","SECURITY_NAME_ABBR":"中创新航","ORG_CODE":"10502457","STD_REPORT_DATE":"2022-06-30 00:00:00","REPORT_DATE":"2022-06-30 00:00:00","DATE_TYPE_CODE":"002","REPORT_TYPE":"2022年中报","PER_NETCASH_OPERATE":null,"PER_OI":null,"BPS":null,"BASIC_EPS":0.1107,"DILUTED_EPS":0.1107,"OPERATE_INCOME":9167200000,"OPERATE_INCOME_YOY":null,"GROSS_PROFIT":870479000,"GROSS_PROFIT_YOY":null,"HOLDER_PROFIT":166719000,"HOLDER_PROFIT_YOY":null,"GROSS_PROFIT_RATIO":9.495582075225,"EPS_TTM":0.092033825061,"OPERATE_INCOME_QOQ":0,"NET_PROFIT_RATIO":1.8074766559,"ROE_AVG":null,"GROSS_PROFIT_QOQ":0,"ROA":null,"HOLDER_PROFIT_QOQ":0,"ROE_YEARLY":null,"ROIC_YEARLY":null,"TOTAL_ASSETS":null,"TOTAL_LIABILITIES":null,"TAX_EBT":46.439769590318,"OCF_SALES":4.834845972598,"TOTAL_PARENT_EQUITY":null,"DEBT_ASSET_RATIO":null,"OPERATE_PROFIT":323486000,"PRETAX_PROFIT":309362000,"NETCASH_OPERATE":443220000,"NETCASH_INVEST":-7195963000,"NETCASH_FINANCE":6969708000,"END_CASH":3326470000,"DIVI_RATIO":null,"DIVIDEND_RATE":null,"CURRENT_RATIO":null,"COMMON_ACS":null,"CURRENTDEBT_DEBT":null,"ISSUED_COMMON_SHARES":1772301858,"HK_COMMON_SHARES":611668105,"PER_SHARES":100,"TOTAL_MARKET_CAP":23039924154,"HKSK_MARKET_CAP":7951685365,"PE_TTM":52.514610201736,"PB_TTM":0.603633060002,"REPORT_DATE_SQ":"2021-06-30 00:00:00","REPORT_TYPE_SQ":"2021年中报","OPERATE_INCOME_SQ":null,"DPS_HKD":null,"OPERATE_INCOME_QOQ_SQ":0,"NET_PROFIT_RATIO_SQ":null,"HOLDER_PROFIT_SQ":null,"HOLDER_PROFIT_QOQ_SQ":0,"ROE_AVG_SQ":null,"PE_TTM_SQ":44.653912254945,"PB_TTM_SQ":0.880955811279,"ROA_SQ":null,"START_DATE":"2022-01-01 00:00:00","FISCAL_YEAR":"12-31","CURRENCY":"HKD","IS_CNY_CODE":0,"DPS_HKD_LY":null,"ORG_TYPE":"一般企业","PREMIUM_INCOME":null,"PREMIUM_INCOME_YOY":null,"NET_INTEREST_INCOME":null,"NET_INTEREST_INCOME_YOY":null,"FEE_COMMISSION_INCOME":null,"FEE_COMMISSION_INCOME_YOY":null,"ACCOUNTS_RECE_TDAYS":null,"INVENTORY_TDAYS":null,"CURRENT_ASSETS_TDAYS":0.986458789208,"TOTAL_ASSETS_TDAYS":0.473763863505,"PREMIUM_EXPENSE":null,"LOAN_DEPOSIT":null,"LOAN_EQUITY":null,"LOAN_ASSETS":null,"DEPOSIT_EQUITY":null,"DEPOSIT_ASSETS":null,"EQUITY_MULTIPLIER":null,"EQUITY_RATIO":null},{"SECUCODE":"03931.HK","SECURITY_CODE":"03931","SECURITY_NAME_ABBR":"中创新航","ORG_CODE":"10502457","STD_REPORT_DATE":"2022-03-31 00:00:00","REPORT_DATE":"2022-03-31 00:00:00","DATE_TYPE_CODE":"003","REPORT_TYPE":"2022年一季报","PER_NETCASH_OPERATE":-1.544039424955,"PER_OI":2.586924153826,"BPS":12.799547603927,"BASIC_EPS":0.0422,"DILUTED_EPS":0.0422,"OPERATE_INCOME":3897090000,"OPERATE_INCOME_YOY":266.5462117849,"GROSS_PROFIT":320929000,"GROSS_PROFIT_YOY":128.281111071594,"HOLDER_PROFIT":63553000,"HOLDER_PROFIT_YOY":-2.1312964874,"GROSS_PROFIT_RATIO":8.235093364536,"EPS_TTM":0.092033825061,"OPERATE_INCOME_QOQ":41.570341706132,"NET_PROFIT_RATIO":1.4887262034,"ROE_AVG":0.271324107582,"GROSS_PROFIT_QOQ":47.674990351012,"ROA":0.151912102428,"HOLDER_PROFIT_QOQ":-0.98836669547,"ROE_YEARLY":1.085296430329,"ROIC_YEARLY":0.685421718363,"TOTAL_ASSETS":44971305000,"TOTAL_LIABILITIES":20091949000,"TAX_EBT":54.240215796697,"OCF_SALES":-59.686304396357,"TOTAL_PARENT_EQUITY":22684662000,"DEBT_ASSET_RATIO":44.677264758,"OPERATE_PROFIT":114516000,"PRETAX_PROFIT":126786000,"NETCASH_OPERATE":-2326029000,"NETCASH_INVEST":-989290000,"NETCASH_FINANCE":3571334000,"END_CASH":3365496000,"DIVI_RATIO":null,"DIVIDEND_RATE":null,"CURRENT_RATIO":1.492011809424,"COMMON_ACS":null,"CURRENTDEBT_DEBT":70.858063595523,"ISSUED_COMMON_SHARES":1772301858,"HK_COMMON_SHARES":611668105,"PER_SHARES":100,"TOTAL_MARKET_CAP":23039924154,"HKSK_MARKET_CAP":7951685365,"PE_TTM":52.514610201736,"PB_TTM":0.603633060002,"REPORT_DATE_SQ":"2021-03-31 00:00:00","REPORT_TYPE_SQ":"2021年一季报","OPERATE_INCOME_SQ":1063192000,"DPS_HKD":null,"OPERATE_INCOME_QOQ_SQ":0,"NET_PROFIT_RATIO_SQ":5.657868005,"HOLDER_PROFIT_SQ":64937000,"HOLDER_PROFIT_QOQ_SQ":0,"ROE_AVG_SQ":null,"PE_TTM_SQ":44.653912254945,"PB_TTM_SQ":0.880955811279,"ROA_SQ":null,"START_DATE":"2022-01-01 00:00:00","FISCAL_YEAR":"12-31","CURRENCY":"HKD","IS_CNY_CODE":0,"DPS_HKD_LY":null,"ORG_TYPE":"一般企业","PREMIUM_INCOME":null,"PREMIUM_INCOME_YOY":null,"NET_INTEREST_INCOME":null,"NET_INTEREST_INCOME_YOY":null,"FEE_COMMISSION_INCOME":null,"FEE_COMMISSION_INCOME_YOY":null,"ACCOUNTS_RECE_TDAYS":1.01057186233,"INVENTORY_TDAYS":1.583741780225,"CURRENT_ASSETS_TDAYS":0.19569844465,"TOTAL_ASSETS_TDAYS":0.09315298023,"PREMIUM_EXPENSE":null,"LOAN_DEPOSIT":null,"LOAN_EQUITY":null,"LOAN_ASSETS":null,"DEPOSIT_EQUITY":null,"DEPOSIT_ASSETS":null,"EQUITY_MULTIPLIER":1.807575123727,"EQUITY_RATIO":0.885706342021},{"SECUCODE":"03931.HK","SECURITY_CODE":"03931","SECURITY_NAME_ABBR":"中创新航","ORG_CODE":"10502457","STD_REPORT_DATE":"2021-12-31 00:00:00","REPORT_DATE":"2021-12-31 00:00:00","DATE_TYPE_CODE":"001","REPORT_TYPE":"2021年年报","PER_NETCASH_OPERATE":1.052803365778,"PER_OI":4.525263582034,"BPS":13.633057986672,"BASIC_EPS":0.1128,"DILUTED_EPS":0.1128,"OPERATE_INCOME":6817115000,"OPERATE_INCOME_YOY":141.2780192955,"GROSS_PROFIT":510950000,"GROSS_PROFIT_YOY":32.826757202202,"HOLDER_PROFIT":140029000,"HOLDER_PROFIT_YOY":2615.3189839054,"GROSS_PROFIT_RATIO":5.548945558348,"EPS_TTM":0.092952536979,"OPERATE_INCOME_QOQ":141.278019295545,"NET_PROFIT_RATIO":1.636176007,"ROE_AVG":0.770916312398,"GROSS_PROFIT_QOQ":-1.662706603514,"ROA":0.491335461989,"HOLDER_PROFIT_QOQ":2615.31898390537,"ROE_YEARLY":0.770916312398,"ROIC_YEARLY":0.54989092129,"TOTAL_ASSETS":38620485000,"TOTAL_LIABILITIES":13634361000,"TAX_EBT":-75.839074298867,"OCF_SALES":23.265017533077,"TOTAL_PARENT_EQUITY":24161894000,"DEBT_ASSET_RATIO":35.4354511723,"OPERATE_PROFIT":113122000,"PRETAX_PROFIT":63433000,"NETCASH_OPERATE":1590106000,"NETCASH_INVEST":-15011330000,"NETCASH_FINANCE":14837464000,"END_CASH":3109518000,"DIVI_RATIO":null,"DIVIDEND_RATE":null,"CURRENT_RATIO":1.879213374653,"COMMON_ACS":null,"CURRENTDEBT_DEBT":72.539886541071,"ISSUED_COMMON_SHARES":1772301858,"HK_COMMON_SHARES":611668105,"PER_SHARES":100,"TOTAL_MARKET_CAP":23039924154,"HKSK_MARKET_CAP":7951685365,"PE_TTM":52.514610201736,"PB_TTM":0.603633060002,"REPORT_DATE_SQ":"2020-12-31 00:00:00","REPORT_TYPE_SQ":"2020年年报","OPERATE_INCOME_SQ":2825419000,"DPS_HKD":null,"OPERATE_INCOME_QOQ_SQ":62.958060527202,"NET_PROFIT_RATIO_SQ":-0.6486825494,"HOLDER_PROFIT_SQ":5157000,"HOLDER_PROFIT_QOQ_SQ":104.344932176257,"ROE_AVG_SQ":0.058055982426,"PE_TTM_SQ":44.653912254945,"PB_TTM_SQ":0.880955811279,"ROA_SQ":0.035041419644,"START_DATE":"2021-01-01 00:00:00","FISCAL_YEAR":"12-31","CURRENCY":"HKD","IS_CNY_CODE":0,"DPS_HKD_LY":null,"ORG_TYPE":"一般企业","PREMIUM_INCOME":null,"PREMIUM_INCOME_YOY":null,"NET_INTEREST_INCOME":null,"NET_INTEREST_INCOME_YOY":null,"FEE_COMMISSION_INCOME":null,"FEE_COMMISSION_INCOME_YOY":null,"ACCOUNTS_RECE_TDAYS":3.442098165045,"INVENTORY_TDAYS":5.116055317408,"CURRENT_ASSETS_TDAYS":0.521248468806,"TOTAL_ASSETS_TDAYS":0.239199762046,"PREMIUM_EXPENSE":null,"LOAN_DEPOSIT":null,"LOAN_EQUITY":null,"LOAN_ASSETS":null,"DEPOSIT_EQUITY":null,"DEPOSIT_ASSETS":null,"EQUITY_MULTIPLIER":1.548837586814,"EQUITY_RATIO":0.564291896985},{"SECUCODE":"03931.HK","SECURITY_CODE":"03931","SECURITY_NAME_ABBR":"中创新航","ORG_CODE":"10502457","STD_REPORT_DATE":"2021-03-31 00:00:00","REPORT_DATE":"2021-03-31 00:00:00","DATE_TYPE_CODE":"003","REPORT_TYPE":"2021年一季报","PER_NETCASH_OPERATE":null,"PER_OI":null,"BPS":null,"BASIC_EPS":0.0541,"DILUTED_EPS":0.0541,"OPERATE_INCOME":1063192000,"OPERATE_INCOME_YOY":null,"GROSS_PROFIT":140585000,"GROSS_PROFIT_YOY":null,"HOLDER_PROFIT":64937000,"HOLDER_PROFIT_YOY":null,"GROSS_PROFIT_RATIO":13.222917403442,"EPS_TTM":0.000403875924,"OPERATE_INCOME_QOQ":0,"NET_PROFIT_RATIO":5.657868005,"ROE_AVG":null,"GROSS_PROFIT_QOQ":0,"ROA":null,"HOLDER_PROFIT_QOQ":0,"ROE_YEARLY":null,"ROIC_YEARLY":null,"TOTAL_ASSETS":null,"TOTAL_LIABILITIES":null,"TAX_EBT":18.131090424084,"OCF_SALES":14.627743624858,"TOTAL_PARENT_EQUITY":null,"DEBT_ASSET_RATIO":null,"OPERATE_PROFIT":79780000,"PRETAX_PROFIT":73476000,"NETCASH_OPERATE":155521000,"NETCASH_INVEST":-413637000,"NETCASH_FINANCE":182587000,"END_CASH":1618207000,"DIVI_RATIO":null,"DIVIDEND_RATE":null,"CURRENT_RATIO":null,"COMMON_ACS":null,"CURRENTDEBT_DEBT":null,"ISSUED_COMMON_SHARES":1772301858,"HK_COMMON_SHARES":611668105,"PER_SHARES":100,"TOTAL_MARKET_CAP":23039924154,"HKSK_MARKET_CAP":7951685365,"PE_TTM":52.514610201736,"PB_TTM":0.603633060002,"REPORT_DATE_SQ":"2020-03-31 00:00:00","REPORT_TYPE_SQ":"2020年一季报","OPERATE_INCOME_SQ":null,"DPS_HKD":null,"OPERATE_INCOME_QOQ_SQ":0,"NET_PROFIT_RATIO_SQ":null,"HOLDER_PROFIT_SQ":null,"HOLDER_PROFIT_QOQ_SQ":0,"ROE_AVG_SQ":null,"PE_TTM_SQ":44.653912254945,"PB_TTM_SQ":0.880955811279,"ROA_SQ":null,"START_DATE":"2021-01-01 00:00:00","FISCAL_YEAR":"12-31","CURRENCY":"HKD","IS_CNY_CODE":0,"DPS_HKD_LY":null,"ORG_TYPE":"一般企业","PREMIUM_INCOME":null,"PREMIUM_INCOME_YOY":null,"NET_INTEREST_INCOME":null,"NET_INTEREST_INCOME_YOY":null,"FEE_COMMISSION_INCOME":null,"FEE_COMMISSION_INCOME_YOY":null,"ACCOUNTS_RECE_TDAYS":null,"INVENTORY_TDAYS":null,"CURRENT_ASSETS_TDAYS":0.280866672523,"TOTAL_ASSETS_TDAYS":0.116196494647,"PREMIUM_EXPENSE":null,"LOAN_DEPOSIT":null,"LOAN_EQUITY":null,"LOAN_ASSETS":null,"DEPOSIT_EQUITY":null,"DEPOSIT_ASSETS":null,"EQUITY_MULTIPLIER":null,"EQUITY_RATIO":null},{"SECUCODE":"03931.HK","SECURITY_CODE":"03931","SECURITY_NAME_ABBR":"中创新航","ORG_CODE":"10502457","STD_REPORT_DATE":"2020-12-31 00:00:00","REPORT_DATE":"2020-12-31 00:00:00","DATE_TYPE_CODE":"001","REPORT_TYPE":"2020年年报","PER_NETCASH_OPERATE":0.152107724055,"PER_OI":0.221275685612,"BPS":6.864543951745,"BASIC_EPS":0.0077,"DILUTED_EPS":0.0077,"OPERATE_INCOME":2825419000,"OPERATE_INCOME_YOY":62.9580605272,"GROSS_PROFIT":384674000,"GROSS_PROFIT_YOY":362.026471930625,"HOLDER_PROFIT":5157000,"HOLDER_PROFIT_YOY":104.3449321763,"GROSS_PROFIT_RATIO":13.61475943922,"EPS_TTM":0.000403875924,"OPERATE_INCOME_QOQ":62.958060527202,"NET_PROFIT_RATIO":-0.6486825494,"ROE_AVG":0.058055982426,"GROSS_PROFIT_QOQ":362.026471930625,"ROA":0.035041419644,"HOLDER_PROFIT_QOQ":104.344932176257,"ROE_YEARLY":0.058055982426,"ROIC_YEARLY":0.039088293041,"TOTAL_ASSETS":18299898000,"TOTAL_LIABILITIES":5691277000,"TAX_EBT":526.530137305097,"OCF_SALES":68.741273418208,"TOTAL_PARENT_EQUITY":12166044000,"DEBT_ASSET_RATIO":31.1000476615,"OPERATE_PROFIT":61025000,"PRETAX_PROFIT":4297000,"NETCASH_OPERATE":1942229000,"NETCASH_INVEST":-5263527000,"NETCASH_FINANCE":4569990000,"END_CASH":1693284000,"DIVI_RATIO":null,"DIVIDEND_RATE":null,"CURRENT_RATIO":1.494190636336,"COMMON_ACS":null,"CURRENTDEBT_DEBT":89.027822754015,"ISSUED_COMMON_SHARES":1772301858,"HK_COMMON_SHARES":611668105,"PER_SHARES":100,"TOTAL_MARKET_CAP":23039924154,"HKSK_MARKET_CAP":7951685365,"PE_TTM":52.514610201736,"PB_TTM":0.603633060002,"REPORT_DATE_SQ":"2019-12-31 00:00:00","REPORT_TYPE_SQ":"2019年年报","OPERATE_INCOME_SQ":1733832000,"DPS_HKD":null,"OPERATE_INCOME_QOQ_SQ":null,"NET_PROFIT_RATIO_SQ":-9.0205394756,"HOLDER_PROFIT_SQ":-118690000,"HOLDER_PROFIT_QOQ_SQ":null,"ROE_AVG_SQ":-2.119628178393,"PE_TTM_SQ":44.653912254945,"PB_TTM_SQ":0.880955811279,"ROA_SQ":-1.066029234655,"START_DATE":"2020-01-01 00:00:00","FISCAL_YEAR":"12-31","CURRENCY":"HKD","IS_CNY_CODE":0,"DPS_HKD_LY":null,"ORG_TYPE":"一般企业","PREMIUM_INCOME":null,"PREMIUM_INCOME_YOY":null,"NET_INTEREST_INCOME":null,"NET_INTEREST_INCOME_YOY":null,"FEE_COMMISSION_INCOME":null,"FEE_COMMISSION_INCOME_YOY":null,"ACCOUNTS_RECE_TDAYS":2.366149401223,"INVENTORY_TDAYS":2.35871707562,"CURRENT_ASSETS_TDAYS":0.464011703514,"TOTAL_ASSETS_TDAYS":0.191985054974,"PREMIUM_EXPENSE":null,"LOAN_DEPOSIT":null,"LOAN_EQUITY":null,"LOAN_ASSETS":null,"DEPOSIT_EQUITY":null,"DEPOSIT_ASSETS":null,"EQUITY_MULTIPLIER":1.45137981386,"EQUITY_RATIO":0.467800132894}],"count":10},"success":true,"message":"ok","code":0}