{"version":"ac535a7b09a6b12f0fd6340a83b39b81","result":{"pages":2,"data":[{"SECUCODE":"03938.HK","SECURITY_CODE":"03938","SECURITY_NAME_ABBR":"LFG投资控股","ORG_CODE":"10000014631","STD_REPORT_DATE":"2024-06-30 00:00:00","REPORT_DATE":"2024-09-30 00:00:00","DATE_TYPE_CODE":"002","REPORT_TYPE":"2024年中报","PER_NETCASH_OPERATE":0.048016923514,"PER_OI":0.026680758157,"BPS":0.256924749749,"BASIC_EPS":-0.03877697,"DILUTED_EPS":-0.03877697,"OPERATE_INCOME":10831399.69,"OPERATE_INCOME_YOY":-81.606431853,"GROSS_PROFIT":null,"GROSS_PROFIT_YOY":null,"HOLDER_PROFIT":-15784030.37,"HOLDER_PROFIT_YOY":-259.2339883552,"GROSS_PROFIT_RATIO":null,"EPS_TTM":-0.008903311784,"OPERATE_INCOME_QOQ":0,"NET_PROFIT_RATIO":-146.9319790192,"ROE_AVG":-14.081198386169,"GROSS_PROFIT_QOQ":null,"ROA":-7.974213535616,"HOLDER_PROFIT_QOQ":0,"ROE_YEARLY":-28.162396772338,"ROIC_YEARLY":-21.755897168178,"TOTAL_ASSETS":187230541.59,"TOTAL_LIABILITIES":82325310.89,"TAX_EBT":-0.079392083475,"OCF_SALES":179.968362334527,"TOTAL_PARENT_EQUITY":104301933.19,"DEBT_ASSET_RATIO":43.9700223002,"OPERATE_PROFIT":-14751480.82,"PRETAX_PROFIT":-15902164.86,"NETCASH_OPERATE":19493092.64,"NETCASH_INVEST":-833253.96,"NETCASH_FINANCE":-25468353.18,"END_CASH":30411064.17,"DIVI_RATIO":null,"DIVIDEND_RATE":null,"CURRENT_RATIO":2.364442140728,"COMMON_ACS":10000000000,"CURRENTDEBT_DEBT":84.531881565543,"ISSUED_COMMON_SHARES":405962965,"HK_COMMON_SHARES":405962965,"PER_SHARES":2000,"TOTAL_MARKET_CAP":73073333.7,"HKSK_MARKET_CAP":73073333.7,"PE_TTM":-2.249656231143,"PB_TTM":0.631788880435,"REPORT_DATE_SQ":"2023-06-30 00:00:00","REPORT_TYPE_SQ":"2023年中报","OPERATE_INCOME_SQ":59921239,"DPS_HKD":null,"OPERATE_INCOME_QOQ_SQ":0,"NET_PROFIT_RATIO_SQ":16.7503828484,"HOLDER_PROFIT_SQ":10086588.96,"HOLDER_PROFIT_QOQ_SQ":0,"ROE_AVG_SQ":7.204467398999,"PE_TTM_SQ":51.387717088608,"PB_TTM_SQ":0.436607688147,"ROA_SQ":4.122706013405,"START_DATE":"2024-04-01 00:00:00","FISCAL_YEAR":"3-31","CURRENCY":"HKD","IS_CNY_CODE":0,"DPS_HKD_LY":null,"ORG_TYPE":"证券","PREMIUM_INCOME":null,"PREMIUM_INCOME_YOY":null,"NET_INTEREST_INCOME":3409667.99,"NET_INTEREST_INCOME_YOY":null,"FEE_COMMISSION_INCOME":10200146.69,"FEE_COMMISSION_INCOME_YOY":-77.01903736362,"ACCOUNTS_RECE_TDAYS":0.145026231745,"INVENTORY_TDAYS":null,"CURRENT_ASSETS_TDAYS":0.059330134087,"TOTAL_ASSETS_TDAYS":0.054721064261,"PREMIUM_EXPENSE":null,"LOAN_DEPOSIT":null,"LOAN_EQUITY":null,"LOAN_ASSETS":null,"DEPOSIT_EQUITY":null,"DEPOSIT_ASSETS":null,"EQUITY_MULTIPLIER":1.784758875611,"EQUITY_RATIO":0.789298034774},{"SECUCODE":"03938.HK","SECURITY_CODE":"03938","SECURITY_NAME_ABBR":"LFG投资控股","ORG_CODE":"10000014631","STD_REPORT_DATE":"2023-12-31 00:00:00","REPORT_DATE":"2024-03-31 00:00:00","DATE_TYPE_CODE":"001","REPORT_TYPE":"2023年年报","PER_NETCASH_OPERATE":0.094526508102,"PER_OI":0.20537463793,"BPS":0.296866382873,"BASIC_EPS":-0.0090655,"DILUTED_EPS":-0.0090655,"OPERATE_INCOME":83374496.95,"OPERATE_INCOME_YOY":46.8660672937,"GROSS_PROFIT":null,"GROSS_PROFIT_YOY":null,"HOLDER_PROFIT":-3614414.85,"HOLDER_PROFIT_YOY":82.423734791,"GROSS_PROFIT_RATIO":null,"EPS_TTM":0.004971300572,"OPERATE_INCOME_QOQ":0,"NET_PROFIT_RATIO":-4.5982885538,"ROE_AVG":-2.847694417462,"GROSS_PROFIT_QOQ":null,"ROA":-1.617601713757,"HOLDER_PROFIT_QOQ":0,"ROE_YEARLY":-2.847694417462,"ROIC_YEARLY":-1.859733983875,"TOTAL_ASSETS":209747566.95,"TOTAL_LIABILITIES":88492878.25,"TAX_EBT":2.174415914874,"OCF_SALES":46.026378453609,"TOTAL_PARENT_EQUITY":120516757,"DEBT_ASSET_RATIO":42.1901810528,"OPERATE_PROFIT":-2152149.7,"PRETAX_PROFIT":-3919015.65,"NETCASH_OPERATE":38374261.5,"NETCASH_INVEST":-1223842.5,"NETCASH_FINANCE":-18806379.75,"END_CASH":37416038.15,"DIVI_RATIO":null,"DIVIDEND_RATE":null,"CURRENT_RATIO":2.283181752859,"COMMON_ACS":10000000000,"CURRENTDEBT_DEBT":99.798186754085,"ISSUED_COMMON_SHARES":405962965,"HK_COMMON_SHARES":405962965,"PER_SHARES":2000,"TOTAL_MARKET_CAP":71043518.875,"HKSK_MARKET_CAP":71043518.875,"PE_TTM":-2.187165780278,"PB_TTM":0.614239189312,"REPORT_DATE_SQ":"2022-12-31 00:00:00","REPORT_TYPE_SQ":"2022年年报","OPERATE_INCOME_SQ":54819049.61,"DPS_HKD":null,"OPERATE_INCOME_QOQ_SQ":0,"NET_PROFIT_RATIO_SQ":-36.3839606522,"HOLDER_PROFIT_SQ":-19857800.44,"HOLDER_PROFIT_QOQ_SQ":0,"ROE_AVG_SQ":-14.337361581635,"PE_TTM_SQ":-3.113981480779,"PB_TTM_SQ":0.446880810221,"ROA_SQ":-7.881862404448,"START_DATE":"2023-04-01 00:00:00","FISCAL_YEAR":"3-31","CURRENCY":"HKD","IS_CNY_CODE":0,"DPS_HKD_LY":0.025,"ORG_TYPE":"证券","PREMIUM_INCOME":null,"PREMIUM_INCOME_YOY":null,"NET_INTEREST_INCOME":10087181.85,"NET_INTEREST_INCOME_YOY":null,"FEE_COMMISSION_INCOME":54642301.25,"FEE_COMMISSION_INCOME_YOY":62.659218480138,"ACCOUNTS_RECE_TDAYS":0.773215854586,"INVENTORY_TDAYS":null,"CURRENT_ASSETS_TDAYS":0.390143022888,"TOTAL_ASSETS_TDAYS":0.373135721125,"PREMIUM_EXPENSE":null,"LOAN_DEPOSIT":null,"LOAN_EQUITY":null,"LOAN_ASSETS":null,"DEPOSIT_EQUITY":null,"DEPOSIT_ASSETS":null,"EQUITY_MULTIPLIER":1.72980994961,"EQUITY_RATIO":0.734278621935},{"SECUCODE":"03938.HK","SECURITY_CODE":"03938","SECURITY_NAME_ABBR":"LFG投资控股","ORG_CODE":"10000014631","STD_REPORT_DATE":"2023-06-30 00:00:00","REPORT_DATE":"2023-09-30 00:00:00","DATE_TYPE_CODE":"002","REPORT_TYPE":"2023年中报","PER_NETCASH_OPERATE":0.057456563729,"PER_OI":0.147602722825,"BPS":0.357293525137,"BASIC_EPS":0.02477601,"DILUTED_EPS":0.02477601,"OPERATE_INCOME":59921239,"OPERATE_INCOME_YOY":84.1771259343,"GROSS_PROFIT":null,"GROSS_PROFIT_YOY":null,"HOLDER_PROFIT":10086588.96,"HOLDER_PROFIT_YOY":184.3268124281,"GROSS_PROFIT_RATIO":null,"EPS_TTM":-0.048915300537,"OPERATE_INCOME_QOQ":0,"NET_PROFIT_RATIO":16.7503828484,"ROE_AVG":7.204467398999,"GROSS_PROFIT_QOQ":null,"ROA":4.122706013405,"HOLDER_PROFIT_QOQ":0,"ROE_YEARLY":14.408934797997,"ROIC_YEARLY":10.320109285,"TOTAL_ASSETS":249282448.17,"TOTAL_LIABILITIES":103315044.07,"TAX_EBT":6.192109777015,"OCF_SALES":38.926493108729,"TOTAL_PARENT_EQUITY":145047938.84,"DEBT_ASSET_RATIO":41.4449732937,"OPERATE_PROFIT":11577737.71,"PRETAX_PROFIT":10699565.8,"NETCASH_OPERATE":23325236.97,"NETCASH_INVEST":null,"NETCASH_FINANCE":-3250245.46,"END_CASH":39380091.45,"DIVI_RATIO":null,"DIVIDEND_RATE":null,"CURRENT_RATIO":2.334224480189,"COMMON_ACS":10000000000,"CURRENTDEBT_DEBT":100,"ISSUED_COMMON_SHARES":405962965,"HK_COMMON_SHARES":405962965,"PER_SHARES":2000,"TOTAL_MARKET_CAP":71043518.875,"HKSK_MARKET_CAP":71043518.875,"PE_TTM":-2.187165780278,"PB_TTM":0.614239189312,"REPORT_DATE_SQ":"2022-06-30 00:00:00","REPORT_TYPE_SQ":"2022年中报","OPERATE_INCOME_SQ":32066920.2,"DPS_HKD":null,"OPERATE_INCOME_QOQ_SQ":0,"NET_PROFIT_RATIO_SQ":-36.6915808772,"HOLDER_PROFIT_SQ":-11789375.4,"HOLDER_PROFIT_QOQ_SQ":0,"ROE_AVG_SQ":-7.994946041014,"PE_TTM_SQ":-3.113981480779,"PB_TTM_SQ":0.446880810221,"ROA_SQ":-3.981879165928,"START_DATE":"2023-04-01 00:00:00","FISCAL_YEAR":"3-31","CURRENCY":"HKD","IS_CNY_CODE":0,"DPS_HKD_LY":0.025,"ORG_TYPE":"证券","PREMIUM_INCOME":null,"PREMIUM_INCOME_YOY":null,"NET_INTEREST_INCOME":5719587.79,"NET_INTEREST_INCOME_YOY":null,"FEE_COMMISSION_INCOME":45164830.97,"FEE_COMMISSION_INCOME_YOY":102.06502996962,"ACCOUNTS_RECE_TDAYS":0.479984711054,"INVENTORY_TDAYS":null,"CURRENT_ASSETS_TDAYS":0.255153873806,"TOTAL_ASSETS_TDAYS":0.244916942026,"PREMIUM_EXPENSE":null,"LOAN_DEPOSIT":null,"LOAN_EQUITY":null,"LOAN_ASSETS":null,"DEPOSIT_EQUITY":null,"DEPOSIT_ASSETS":null,"EQUITY_MULTIPLIER":1.70779531024,"EQUITY_RATIO":0.712282055824},{"SECUCODE":"03938.HK","SECURITY_CODE":"03938","SECURITY_NAME_ABBR":"LFG投资控股","ORG_CODE":"10000014631","STD_REPORT_DATE":"2022-12-31 00:00:00","REPORT_DATE":"2023-03-31 00:00:00","DATE_TYPE_CODE":"001","REPORT_TYPE":"2022年年报","PER_NETCASH_OPERATE":-0.02711215278,"PER_OI":0.13503460743,"BPS":0.317151593274,"BASIC_EPS":-0.04902296,"DILUTED_EPS":-0.04902296,"OPERATE_INCOME":54819049.61,"OPERATE_INCOME_YOY":-31.6782316488,"GROSS_PROFIT":null,"GROSS_PROFIT_YOY":null,"HOLDER_PROFIT":-19857800.44,"HOLDER_PROFIT_YOY":-588.6460230723,"GROSS_PROFIT_RATIO":null,"EPS_TTM":-0.05342064831,"OPERATE_INCOME_QOQ":0,"NET_PROFIT_RATIO":-36.3839606522,"ROE_AVG":-14.337361581635,"GROSS_PROFIT_QOQ":null,"ROA":-7.881862404448,"HOLDER_PROFIT_QOQ":0,"ROE_YEARLY":-14.337361581635,"ROIC_YEARLY":-9.428625463191,"TOTAL_ASSETS":228992374.03,"TOTAL_LIABILITIES":99316139.91,"TAX_EBT":-5.721312236091,"OCF_SALES":-20.077929129206,"TOTAL_PARENT_EQUITY":128751801.16,"DEBT_ASSET_RATIO":43.3709377138,"OPERATE_PROFIT":-15324052.05,"PRETAX_PROFIT":-18865960.91,"NETCASH_OPERATE":-11006529.93,"NETCASH_INVEST":null,"NETCASH_FINANCE":-11748002.2,"END_CASH":18416875.58,"DIVI_RATIO":null,"DIVIDEND_RATE":null,"CURRENT_RATIO":2.199825102245,"COMMON_ACS":10000000000,"CURRENTDEBT_DEBT":99.786692052075,"ISSUED_COMMON_SHARES":405962965,"HK_COMMON_SHARES":405962965,"PER_SHARES":2000,"TOTAL_MARKET_CAP":64142148.47,"HKSK_MARKET_CAP":64142148.47,"PE_TTM":-1.974698247337,"PB_TTM":0.554570239493,"REPORT_DATE_SQ":"2021-12-31 00:00:00","REPORT_TYPE_SQ":"2021年年报","OPERATE_INCOME_SQ":74333932.56,"DPS_HKD":null,"OPERATE_INCOME_QOQ_SQ":0,"NET_PROFIT_RATIO_SQ":-3.855721393,"HOLDER_PROFIT_SQ":-2671466.94,"HOLDER_PROFIT_QOQ_SQ":0,"ROE_AVG_SQ":-1.928509327861,"PE_TTM_SQ":-3.113981480779,"PB_TTM_SQ":0.446880810221,"ROA_SQ":-1.001393864867,"START_DATE":"2022-04-01 00:00:00","FISCAL_YEAR":"3-31","CURRENCY":"HKD","IS_CNY_CODE":0,"DPS_HKD_LY":null,"ORG_TYPE":"证券","PREMIUM_INCOME":null,"PREMIUM_INCOME_YOY":null,"NET_INTEREST_INCOME":13484815.64,"NET_INTEREST_INCOME_YOY":null,"FEE_COMMISSION_INCOME":32439192.96,"FEE_COMMISSION_INCOME_YOY":-47.764307865802,"ACCOUNTS_RECE_TDAYS":0.469894796872,"INVENTORY_TDAYS":null,"CURRENT_ASSETS_TDAYS":0.230072011169,"TOTAL_ASSETS_TDAYS":0.217585128562,"PREMIUM_EXPENSE":null,"LOAN_DEPOSIT":null,"LOAN_EQUITY":null,"LOAN_ASSETS":null,"DEPOSIT_EQUITY":null,"DEPOSIT_ASSETS":null,"EQUITY_MULTIPLIER":1.765877730671,"EQUITY_RATIO":0.771376703201},{"SECUCODE":"03938.HK","SECURITY_CODE":"03938","SECURITY_NAME_ABBR":"LFG投资控股","ORG_CODE":"10000014631","STD_REPORT_DATE":"2022-06-30 00:00:00","REPORT_DATE":"2022-09-30 00:00:00","DATE_TYPE_CODE":"002","REPORT_TYPE":"2022年中报","PER_NETCASH_OPERATE":0.025030321177,"PER_OI":0.078989767453,"BPS":0.349165739786,"BASIC_EPS":-0.02894208,"DILUTED_EPS":-0.02894208,"OPERATE_INCOME":32066920.2,"OPERATE_INCOME_YOY":-37.9082678062,"GROSS_PROFIT":null,"GROSS_PROFIT_YOY":null,"HOLDER_PROFIT":-11789375.4,"HOLDER_PROFIT_YOY":-250.2766889555,"GROSS_PROFIT_RATIO":null,"EPS_TTM":-0.006580568107,"OPERATE_INCOME_QOQ":0,"NET_PROFIT_RATIO":-36.6915808772,"ROE_AVG":-7.994946041014,"GROSS_PROFIT_QOQ":null,"ROA":-3.981879165928,"HOLDER_PROFIT_QOQ":0,"ROE_YEARLY":-15.989892082029,"ROIC_YEARLY":-12.270804945036,"TOTAL_ASSETS":308141803.56,"TOTAL_LIABILITIES":165324396.48,"TAX_EBT":-5.242294312758,"OCF_SALES":31.688055281343,"TOTAL_PARENT_EQUITY":141748359,"DEBT_ASSET_RATIO":53.6520506371,"OPERATE_PROFIT":-8548766.88,"PRETAX_PROFIT":-11179782.84,"NETCASH_OPERATE":10161383.4,"NETCASH_INVEST":null,"NETCASH_FINANCE":-8739603.72,"END_CASH":43958497.32,"DIVI_RATIO":null,"DIVIDEND_RATE":null,"CURRENT_RATIO":1.806812181443,"COMMON_ACS":10000000000,"CURRENTDEBT_DEBT":98.424985776183,"ISSUED_COMMON_SHARES":405962965,"HK_COMMON_SHARES":405962965,"PER_SHARES":2000,"TOTAL_MARKET_CAP":64142148.47,"HKSK_MARKET_CAP":64142148.47,"PE_TTM":-1.974698247337,"PB_TTM":0.554570239493,"REPORT_DATE_SQ":"2021-06-30 00:00:00","REPORT_TYPE_SQ":"2021年中报","OPERATE_INCOME_SQ":47568559.06,"DPS_HKD":null,"OPERATE_INCOME_QOQ_SQ":0,"NET_PROFIT_RATIO_SQ":15.1818707203,"HOLDER_PROFIT_SQ":7225962.44,"HOLDER_PROFIT_QOQ_SQ":0,"ROE_AVG_SQ":4.906399984162,"PE_TTM_SQ":-3.113981480779,"PB_TTM_SQ":0.446880810221,"ROA_SQ":2.425069300675,"START_DATE":"2022-04-01 00:00:00","FISCAL_YEAR":"3-31","CURRENCY":"HKD","IS_CNY_CODE":0,"DPS_HKD_LY":null,"ORG_TYPE":"证券","PREMIUM_INCOME":null,"PREMIUM_INCOME_YOY":null,"NET_INTEREST_INCOME":6738078,"NET_INTEREST_INCOME_YOY":null,"FEE_COMMISSION_INCOME":22030349.52,"FEE_COMMISSION_INCOME_YOY":-41.792721103066,"ACCOUNTS_RECE_TDAYS":0.288999201187,"INVENTORY_TDAYS":null,"CURRENT_ASSETS_TDAYS":0.114299254178,"TOTAL_ASSETS_TDAYS":0.108306502361,"PREMIUM_EXPENSE":null,"LOAN_DEPOSIT":null,"LOAN_EQUITY":null,"LOAN_ASSETS":null,"DEPOSIT_EQUITY":null,"DEPOSIT_ASSETS":null,"EQUITY_MULTIPLIER":2.157592760297,"EQUITY_RATIO":1.16632317754},{"SECUCODE":"03938.HK","SECURITY_CODE":"03938","SECURITY_NAME_ABBR":"LFG投资控股","ORG_CODE":"10000014631","STD_REPORT_DATE":"2021-12-31 00:00:00","REPORT_DATE":"2022-03-31 00:00:00","DATE_TYPE_CODE":"001","REPORT_TYPE":"2021年年报","PER_NETCASH_OPERATE":-0.014177987812,"PER_OI":0.183105206555,"BPS":0.338329900512,"BASIC_EPS":-0.00648808,"DILUTED_EPS":-0.00648808,"OPERATE_INCOME":74333932.56,"OPERATE_INCOME_YOY":-4.8194647808,"GROSS_PROFIT":null,"GROSS_PROFIT_YOY":null,"HOLDER_PROFIT":-2671466.94,"HOLDER_PROFIT_YOY":-120.4291739023,"GROSS_PROFIT_RATIO":null,"EPS_TTM":0.024725113238,"OPERATE_INCOME_QOQ":0,"NET_PROFIT_RATIO":-3.855721393,"ROE_AVG":-1.928509327861,"GROSS_PROFIT_QOQ":null,"ROA":-1.001393864867,"HOLDER_PROFIT_QOQ":0,"ROE_YEARLY":-1.928509327861,"ROIC_YEARLY":-1.346826126955,"TOTAL_ASSETS":254670927.17,"TOTAL_LIABILITIES":116383990.05,"TAX_EBT":-406.303724928367,"OCF_SALES":-7.743082831457,"TOTAL_PARENT_EQUITY":137349409.56,"DEBT_ASSET_RATIO":45.6997551088,"OPERATE_PROFIT":167879.07,"PRETAX_PROFIT":-566084.98,"NETCASH_OPERATE":-5755737.97,"NETCASH_INVEST":-3024256.29,"NETCASH_FINANCE":16027179.62,"END_CASH":38142611.31,"DIVI_RATIO":null,"DIVIDEND_RATE":null,"CURRENT_RATIO":2.139891454781,"COMMON_ACS":10000000000,"CURRENTDEBT_DEBT":96.168774607157,"ISSUED_COMMON_SHARES":405962965,"HK_COMMON_SHARES":405962965,"PER_SHARES":2000,"TOTAL_MARKET_CAP":64142148.47,"HKSK_MARKET_CAP":64142148.47,"PE_TTM":-1.974698247337,"PB_TTM":0.554570239493,"REPORT_DATE_SQ":"2020-12-31 00:00:00","REPORT_TYPE_SQ":"2020年年报","OPERATE_INCOME_SQ":81388298.46,"DPS_HKD":null,"OPERATE_INCOME_QOQ_SQ":0,"NET_PROFIT_RATIO_SQ":16.5882633935,"HOLDER_PROFIT_SQ":13627682.32,"HOLDER_PROFIT_QOQ_SQ":0,"ROE_AVG_SQ":9.296372316137,"PE_TTM_SQ":-3.113981480779,"PB_TTM_SQ":0.446880810221,"ROA_SQ":4.663842637252,"START_DATE":"2021-04-01 00:00:00","FISCAL_YEAR":"3-31","CURRENCY":"HKD","IS_CNY_CODE":0,"DPS_HKD_LY":null,"ORG_TYPE":"证券","PREMIUM_INCOME":null,"PREMIUM_INCOME_YOY":null,"NET_INTEREST_INCOME":7400466.25,"NET_INTEREST_INCOME_YOY":null,"FEE_COMMISSION_INCOME":57533049.4,"FEE_COMMISSION_INCOME_YOY":50.529420502048,"ACCOUNTS_RECE_TDAYS":0.70474257243,"INVENTORY_TDAYS":null,"CURRENT_ASSETS_TDAYS":0.293544838321,"TOTAL_ASSETS_TDAYS":0.278639210924,"PREMIUM_EXPENSE":null,"LOAN_DEPOSIT":null,"LOAN_EQUITY":null,"LOAN_ASSETS":null,"DEPOSIT_EQUITY":null,"DEPOSIT_ASSETS":null,"EQUITY_MULTIPLIER":1.84161232054,"EQUITY_RATIO":0.847357046695},{"SECUCODE":"03938.HK","SECURITY_CODE":"03938","SECURITY_NAME_ABBR":"LFG投资控股","ORG_CODE":"10000014631","STD_REPORT_DATE":"2021-06-30 00:00:00","REPORT_DATE":"2021-09-30 00:00:00","DATE_TYPE_CODE":"002","REPORT_TYPE":"2021年中报","PER_NETCASH_OPERATE":-0.015772126307,"PER_OI":0.117174627149,"BPS":0.372087565771,"BASIC_EPS":0.01749426,"DILUTED_EPS":0.01749426,"OPERATE_INCOME":47568559.06,"OPERATE_INCOME_YOY":5.6565021094,"GROSS_PROFIT":null,"GROSS_PROFIT_YOY":null,"HOLDER_PROFIT":7225962.44,"HOLDER_PROFIT_YOY":-29.531237306,"GROSS_PROFIT_RATIO":null,"EPS_TTM":0.033568782118,"OPERATE_INCOME_QOQ":0,"NET_PROFIT_RATIO":15.1818707203,"ROE_AVG":4.906399984162,"GROSS_PROFIT_QOQ":null,"ROA":2.425069300675,"HOLDER_PROFIT_QOQ":0,"ROE_YEARLY":9.812799968324,"ROIC_YEARLY":6.611066333598,"TOTAL_ASSETS":309477624.7,"TOTAL_LIABILITIES":157265066.8,"TAX_EBT":20.59901080784,"OCF_SALES":-13.46035971349,"TOTAL_PARENT_EQUITY":151053771.44,"DEBT_ASSET_RATIO":50.8162963162,"OPERATE_PROFIT":9416077.18,"PRETAX_PROFIT":9095349.08,"NETCASH_OPERATE":-5259940.84,"NETCASH_INVEST":167445.06,"NETCASH_FINANCE":11103023.68,"END_CASH":37745948.6,"DIVI_RATIO":null,"DIVIDEND_RATE":null,"CURRENT_RATIO":1.948823448085,"COMMON_ACS":10000000000,"CURRENTDEBT_DEBT":95.786100222481,"ISSUED_COMMON_SHARES":405962965,"HK_COMMON_SHARES":405962965,"PER_SHARES":2000,"TOTAL_MARKET_CAP":64142148.47,"HKSK_MARKET_CAP":64142148.47,"PE_TTM":-1.974698247337,"PB_TTM":0.554570239493,"REPORT_DATE_SQ":"2020-06-30 00:00:00","REPORT_TYPE_SQ":"2020年中报","OPERATE_INCOME_SQ":47489543.68,"DPS_HKD":null,"OPERATE_INCOME_QOQ_SQ":0,"NET_PROFIT_RATIO_SQ":22.4983346903,"HOLDER_PROFIT_SQ":10816164.48,"HOLDER_PROFIT_QOQ_SQ":0,"ROE_AVG_SQ":7.178682654287,"PE_TTM_SQ":-3.113981480779,"PB_TTM_SQ":0.446880810221,"ROA_SQ":3.810022007683,"START_DATE":"2021-04-01 00:00:00","FISCAL_YEAR":"3-31","CURRENCY":"HKD","IS_CNY_CODE":0,"DPS_HKD_LY":null,"ORG_TYPE":"证券","PREMIUM_INCOME":null,"PREMIUM_INCOME_YOY":null,"NET_INTEREST_INCOME":3323076.34,"NET_INTEREST_INCOME_YOY":null,"FEE_COMMISSION_INCOME":34861061.82,"FEE_COMMISSION_INCOME_YOY":103.962567626846,"ACCOUNTS_RECE_TDAYS":0.404727646454,"INVENTORY_TDAYS":null,"CURRENT_ASSETS_TDAYS":0.167561436895,"TOTAL_ASSETS_TDAYS":0.159642474219,"PREMIUM_EXPENSE":null,"LOAN_DEPOSIT":null,"LOAN_EQUITY":null,"LOAN_ASSETS":null,"DEPOSIT_EQUITY":null,"DEPOSIT_ASSETS":null,"EQUITY_MULTIPLIER":2.03319377172,"EQUITY_RATIO":1.041119763517},{"SECUCODE":"03938.HK","SECURITY_CODE":"03938","SECURITY_NAME_ABBR":"LFG投资控股","ORG_CODE":"10000014631","STD_REPORT_DATE":"2020-12-31 00:00:00","REPORT_DATE":"2021-03-31 00:00:00","DATE_TYPE_CODE":"001","REPORT_TYPE":"2020年年报","PER_NETCASH_OPERATE":-0.177245834432,"PER_OI":0.200482077127,"BPS":0.358620104423,"BASIC_EPS":0.0338072,"DILUTED_EPS":0.0338072,"OPERATE_INCOME":81388298.46,"OPERATE_INCOME_YOY":-9.3257125639,"GROSS_PROFIT":null,"GROSS_PROFIT_YOY":null,"HOLDER_PROFIT":13627682.32,"HOLDER_PROFIT_YOY":13.9505300353,"GROSS_PROFIT_RATIO":null,"EPS_TTM":0.046176823199,"OPERATE_INCOME_QOQ":0,"NET_PROFIT_RATIO":16.5882633935,"ROE_AVG":9.296372316137,"GROSS_PROFIT_QOQ":null,"ROA":4.663842637252,"HOLDER_PROFIT_QOQ":0,"ROE_YEARLY":9.296372316137,"ROIC_YEARLY":7.253881348383,"TOTAL_ASSETS":290628665.88,"TOTAL_LIABILITIES":143862313.7,"TAX_EBT":13.481016086227,"OCF_SALES":-88.409815466733,"TOTAL_PARENT_EQUITY":145586480.9,"DEBT_ASSET_RATIO":49.5003867786,"OPERATE_PROFIT":16119272.96,"PRETAX_PROFIT":15604558.34,"NETCASH_OPERATE":-69101071.62,"NETCASH_INVEST":-648253.06,"NETCASH_FINANCE":-6119103.2,"END_CASH":32197132.1,"DIVI_RATIO":null,"DIVIDEND_RATE":null,"CURRENT_RATIO":2.00127071756,"COMMON_ACS":10000000000,"CURRENTDEBT_DEBT":96.627206767911,"ISSUED_COMMON_SHARES":405962965,"HK_COMMON_SHARES":405962965,"PER_SHARES":2000,"TOTAL_MARKET_CAP":64142148.47,"HKSK_MARKET_CAP":64142148.47,"PE_TTM":-1.974698247337,"PB_TTM":0.554570239493,"REPORT_DATE_SQ":"2019-12-31 00:00:00","REPORT_TYPE_SQ":"2019年年报","OPERATE_INCOME_SQ":97035853.7,"DPS_HKD":null,"OPERATE_INCOME_QOQ_SQ":0,"NET_PROFIT_RATIO_SQ":13.323791678,"HOLDER_PROFIT_SQ":12928855,"HOLDER_PROFIT_QOQ_SQ":0,"ROE_AVG_SQ":12.121887073699,"PE_TTM_SQ":-3.113981480779,"PB_TTM_SQ":0.446880810221,"ROA_SQ":6.229240450883,"START_DATE":"2020-04-01 00:00:00","FISCAL_YEAR":"3-31","CURRENCY":"HKD","IS_CNY_CODE":0,"DPS_HKD_LY":0.049,"ORG_TYPE":"证券","PREMIUM_INCOME":null,"PREMIUM_INCOME_YOY":null,"NET_INTEREST_INCOME":5703274.64,"NET_INTEREST_INCOME_YOY":null,"FEE_COMMISSION_INCOME":39830797.86,"FEE_COMMISSION_INCOME_YOY":-45.366334338048,"ACCOUNTS_RECE_TDAYS":0.72921888607,"INVENTORY_TDAYS":null,"CURRENT_ASSETS_TDAYS":0.28962461916,"TOTAL_ASSETS_TDAYS":0.278537617489,"PREMIUM_EXPENSE":null,"LOAN_DEPOSIT":null,"LOAN_EQUITY":null,"LOAN_ASSETS":null,"DEPOSIT_EQUITY":null,"DEPOSIT_ASSETS":null,"EQUITY_MULTIPLIER":1.980213186219,"EQUITY_RATIO":0.988157092682},{"SECUCODE":"03938.HK","SECURITY_CODE":"03938","SECURITY_NAME_ABBR":"LFG投资控股","ORG_CODE":"10000014631","STD_REPORT_DATE":"2020-06-30 00:00:00","REPORT_DATE":"2020-09-30 00:00:00","DATE_TYPE_CODE":"002","REPORT_TYPE":"2020年中报","PER_NETCASH_OPERATE":-0.168575949582,"PER_OI":0.116979990231,"BPS":0.364288642143,"BASIC_EPS":0.0263616,"DILUTED_EPS":0.02548288,"OPERATE_INCOME":47489543.68,"OPERATE_INCOME_YOY":3.3583231334,"GROSS_PROFIT":null,"GROSS_PROFIT_YOY":null,"HOLDER_PROFIT":10816164.48,"HOLDER_PROFIT_YOY":122.103933598,"GROSS_PROFIT_RATIO":null,"EPS_TTM":0.031847375536,"OPERATE_INCOME_QOQ":0,"NET_PROFIT_RATIO":22.4983346903,"ROE_AVG":7.178682654287,"GROSS_PROFIT_QOQ":null,"ROA":3.810022007683,"HOLDER_PROFIT_QOQ":0,"ROE_YEARLY":14.357365308574,"ROIC_YEARLY":11.780497433873,"TOTAL_ASSETS":262348007.04,"TOTAL_LIABILITIES":113233616.64,"TAX_EBT":14.835049380122,"OCF_SALES":-144.106653837614,"TOTAL_PARENT_EQUITY":147887697.28,"DEBT_ASSET_RATIO":43.1616073313,"OPERATE_PROFIT":12837220.48,"PRETAX_PROFIT":12545485.44,"NETCASH_OPERATE":-68435592.32,"NETCASH_INVEST":3224023.68,"NETCASH_FINANCE":-18125357.44,"END_CASH":29017091.84,"DIVI_RATIO":null,"DIVIDEND_RATE":null,"CURRENT_RATIO":2.25033684063,"COMMON_ACS":10000000000,"CURRENTDEBT_DEBT":99.640700904844,"ISSUED_COMMON_SHARES":405962965,"HK_COMMON_SHARES":405962965,"PER_SHARES":2000,"TOTAL_MARKET_CAP":64142148.47,"HKSK_MARKET_CAP":64142148.47,"PE_TTM":-1.974698247337,"PB_TTM":0.554570239493,"REPORT_DATE_SQ":"2019-06-30 00:00:00","REPORT_TYPE_SQ":"2019年中报","OPERATE_INCOME_SQ":47164298.88,"DPS_HKD":null,"OPERATE_INCOME_QOQ_SQ":0,"NET_PROFIT_RATIO_SQ":10.5989902081,"HOLDER_PROFIT_SQ":4998939.42,"HOLDER_PROFIT_QOQ_SQ":0,"ROE_AVG_SQ":4.76436099792,"PE_TTM_SQ":-3.113981480779,"PB_TTM_SQ":0.446880810221,"ROA_SQ":2.445924415551,"START_DATE":"2020-04-01 00:00:00","FISCAL_YEAR":"3-31","CURRENCY":"HKD","IS_CNY_CODE":0,"DPS_HKD_LY":0.049,"ORG_TYPE":"证券","PREMIUM_INCOME":null,"PREMIUM_INCOME_YOY":null,"NET_INTEREST_INCOME":3200298.24,"NET_INTEREST_INCOME_YOY":null,"FEE_COMMISSION_INCOME":18028698.24,"FEE_COMMISSION_INCOME_YOY":-52.462928637627,"ACCOUNTS_RECE_TDAYS":0.4175264701,"INVENTORY_TDAYS":null,"CURRENT_ASSETS_TDAYS":0.173006680944,"TOTAL_ASSETS_TDAYS":0.167283150039,"PREMIUM_EXPENSE":null,"LOAN_DEPOSIT":null,"LOAN_EQUITY":null,"LOAN_ASSETS":null,"DEPOSIT_EQUITY":null,"DEPOSIT_ASSETS":null,"EQUITY_MULTIPLIER":1.759374171308,"EQUITY_RATIO":0.765672998651}],"count":17},"success":true,"message":"ok","code":0}