{"version":"77c2d81cf91280baf97b82bcfce1783c","result":{"pages":4,"data":[{"SECUCODE":"03939.HK","SECURITY_CODE":"03939","SECURITY_NAME_ABBR":"万国黄金集团","ORG_CODE":"10268389","STD_REPORT_DATE":"2024-06-30 00:00:00","REPORT_DATE":"2024-06-30 00:00:00","DATE_TYPE_CODE":"002","REPORT_TYPE":"2024年中报","PER_NETCASH_OPERATE":0.253451690821,"PER_OI":1.120599033816,"BPS":1.383296156435,"BASIC_EPS":0.307,"DILUTED_EPS":null,"OPERATE_INCOME":927856000,"OPERATE_INCOME_YOY":59.6487183105,"GROSS_PROFIT":483879000,"GROSS_PROFIT_YOY":73.662393407792,"HOLDER_PROFIT":254271000,"HOLDER_PROFIT_YOY":72.8476551082,"GROSS_PROFIT_RATIO":52.150225897122,"EPS_TTM":0.534481884058,"OPERATE_INCOME_QOQ":26.358388007454,"NET_PROFIT_RATIO":35.6997206463,"ROE_AVG":17.506538160585,"GROSS_PROFIT_QOQ":33.145144750717,"ROA":10.034263637628,"HOLDER_PROFIT_QOQ":31.952341623259,"ROE_YEARLY":35.01307632117,"ROIC_YEARLY":25.935646149703,"TOTAL_ASSETS":2706452000,"TOTAL_LIABILITIES":788879000,"TAX_EBT":6.834373532166,"OCF_SALES":22.617518235588,"TOTAL_PARENT_EQUITY":1499254000,"DEBT_ASSET_RATIO":29.1480876069,"OPERATE_PROFIT":361540000,"PRETAX_PROFIT":355541000,"NETCASH_OPERATE":209858000,"NETCASH_INVEST":-276031000,"NETCASH_FINANCE":94954000,"END_CASH":201705000,"DIVI_RATIO":0.544013948223,"DIVIDEND_RATE":2.253521126761,"CURRENT_RATIO":1.61621759568,"COMMON_ACS":10000000000,"CURRENTDEBT_DEBT":76.990894674595,"ISSUED_COMMON_SHARES":1083827200,"HK_COMMON_SHARES":1083827200,"PER_SHARES":2000,"TOTAL_MARKET_CAP":15390346240,"HKSK_MARKET_CAP":15390346240,"PE_TTM":31.464277132906,"PB_TTM":9.368966970455,"REPORT_DATE_SQ":"2023-06-30 00:00:00","REPORT_TYPE_SQ":"2023年中报","OPERATE_INCOME_SQ":581186000,"DPS_HKD":0.32,"OPERATE_INCOME_QOQ_SQ":36.790340143642,"NET_PROFIT_RATIO_SQ":30.8737650253,"HOLDER_PROFIT_SQ":147107000,"HOLDER_PROFIT_QOQ_SQ":29.110446438462,"ROE_AVG_SQ":12.396298646416,"PE_TTM_SQ":15.398947712596,"PB_TTM_SQ":2.910415298746,"ROA_SQ":6.949141413259,"START_DATE":"2024-01-01 00:00:00","FISCAL_YEAR":"12-31","CURRENCY":"HKD","IS_CNY_CODE":0,"DPS_HKD_LY":0.32,"ORG_TYPE":"一般企业","PREMIUM_INCOME":null,"PREMIUM_INCOME_YOY":null,"NET_INTEREST_INCOME":null,"NET_INTEREST_INCOME_YOY":null,"FEE_COMMISSION_INCOME":null,"FEE_COMMISSION_INCOME_YOY":null,"ACCOUNTS_RECE_TDAYS":2.643042705437,"INVENTORY_TDAYS":2.49777495232,"CURRENT_ASSETS_TDAYS":1.114412563589,"TOTAL_ASSETS_TDAYS":0.36615861509,"PREMIUM_EXPENSE":null,"LOAN_DEPOSIT":null,"LOAN_EQUITY":null,"LOAN_ASSETS":null,"DEPOSIT_EQUITY":null,"DEPOSIT_ASSETS":null,"EQUITY_MULTIPLIER":1.411394507535,"EQUITY_RATIO":0.526181020694},{"SECUCODE":"03939.HK","SECURITY_CODE":"03939","SECURITY_NAME_ABBR":"万国黄金集团","ORG_CODE":"10268389","STD_REPORT_DATE":"2023-12-31 00:00:00","REPORT_DATE":"2023-12-31 00:00:00","DATE_TYPE_CODE":"001","REPORT_TYPE":"2023年年报","PER_NETCASH_OPERATE":0.422702898551,"PER_OI":1.588426328502,"BPS":1.296899542658,"BASIC_EPS":0.405,"DILUTED_EPS":null,"OPERATE_INCOME":1315217000,"OPERATE_INCOME_YOY":93.0117783798,"GROSS_PROFIT":619237000,"GROSS_PROFIT_YOY":96.15723318255,"HOLDER_PROFIT":335387000,"HOLDER_PROFIT_YOY":85.768804697,"GROSS_PROFIT_RATIO":47.082496652644,"EPS_TTM":0.405056763285,"OPERATE_INCOME_QOQ":41.100444795379,"NET_PROFIT_RATIO":29.7242964469,"ROE_AVG":26.262842197582,"GROSS_PROFIT_QOQ":42.398180576411,"ROA":15.246367482611,"HOLDER_PROFIT_QOQ":43.883635926828,"ROE_YEARLY":26.262842197582,"ROIC_YEARLY":19.142940638602,"TOTAL_ASSETS":2361603000,"TOTAL_LIABILITIES":601137000,"TAX_EBT":7.283309103069,"OCF_SALES":26.611426099267,"TOTAL_PARENT_EQUITY":1405615000,"DEBT_ASSET_RATIO":25.4546170546,"OPERATE_PROFIT":434294000,"PRETAX_PROFIT":421649000,"NETCASH_OPERATE":349998000,"NETCASH_INVEST":-159059000,"NETCASH_FINANCE":-87655000,"END_CASH":171612000,"DIVI_RATIO":0.717839143437,"DIVIDEND_RATE":2.749140893471,"CURRENT_RATIO":1.383448222822,"COMMON_ACS":10000000000,"CURRENTDEBT_DEBT":82.193909208716,"ISSUED_COMMON_SHARES":1083827200,"HK_COMMON_SHARES":1083827200,"PER_SHARES":2000,"TOTAL_MARKET_CAP":12615748608,"HKSK_MARKET_CAP":12615748608,"PE_TTM":25.791844072326,"PB_TTM":7.679913770148,"REPORT_DATE_SQ":"2022-12-31 00:00:00","REPORT_TYPE_SQ":"2022年年报","OPERATE_INCOME_SQ":681418000,"DPS_HKD":0.32,"OPERATE_INCOME_QOQ_SQ":-55.230895778912,"NET_PROFIT_RATIO_SQ":24.9065918423,"HOLDER_PROFIT_SQ":180540000,"HOLDER_PROFIT_QOQ_SQ":-9.653657340453,"ROE_AVG_SQ":16.499635352027,"PE_TTM_SQ":11.540967236421,"PB_TTM_SQ":2.181253435891,"ROA_SQ":9.411156343578,"START_DATE":"2023-01-01 00:00:00","FISCAL_YEAR":"12-31","CURRENCY":"HKD","IS_CNY_CODE":0,"DPS_HKD_LY":0.1065,"ORG_TYPE":"一般企业","PREMIUM_INCOME":null,"PREMIUM_INCOME_YOY":null,"NET_INTEREST_INCOME":null,"NET_INTEREST_INCOME_YOY":null,"FEE_COMMISSION_INCOME":null,"FEE_COMMISSION_INCOME_YOY":null,"ACCOUNTS_RECE_TDAYS":5.436229904251,"INVENTORY_TDAYS":3.889644919983,"CURRENT_ASSETS_TDAYS":2.378255660987,"TOTAL_ASSETS_TDAYS":0.597884882282,"PREMIUM_EXPENSE":null,"LOAN_DEPOSIT":null,"LOAN_EQUITY":null,"LOAN_ASSETS":null,"DEPOSIT_EQUITY":null,"DEPOSIT_ASSETS":null,"EQUITY_MULTIPLIER":1.341464703096,"EQUITY_RATIO":0.427668316004},{"SECUCODE":"03939.HK","SECURITY_CODE":"03939","SECURITY_NAME_ABBR":"万国黄金集团","ORG_CODE":"10268389","STD_REPORT_DATE":"2023-06-30 00:00:00","REPORT_DATE":"2023-06-30 00:00:00","DATE_TYPE_CODE":"002","REPORT_TYPE":"2023年中报","PER_NETCASH_OPERATE":0.200869565217,"PER_OI":0.701915458937,"BPS":1.130195846718,"BASIC_EPS":0.178,"DILUTED_EPS":null,"OPERATE_INCOME":581186000,"OPERATE_INCOME_YOY":75.8558504039,"GROSS_PROFIT":278632000,"GROSS_PROFIT_YOY":74.74240058199,"HOLDER_PROFIT":147107000,"HOLDER_PROFIT_YOY":55.5848166598,"GROSS_PROFIT_RATIO":47.941966943457,"EPS_TTM":0.281516908213,"OPERATE_INCOME_QOQ":36.790340143642,"NET_PROFIT_RATIO":30.8737650253,"ROE_AVG":12.396298646416,"GROSS_PROFIT_QOQ":37.752626043765,"ROA":6.949141413259,"HOLDER_PROFIT_QOQ":29.110446438462,"ROE_YEARLY":24.792597292831,"ROIC_YEARLY":17.551314421728,"TOTAL_ASSETS":2195855000,"TOTAL_LIABILITIES":634897000,"TAX_EBT":5.32835970517,"OCF_SALES":28.61734453342,"TOTAL_PARENT_EQUITY":1224937000,"DEBT_ASSET_RATIO":28.9134300762,"OPERATE_PROFIT":196864000,"PRETAX_PROFIT":189533000,"NETCASH_OPERATE":166320000,"NETCASH_INVEST":-54641000,"NETCASH_FINANCE":-3768000,"END_CASH":176107000,"DIVI_RATIO":1.032853059684,"DIVIDEND_RATE":2.749140893471,"CURRENT_RATIO":1.087119088388,"COMMON_ACS":10000000000,"CURRENTDEBT_DEBT":83.154275417902,"ISSUED_COMMON_SHARES":1083827200,"HK_COMMON_SHARES":1083827200,"PER_SHARES":2000,"TOTAL_MARKET_CAP":12615748608,"HKSK_MARKET_CAP":12615748608,"PE_TTM":25.791844072326,"PB_TTM":7.679913770148,"REPORT_DATE_SQ":"2022-06-30 00:00:00","REPORT_TYPE_SQ":"2022年中报","OPERATE_INCOME_SQ":330490000,"DPS_HKD":0.32,"OPERATE_INCOME_QOQ_SQ":-24.440241362791,"NET_PROFIT_RATIO_SQ":26.2416411994,"HOLDER_PROFIT_SQ":94551000,"HOLDER_PROFIT_QOQ_SQ":3.308139294429,"ROE_AVG_SQ":9.041695594049,"PE_TTM_SQ":11.540967236421,"PB_TTM_SQ":2.181253435891,"ROA_SQ":4.947319842022,"START_DATE":"2023-01-01 00:00:00","FISCAL_YEAR":"12-31","CURRENCY":"HKD","IS_CNY_CODE":0,"DPS_HKD_LY":0.1065,"ORG_TYPE":"一般企业","PREMIUM_INCOME":null,"PREMIUM_INCOME_YOY":null,"NET_INTEREST_INCOME":null,"NET_INTEREST_INCOME_YOY":null,"FEE_COMMISSION_INCOME":null,"FEE_COMMISSION_INCOME_YOY":null,"ACCOUNTS_RECE_TDAYS":3.053465835507,"INVENTORY_TDAYS":1.630232313789,"CURRENT_ASSETS_TDAYS":1.166555267188,"TOTAL_ASSETS_TDAYS":0.274544630875,"PREMIUM_EXPENSE":null,"LOAN_DEPOSIT":null,"LOAN_EQUITY":null,"LOAN_ASSETS":null,"DEPOSIT_EQUITY":null,"DEPOSIT_ASSETS":null,"EQUITY_MULTIPLIER":1.406735479109,"EQUITY_RATIO":0.518309921245},{"SECUCODE":"03939.HK","SECURITY_CODE":"03939","SECURITY_NAME_ABBR":"万国黄金集团","ORG_CODE":"10268389","STD_REPORT_DATE":"2022-12-31 00:00:00","REPORT_DATE":"2022-12-31 00:00:00","DATE_TYPE_CODE":"001","REPORT_TYPE":"2022年年报","PER_NETCASH_OPERATE":0.201654589372,"PER_OI":0.822968599034,"BPS":1.059638473735,"BASIC_EPS":0.218,"DILUTED_EPS":null,"OPERATE_INCOME":681418000,"OPERATE_INCOME_YOY":-66.1725729065,"GROSS_PROFIT":315684000,"GROSS_PROFIT_YOY":-0.165397982967,"HOLDER_PROFIT":180540000,"HOLDER_PROFIT_YOY":-6.6648744779,"GROSS_PROFIT_RATIO":46.327511160551,"EPS_TTM":0.218043478261,"OPERATE_INCOME_QOQ":-55.230895778912,"NET_PROFIT_RATIO":24.9065918423,"ROE_AVG":16.499635352027,"GROSS_PROFIT_QOQ":-3.5994026952,"ROA":9.411156343578,"HOLDER_PROFIT_QOQ":-9.653657340453,"ROE_YEARLY":16.499635352027,"ROIC_YEARLY":11.785018391652,"TOTAL_ASSETS":2037963000,"TOTAL_LIABILITIES":588364000,"TAX_EBT":18.881379587233,"OCF_SALES":24.50331514577,"TOTAL_PARENT_EQUITY":1148465000,"DEBT_ASSET_RATIO":28.8702002931,"OPERATE_PROFIT":223711000,"PRETAX_PROFIT":209222000,"NETCASH_OPERATE":166970000,"NETCASH_INVEST":-182350000,"NETCASH_FINANCE":-34267000,"END_CASH":67941000,"DIVI_RATIO":1.333521196411,"DIVIDEND_RATE":2.749140893471,"CURRENT_RATIO":0.867467999392,"COMMON_ACS":10000000000,"CURRENTDEBT_DEBT":82.775628692442,"ISSUED_COMMON_SHARES":1083827200,"HK_COMMON_SHARES":1083827200,"PER_SHARES":2000,"TOTAL_MARKET_CAP":12615748608,"HKSK_MARKET_CAP":12615748608,"PE_TTM":25.791844072326,"PB_TTM":7.679913770148,"REPORT_DATE_SQ":"2021-12-31 00:00:00","REPORT_TYPE_SQ":"2021年年报","OPERATE_INCOME_SQ":2014395000,"DPS_HKD":0.32,"OPERATE_INCOME_QOQ_SQ":-0.013600248974,"NET_PROFIT_RATIO_SQ":9.0170994269,"HOLDER_PROFIT_SQ":193432000,"HOLDER_PROFIT_QOQ_SQ":21.845394073775,"ROE_AVG_SQ":22.074525145275,"PE_TTM_SQ":11.540967236421,"PB_TTM_SQ":2.181253435891,"ROA_SQ":11.892537284068,"START_DATE":"2022-01-01 00:00:00","FISCAL_YEAR":"12-31","CURRENCY":"HKD","IS_CNY_CODE":0,"DPS_HKD_LY":0.1161,"ORG_TYPE":"一般企业","PREMIUM_INCOME":null,"PREMIUM_INCOME_YOY":null,"NET_INTEREST_INCOME":null,"NET_INTEREST_INCOME_YOY":null,"FEE_COMMISSION_INCOME":null,"FEE_COMMISSION_INCOME_YOY":null,"ACCOUNTS_RECE_TDAYS":3.82571933863,"INVENTORY_TDAYS":4.144999149997,"CURRENT_ASSETS_TDAYS":1.900246657436,"TOTAL_ASSETS_TDAYS":0.355208337949,"PREMIUM_EXPENSE":null,"LOAN_DEPOSIT":null,"LOAN_EQUITY":null,"LOAN_ASSETS":null,"DEPOSIT_EQUITY":null,"DEPOSIT_ASSETS":null,"EQUITY_MULTIPLIER":1.40588052282,"EQUITY_RATIO":0.512304684949},{"SECUCODE":"03939.HK","SECURITY_CODE":"03939","SECURITY_NAME_ABBR":"万国黄金集团","ORG_CODE":"10268389","STD_REPORT_DATE":"2022-06-30 00:00:00","REPORT_DATE":"2022-06-30 00:00:00","DATE_TYPE_CODE":"002","REPORT_TYPE":"2022年中报","PER_NETCASH_OPERATE":-0.002858695652,"PER_OI":0.399142512077,"BPS":0.970170337116,"BASIC_EPS":0.114,"DILUTED_EPS":null,"OPERATE_INCOME":330490000,"OPERATE_INCOME_YOY":-59.8341299907,"GROSS_PROFIT":159453000,"GROSS_PROFIT_YOY":7.601103995573,"HOLDER_PROFIT":94551000,"HOLDER_PROFIT_YOY":7.2590525456,"GROSS_PROFIT_RATIO":48.24745075494,"EPS_TTM":0.24134178744,"OPERATE_INCOME_QOQ":-24.440241362791,"NET_PROFIT_RATIO":26.2416411994,"ROE_AVG":9.041695594049,"GROSS_PROFIT_QOQ":3.562223480189,"ROA":4.947319842022,"HOLDER_PROFIT_QOQ":3.308139294429,"ROE_YEARLY":18.083391188098,"ROIC_YEARLY":12.643402650674,"TOTAL_ASSETS":2023552000,"TOTAL_LIABILITIES":669970000,"TAX_EBT":17.518498088372,"OCF_SALES":-0.716209265031,"TOTAL_PARENT_EQUITY":1051497000,"DEBT_ASSET_RATIO":33.1086129736,"OPERATE_PROFIT":110110000,"PRETAX_PROFIT":105146000,"NETCASH_OPERATE":-2367000,"NETCASH_INVEST":-50599000,"NETCASH_FINANCE":60912000,"END_CASH":125154000,"DIVI_RATIO":1.204787629547,"DIVIDEND_RATE":2.749140893471,"CURRENT_RATIO":0.887213070106,"COMMON_ACS":10000000000,"CURRENTDEBT_DEBT":85.494574383928,"ISSUED_COMMON_SHARES":1083827200,"HK_COMMON_SHARES":1083827200,"PER_SHARES":2000,"TOTAL_MARKET_CAP":12615748608,"HKSK_MARKET_CAP":12615748608,"PE_TTM":25.791844072326,"PB_TTM":7.679913770148,"REPORT_DATE_SQ":"2021-06-30 00:00:00","REPORT_TYPE_SQ":"2021年中报","OPERATE_INCOME_SQ":822813000,"DPS_HKD":0.32,"OPERATE_INCOME_QOQ_SQ":44.509390708564,"NET_PROFIT_RATIO_SQ":10.5232902251,"HOLDER_PROFIT_SQ":88152000,"HOLDER_PROFIT_QOQ_SQ":83.081731268236,"ROE_AVG_SQ":10.505403933449,"PE_TTM_SQ":11.540967236421,"PB_TTM_SQ":2.181253435891,"ROA_SQ":5.543162587048,"START_DATE":"2022-01-01 00:00:00","FISCAL_YEAR":"12-31","CURRENCY":"HKD","IS_CNY_CODE":0,"DPS_HKD_LY":0.1161,"ORG_TYPE":"一般企业","PREMIUM_INCOME":null,"PREMIUM_INCOME_YOY":null,"NET_INTEREST_INCOME":null,"NET_INTEREST_INCOME_YOY":null,"FEE_COMMISSION_INCOME":null,"FEE_COMMISSION_INCOME_YOY":null,"ACCOUNTS_RECE_TDAYS":1.42234942222,"INVENTORY_TDAYS":3.536014058301,"CURRENT_ASSETS_TDAYS":0.823242802946,"TOTAL_ASSETS_TDAYS":0.172926752186,"PREMIUM_EXPENSE":null,"LOAN_DEPOSIT":null,"LOAN_EQUITY":null,"LOAN_ASSETS":null,"DEPOSIT_EQUITY":null,"DEPOSIT_ASSETS":null,"EQUITY_MULTIPLIER":1.494960778142,"EQUITY_RATIO":0.637158261032},{"SECUCODE":"03939.HK","SECURITY_CODE":"03939","SECURITY_NAME_ABBR":"万国黄金集团","ORG_CODE":"10268389","STD_REPORT_DATE":"2021-12-31 00:00:00","REPORT_DATE":"2021-12-31 00:00:00","DATE_TYPE_CODE":"001","REPORT_TYPE":"2021年年报","PER_NETCASH_OPERATE":0.176236714976,"PER_OI":2.432844202899,"BPS":0.95951365679,"BASIC_EPS":0.239,"DILUTED_EPS":null,"OPERATE_INCOME":2014395000,"OPERATE_INCOME_YOY":44.4897370716,"GROSS_PROFIT":316207000,"GROSS_PROFIT_YOY":100.882414601452,"HOLDER_PROFIT":193432000,"HOLDER_PROFIT_YOY":123.0766569409,"GROSS_PROFIT_RATIO":15.697368192435,"EPS_TTM":0.23361352657,"OPERATE_INCOME_QOQ":-0.013600248974,"NET_PROFIT_RATIO":9.0170994269,"ROE_AVG":22.074525145275,"GROSS_PROFIT_QOQ":19.989450876374,"ROA":11.892537284068,"HOLDER_PROFIT_QOQ":21.845394073775,"ROE_YEARLY":22.074525145275,"ROIC_YEARLY":15.316596873128,"TOTAL_ASSETS":1798760000,"TOTAL_LIABILITIES":471349000,"TAX_EBT":17.789495123221,"OCF_SALES":7.244060871875,"TOTAL_PARENT_EQUITY":1039947000,"DEBT_ASSET_RATIO":26.2041072739,"OPERATE_PROFIT":228551000,"PRETAX_PROFIT":220945000,"NETCASH_OPERATE":145924000,"NETCASH_INVEST":-226919000,"NETCASH_FINANCE":160706000,"END_CASH":116294000,"DIVI_RATIO":1.244643682534,"DIVIDEND_RATE":2.749140893471,"CURRENT_RATIO":0.890479211989,"COMMON_ACS":10000000000,"CURRENTDEBT_DEBT":70.215487886895,"ISSUED_COMMON_SHARES":1083827200,"HK_COMMON_SHARES":1083827200,"PER_SHARES":2000,"TOTAL_MARKET_CAP":12615748608,"HKSK_MARKET_CAP":12615748608,"PE_TTM":25.791844072326,"PB_TTM":7.679913770148,"REPORT_DATE_SQ":"2020-12-31 00:00:00","REPORT_TYPE_SQ":"2020年年报","OPERATE_INCOME_SQ":1394144000,"DPS_HKD":0.32,"OPERATE_INCOME_QOQ_SQ":253.364729022087,"NET_PROFIT_RATIO_SQ":6.0888258315,"HOLDER_PROFIT_SQ":86711000,"HOLDER_PROFIT_QOQ_SQ":41.663807609992,"ROE_AVG_SQ":13.013290031238,"PE_TTM_SQ":11.540967236421,"PB_TTM_SQ":2.181253435891,"ROA_SQ":6.3811530392,"START_DATE":"2021-01-01 00:00:00","FISCAL_YEAR":"12-31","CURRENCY":"HKD","IS_CNY_CODE":0,"DPS_HKD_LY":0.0356,"ORG_TYPE":"一般企业","PREMIUM_INCOME":null,"PREMIUM_INCOME_YOY":null,"NET_INTEREST_INCOME":null,"NET_INTEREST_INCOME_YOY":null,"FEE_COMMISSION_INCOME":null,"FEE_COMMISSION_INCOME_YOY":null,"ACCOUNTS_RECE_TDAYS":18.86614593577,"INVENTORY_TDAYS":120.99665122907,"CURRENT_ASSETS_TDAYS":10.108060776974,"TOTAL_ASSETS_TDAYS":1.23848523731,"PREMIUM_EXPENSE":null,"LOAN_DEPOSIT":null,"LOAN_EQUITY":null,"LOAN_ASSETS":null,"DEPOSIT_EQUITY":null,"DEPOSIT_ASSETS":null,"EQUITY_MULTIPLIER":1.355088966417,"EQUITY_RATIO":0.453243290283},{"SECUCODE":"03939.HK","SECURITY_CODE":"03939","SECURITY_NAME_ABBR":"万国黄金集团","ORG_CODE":"10268389","STD_REPORT_DATE":"2021-06-30 00:00:00","REPORT_DATE":"2021-06-30 00:00:00","DATE_TYPE_CODE":"002","REPORT_TYPE":"2021年中报","PER_NETCASH_OPERATE":0.094369565217,"PER_OI":0.993735507246,"BPS":0.890947376113,"BASIC_EPS":0.111,"DILUTED_EPS":null,"OPERATE_INCOME":822813000,"OPERATE_INCOME_YOY":306.7532429012,"GROSS_PROFIT":148189000,"GROSS_PROFIT_YOY":252.252252252252,"HOLDER_PROFIT":88152000,"HOLDER_PROFIT_YOY":447.1541183043,"GROSS_PROFIT_RATIO":18.010046025039,"EPS_TTM":0.191729468599,"OPERATE_INCOME_QOQ":44.509390708564,"NET_PROFIT_RATIO":10.5232902251,"ROE_AVG":10.505403933449,"GROSS_PROFIT_QOQ":67.416729666029,"ROA":5.543162587048,"HOLDER_PROFIT_QOQ":83.081731268236,"ROE_YEARLY":21.010807866897,"ROIC_YEARLY":14.451733902318,"TOTAL_ASSETS":1726329000,"TOTAL_LIABILITIES":475466000,"TAX_EBT":16.667949877774,"OCF_SALES":9.49644694481,"TOTAL_PARENT_EQUITY":965633000,"DEBT_ASSET_RATIO":27.5420270412,"OPERATE_PROFIT":108087000,"PRETAX_PROFIT":103906000,"NETCASH_OPERATE":78138000,"NETCASH_INVEST":-157680000,"NETCASH_FINANCE":180424000,"END_CASH":131979000,"DIVI_RATIO":1.516540999798,"DIVIDEND_RATE":2.749140893471,"CURRENT_RATIO":0.899025361732,"COMMON_ACS":10000000000,"CURRENTDEBT_DEBT":63.680473472341,"ISSUED_COMMON_SHARES":1083827200,"HK_COMMON_SHARES":1083827200,"PER_SHARES":2000,"TOTAL_MARKET_CAP":12615748608,"HKSK_MARKET_CAP":12615748608,"PE_TTM":25.791844072326,"PB_TTM":7.679913770148,"REPORT_DATE_SQ":"2020-06-30 00:00:00","REPORT_TYPE_SQ":"2020年中报","OPERATE_INCOME_SQ":202288000,"DPS_HKD":0.32,"OPERATE_INCOME_QOQ_SQ":26.79661262072,"NET_PROFIT_RATIO_SQ":7.7246302302,"HOLDER_PROFIT_SQ":16111000,"HOLDER_PROFIT_QOQ_SQ":10.209042294604,"ROE_AVG_SQ":2.565108882989,"PE_TTM_SQ":11.540967236421,"PB_TTM_SQ":2.181253435891,"ROA_SQ":1.210907714792,"START_DATE":"2021-01-01 00:00:00","FISCAL_YEAR":"12-31","CURRENCY":"HKD","IS_CNY_CODE":0,"DPS_HKD_LY":0.0356,"ORG_TYPE":"一般企业","PREMIUM_INCOME":null,"PREMIUM_INCOME_YOY":null,"NET_INTEREST_INCOME":null,"NET_INTEREST_INCOME_YOY":null,"FEE_COMMISSION_INCOME":null,"FEE_COMMISSION_INCOME_YOY":null,"ACCOUNTS_RECE_TDAYS":10.460972214276,"INVENTORY_TDAYS":51.669589859457,"CURRENT_ASSETS_TDAYS":4.375908420087,"TOTAL_ASSETS_TDAYS":0.517400199398,"PREMIUM_EXPENSE":null,"LOAN_DEPOSIT":null,"LOAN_EQUITY":null,"LOAN_ASSETS":null,"DEPOSIT_EQUITY":null,"DEPOSIT_ASSETS":null,"EQUITY_MULTIPLIER":1.380110371799,"EQUITY_RATIO":0.49238789478},{"SECUCODE":"03939.HK","SECURITY_CODE":"03939","SECURITY_NAME_ABBR":"万国黄金集团","ORG_CODE":"10268389","STD_REPORT_DATE":"2020-12-31 00:00:00","REPORT_DATE":"2020-12-31 00:00:00","DATE_TYPE_CODE":"001","REPORT_TYPE":"2020年年报","PER_NETCASH_OPERATE":0.1183375,"PER_OI":1.936311111111,"BPS":0.65747473398,"BASIC_EPS":0.12,"DILUTED_EPS":null,"OPERATE_INCOME":1394144000,"OPERATE_INCOME_YOY":348.0545065964,"GROSS_PROFIT":157409000,"GROSS_PROFIT_YOY":45.345337026778,"HOLDER_PROFIT":86711000,"HOLDER_PROFIT_YOY":56.126325645,"GROSS_PROFIT_RATIO":11.290727500172,"EPS_TTM":0.120431944444,"OPERATE_INCOME_QOQ":253.364729022087,"NET_PROFIT_RATIO":6.0888258315,"ROE_AVG":13.013290031238,"GROSS_PROFIT_QOQ":40.952764719051,"ROA":6.3811530392,"HOLDER_PROFIT_QOQ":41.663807609992,"ROE_YEARLY":13.013290031238,"ROIC_YEARLY":7.958204078636,"TOTAL_ASSETS":1454238000,"TOTAL_LIABILITIES":454854000,"TAX_EBT":15.876838308162,"OCF_SALES":6.111492069686,"TOTAL_PARENT_EQUITY":712589000,"DEBT_ASSET_RATIO":31.27782385,"OPERATE_PROFIT":110578000,"PRETAX_PROFIT":100908000,"NETCASH_OPERATE":85203000,"NETCASH_INVEST":-78240000,"NETCASH_FINANCE":25037000,"END_CASH":36662000,"DIVI_RATIO":2.414356102455,"DIVIDEND_RATE":2.749140893471,"CURRENT_RATIO":0.334901553602,"COMMON_ACS":10000000000,"CURRENTDEBT_DEBT":68.179679633465,"ISSUED_COMMON_SHARES":1083827200,"HK_COMMON_SHARES":1083827200,"PER_SHARES":2000,"TOTAL_MARKET_CAP":12615748608,"HKSK_MARKET_CAP":12615748608,"PE_TTM":25.791844072326,"PB_TTM":7.679913770148,"REPORT_DATE_SQ":"2019-12-31 00:00:00","REPORT_TYPE_SQ":"2019年年报","OPERATE_INCOME_SQ":311155000,"DPS_HKD":0.32,"OPERATE_INCOME_QOQ_SQ":8.864732102247,"NET_PROFIT_RATIO_SQ":17.8065594318,"HOLDER_PROFIT_SQ":55539000,"HOLDER_PROFIT_QOQ_SQ":0.716306397795,"ROE_AVG_SQ":9.219705691204,"PE_TTM_SQ":11.540967236421,"PB_TTM_SQ":2.181253435891,"ROA_SQ":4.441188971035,"START_DATE":"2020-01-01 00:00:00","FISCAL_YEAR":"12-31","CURRENCY":"HKD","IS_CNY_CODE":0,"DPS_HKD_LY":null,"ORG_TYPE":"一般企业","PREMIUM_INCOME":null,"PREMIUM_INCOME_YOY":null,"NET_INTEREST_INCOME":null,"NET_INTEREST_INCOME_YOY":null,"FEE_COMMISSION_INCOME":null,"FEE_COMMISSION_INCOME_YOY":null,"ACCOUNTS_RECE_TDAYS":31.028554895284,"INVENTORY_TDAYS":132.299422336329,"CURRENT_ASSETS_TDAYS":18.119650121522,"TOTAL_ASSETS_TDAYS":1.025965128148,"PREMIUM_EXPENSE":null,"LOAN_DEPOSIT":null,"LOAN_EQUITY":null,"LOAN_ASSETS":null,"DEPOSIT_EQUITY":null,"DEPOSIT_ASSETS":null,"EQUITY_MULTIPLIER":1.455134362767,"EQUITY_RATIO":0.638311845959},{"SECUCODE":"03939.HK","SECURITY_CODE":"03939","SECURITY_NAME_ABBR":"万国黄金集团","ORG_CODE":"10268389","STD_REPORT_DATE":"2020-06-30 00:00:00","REPORT_DATE":"2020-06-30 00:00:00","DATE_TYPE_CODE":"002","REPORT_TYPE":"2020年中报","PER_NETCASH_OPERATE":0.022329166667,"PER_OI":0.280955555556,"BPS":0.586902598495,"BASIC_EPS":0.022,"DILUTED_EPS":null,"OPERATE_INCOME":202288000,"OPERATE_INCOME_YOY":70.120007737,"GROSS_PROFIT":42069000,"GROSS_PROFIT_YOY":8.722282524422,"HOLDER_PROFIT":16111000,"HOLDER_PROFIT_YOY":54.3051431855,"GROSS_PROFIT_RATIO":20.796587044214,"EPS_TTM":0.0850125,"OPERATE_INCOME_QOQ":26.79661262072,"NET_PROFIT_RATIO":7.7246302302,"ROE_AVG":2.565108882989,"GROSS_PROFIT_QOQ":3.116343490305,"ROA":1.210907714792,"HOLDER_PROFIT_QOQ":10.209042294604,"ROE_YEARLY":5.130217765978,"ROIC_YEARLY":3.021481474883,"TOTAL_ASSETS":1397495000,"TOTAL_LIABILITIES":473386000,"TAX_EBT":18.851267137516,"OCF_SALES":7.947579688365,"TOTAL_PARENT_EQUITY":636101000,"DEBT_ASSET_RATIO":33.8738957921,"OPERATE_PROFIT":21913000,"PRETAX_PROFIT":19256000,"NETCASH_OPERATE":16077000,"NETCASH_INVEST":-38265000,"NETCASH_FINANCE":42507000,"END_CASH":25005000,"DIVI_RATIO":3.420268784002,"DIVIDEND_RATE":2.749140893471,"CURRENT_RATIO":0.235706652867,"COMMON_ACS":10000000000,"CURRENTDEBT_DEBT":62.863287042709,"ISSUED_COMMON_SHARES":1083827200,"HK_COMMON_SHARES":1083827200,"PER_SHARES":2000,"TOTAL_MARKET_CAP":12615748608,"HKSK_MARKET_CAP":12615748608,"PE_TTM":25.791844072326,"PB_TTM":7.679913770148,"REPORT_DATE_SQ":"2019-06-30 00:00:00","REPORT_TYPE_SQ":"2019年中报","OPERATE_INCOME_SQ":118909000,"DPS_HKD":0.32,"OPERATE_INCOME_QOQ_SQ":-10.868216135641,"NET_PROFIT_RATIO_SQ":8.53341631,"HOLDER_PROFIT_SQ":10441000,"HOLDER_PROFIT_QOQ_SQ":-23.565042622496,"ROE_AVG_SQ":1.769790001644,"PE_TTM_SQ":11.540967236421,"PB_TTM_SQ":2.181253435891,"ROA_SQ":0.849320628909,"START_DATE":"2020-01-01 00:00:00","FISCAL_YEAR":"12-31","CURRENCY":"HKD","IS_CNY_CODE":0,"DPS_HKD_LY":null,"ORG_TYPE":"一般企业","PREMIUM_INCOME":null,"PREMIUM_INCOME_YOY":null,"NET_INTEREST_INCOME":null,"NET_INTEREST_INCOME_YOY":null,"FEE_COMMISSION_INCOME":null,"FEE_COMMISSION_INCOME_YOY":null,"ACCOUNTS_RECE_TDAYS":5.702751465945,"INVENTORY_TDAYS":16.386499616466,"CURRENT_ASSETS_TDAYS":3.366809247208,"TOTAL_ASSETS_TDAYS":0.152040282918,"PREMIUM_EXPENSE":null,"LOAN_DEPOSIT":null,"LOAN_EQUITY":null,"LOAN_ASSETS":null,"DEPOSIT_EQUITY":null,"DEPOSIT_ASSETS":null,"EQUITY_MULTIPLIER":1.512262081637,"EQUITY_RATIO":0.744199427449}],"count":29},"success":true,"message":"ok","code":0}