{"version":"9cc5451020297e361bcaae85b9876134","result":{"pages":5,"data":[{"SECUCODE":"03933.HK","SECURITY_CODE":"03933","SECURITY_NAME_ABBR":"联邦制药","ORG_CODE":"10080015","STD_REPORT_DATE":"2024-06-30 00:00:00","REPORT_DATE":"2024-06-30 00:00:00","DATE_TYPE_CODE":"002","REPORT_TYPE":"2024年中报","PER_NETCASH_OPERATE":1.015712754808,"PER_OI":3.949201604053,"BPS":7.443729048778,"BASIC_EPS":0.8208,"DILUTED_EPS":null,"OPERATE_INCOME":7175804000,"OPERATE_INCOME_YOY":3.8989222364,"GROSS_PROFIT":3344365000,"GROSS_PROFIT_YOY":4.07889339862,"HOLDER_PROFIT":1491404000,"HOLDER_PROFIT_YOY":16.1081077715,"GROSS_PROFIT_RATIO":46.606136399489,"EPS_TTM":1.600558928114,"OPERATE_INCOME_QOQ":1.959842586678,"NET_PROFIT_RATIO":20.778089814,"ROE_AVG":11.358651033953,"GROSS_PROFIT_QOQ":2.068987726125,"ROA":6.803336855802,"HOLDER_PROFIT_QOQ":7.659429544487,"ROE_YEARLY":22.717302067906,"ROIC_YEARLY":18.096697064361,"TOTAL_ASSETS":22826129000,"TOTAL_LIABILITIES":9252246000,"TAX_EBT":21.596811698153,"OCF_SALES":25.719445514398,"TOTAL_PARENT_EQUITY":13525453000,"DEBT_ASSET_RATIO":40.5335744839,"OPERATE_PROFIT":1885100000,"PRETAX_PROFIT":1901702000,"NETCASH_OPERATE":1845577000,"NETCASH_INVEST":-523670000,"NETCASH_FINANCE":970369000,"END_CASH":6554830000,"DIVI_RATIO":0.175102018124,"DIVIDEND_RATE":2.410070422535,"CURRENT_RATIO":2.043063183163,"COMMON_ACS":3800000000,"CURRENTDEBT_DEBT":80.134293878481,"ISSUED_COMMON_SHARES":1817026508,"HK_COMMON_SHARES":1817026508,"PER_SHARES":2000,"TOTAL_MARKET_CAP":23221598772.24,"HKSK_MARKET_CAP":23221598772.24,"PE_TTM":7.207650273895,"PB_TTM":1.566963322223,"REPORT_DATE_SQ":"2023-06-30 00:00:00","REPORT_TYPE_SQ":"2023年中报","OPERATE_INCOME_SQ":6906524000,"DPS_HKD":0.308007,"OPERATE_INCOME_QOQ_SQ":15.215803199185,"NET_PROFIT_RATIO_SQ":18.594592591,"HOLDER_PROFIT_SQ":1284496000,"HOLDER_PROFIT_QOQ_SQ":41.425683735439,"ROE_AVG_SQ":11.604123004268,"PE_TTM_SQ":5.989162023905,"PB_TTM_SQ":1.162314232164,"ROA_SQ":6.629727776439,"START_DATE":"2024-01-01 00:00:00","FISCAL_YEAR":"12-31","CURRENCY":"HKD","IS_CNY_CODE":0,"DPS_HKD_LY":0.308007,"ORG_TYPE":"一般企业","PREMIUM_INCOME":null,"PREMIUM_INCOME_YOY":null,"NET_INTEREST_INCOME":null,"NET_INTEREST_INCOME_YOY":null,"FEE_COMMISSION_INCOME":null,"FEE_COMMISSION_INCOME_YOY":null,"ACCOUNTS_RECE_TDAYS":null,"INVENTORY_TDAYS":1.660542663494,"CURRENT_ASSETS_TDAYS":0.495996032476,"TOTAL_ASSETS_TDAYS":0.327338613972,"PREMIUM_EXPENSE":null,"LOAN_DEPOSIT":null,"LOAN_EQUITY":null,"LOAN_ASSETS":null,"DEPOSIT_EQUITY":null,"DEPOSIT_ASSETS":null,"EQUITY_MULTIPLIER":1.681621169124,"EQUITY_RATIO":0.684061820332},{"SECUCODE":"03933.HK","SECURITY_CODE":"03933","SECURITY_NAME_ABBR":"联邦制药","ORG_CODE":"10080015","STD_REPORT_DATE":"2023-12-31 00:00:00","REPORT_DATE":"2023-12-31 00:00:00","DATE_TYPE_CODE":"001","REPORT_TYPE":"2023年年报","PER_NETCASH_OPERATE":1.342543980101,"PER_OI":7.561738334309,"BPS":7.008581296933,"BASIC_EPS":1.4867,"DILUTED_EPS":null,"OPERATE_INCOME":13739879000,"OPERATE_INCOME_YOY":21.2242932094,"GROSS_PROFIT":6334837000,"GROSS_PROFIT_YOY":27.487416959986,"HOLDER_PROFIT":2701350000,"HOLDER_PROFIT_YOY":70.8532193532,"GROSS_PROFIT_RATIO":46.105478803707,"EPS_TTM":1.486687171655,"OPERATE_INCOME_QOQ":5.214987738977,"NET_PROFIT_RATIO":19.6569780564,"ROE_AVG":23.144974841134,"GROSS_PROFIT_QOQ":6.857149989972,"ROA":13.507828937836,"HOLDER_PROFIT_QOQ":20.807773270372,"ROE_YEARLY":23.144974841134,"ROIC_YEARLY":17.440689324789,"TOTAL_ASSETS":21017180000,"TOTAL_LIABILITIES":8269562000,"TAX_EBT":19.236678520209,"OCF_SALES":17.754435828729,"TOTAL_PARENT_EQUITY":12734778000,"DEBT_ASSET_RATIO":39.3466773373,"OPERATE_PROFIT":3410901000,"PRETAX_PROFIT":3344148000,"NETCASH_OPERATE":2439438000,"NETCASH_INVEST":-1556950000,"NETCASH_FINANCE":-1362678000,"END_CASH":4261989000,"DIVI_RATIO":0.188513833834,"DIVIDEND_RATE":2.65981865285,"CURRENT_RATIO":2.080543018791,"COMMON_ACS":3800000000,"CURRENTDEBT_DEBT":80.134014352876,"ISSUED_COMMON_SHARES":1817026508,"HK_COMMON_SHARES":1817026508,"PER_SHARES":2000,"TOTAL_MARKET_CAP":21041166962.64,"HKSK_MARKET_CAP":21041166962.64,"PE_TTM":6.53087560029,"PB_TTM":1.419830615911,"REPORT_DATE_SQ":"2022-12-31 00:00:00","REPORT_TYPE_SQ":"2022年年报","OPERATE_INCOME_SQ":11334262000,"DPS_HKD":0.308007,"OPERATE_INCOME_QOQ_SQ":11.488466463099,"NET_PROFIT_RATIO_SQ":13.9490599388,"HOLDER_PROFIT_SQ":1581094000,"HOLDER_PROFIT_QOQ_SQ":58.977576545515,"ROE_AVG_SQ":15.851696296348,"PE_TTM_SQ":5.188111603208,"PB_TTM_SQ":1.006854703612,"ROA_SQ":8.955313997349,"START_DATE":"2023-01-01 00:00:00","FISCAL_YEAR":"12-31","CURRENCY":"HKD","IS_CNY_CODE":0,"DPS_HKD_LY":0.196399,"ORG_TYPE":"一般企业","PREMIUM_INCOME":null,"PREMIUM_INCOME_YOY":null,"NET_INTEREST_INCOME":null,"NET_INTEREST_INCOME_YOY":null,"FEE_COMMISSION_INCOME":null,"FEE_COMMISSION_INCOME_YOY":null,"ACCOUNTS_RECE_TDAYS":null,"INVENTORY_TDAYS":3.36431560418,"CURRENT_ASSETS_TDAYS":1.044772428654,"TOTAL_ASSETS_TDAYS":0.687048828025,"PREMIUM_EXPENSE":null,"LOAN_DEPOSIT":null,"LOAN_EQUITY":null,"LOAN_ASSETS":null,"DEPOSIT_EQUITY":null,"DEPOSIT_ASSETS":null,"EQUITY_MULTIPLIER":1.648714293133,"EQUITY_RATIO":0.649368367474},{"SECUCODE":"03933.HK","SECURITY_CODE":"03933","SECURITY_NAME_ABBR":"联邦制药","ORG_CODE":"10080015","STD_REPORT_DATE":"2023-06-30 00:00:00","REPORT_DATE":"2023-06-30 00:00:00","DATE_TYPE_CODE":"002","REPORT_TYPE":"2023年中报","PER_NETCASH_OPERATE":0.659027809846,"PER_OI":3.801003435884,"BPS":6.345822666446,"BASIC_EPS":0.7069,"DILUTED_EPS":null,"OPERATE_INCOME":6906524000,"OPERATE_INCOME_YOY":33.281049031,"GROSS_PROFIT":3213298000,"GROSS_PROFIT_YOY":42.562018487421,"HOLDER_PROFIT":1284496000,"HOLDER_PROFIT_YOY":104.0446882292,"GROSS_PROFIT_RATIO":46.525545991008,"EPS_TTM":1.230622112641,"OPERATE_INCOME_QOQ":15.215803199185,"NET_PROFIT_RATIO":18.594592591,"ROE_AVG":11.604123004268,"GROSS_PROFIT_QOQ":19.306398282146,"ROA":6.629727776439,"HOLDER_PROFIT_QOQ":41.425683735439,"ROE_YEARLY":23.208246008535,"ROIC_YEARLY":17.560211239951,"TOTAL_ASSETS":19769960000,"TOTAL_LIABILITIES":8238343000,"TAX_EBT":20.340165802916,"OCF_SALES":17.338258724649,"TOTAL_PARENT_EQUITY":11530528000,"DEBT_ASSET_RATIO":41.6710150147,"OPERATE_PROFIT":1598254000,"PRETAX_PROFIT":1612155000,"NETCASH_OPERATE":1197471000,"NETCASH_INVEST":-381558000,"NETCASH_FINANCE":-814739000,"END_CASH":4744842000,"DIVI_RATIO":0.227739364961,"DIVIDEND_RATE":2.65981865285,"CURRENT_RATIO":1.870411155122,"COMMON_ACS":3800000000,"CURRENTDEBT_DEBT":85.742157130384,"ISSUED_COMMON_SHARES":1817026508,"HK_COMMON_SHARES":1817026508,"PER_SHARES":2000,"TOTAL_MARKET_CAP":21041166962.64,"HKSK_MARKET_CAP":21041166962.64,"PE_TTM":6.53087560029,"PB_TTM":1.419830615911,"REPORT_DATE_SQ":"2022-06-30 00:00:00","REPORT_TYPE_SQ":"2022年中报","OPERATE_INCOME_SQ":5181925000,"DPS_HKD":0.308007,"OPERATE_INCOME_QOQ_SQ":4.770175271898,"NET_PROFIT_RATIO_SQ":12.1483232582,"HOLDER_PROFIT_SQ":629517000,"HOLDER_PROFIT_QOQ_SQ":0.651858418902,"ROE_AVG_SQ":6.595161126331,"PE_TTM_SQ":5.188111603208,"PB_TTM_SQ":1.006854703612,"ROA_SQ":3.737607671513,"START_DATE":"2023-01-01 00:00:00","FISCAL_YEAR":"12-31","CURRENCY":"HKD","IS_CNY_CODE":0,"DPS_HKD_LY":0.196399,"ORG_TYPE":"一般企业","PREMIUM_INCOME":null,"PREMIUM_INCOME_YOY":null,"NET_INTEREST_INCOME":null,"NET_INTEREST_INCOME_YOY":null,"FEE_COMMISSION_INCOME":null,"FEE_COMMISSION_INCOME_YOY":null,"ACCOUNTS_RECE_TDAYS":null,"INVENTORY_TDAYS":1.695983387452,"CURRENT_ASSETS_TDAYS":0.536907970453,"TOTAL_ASSETS_TDAYS":0.356469572513,"PREMIUM_EXPENSE":null,"LOAN_DEPOSIT":null,"LOAN_EQUITY":null,"LOAN_ASSETS":null,"DEPOSIT_EQUITY":null,"DEPOSIT_ASSETS":null,"EQUITY_MULTIPLIER":1.714413511999,"EQUITY_RATIO":0.714480984739},{"SECUCODE":"03933.HK","SECURITY_CODE":"03933","SECURITY_NAME_ABBR":"联邦制药","ORG_CODE":"10080015","STD_REPORT_DATE":"2022-12-31 00:00:00","REPORT_DATE":"2022-12-31 00:00:00","DATE_TYPE_CODE":"001","REPORT_TYPE":"2022年年报","PER_NETCASH_OPERATE":1.117508738073,"PER_OI":6.237807731531,"BPS":5.838156985214,"BASIC_EPS":0.8689,"DILUTED_EPS":null,"OPERATE_INCOME":11334262000,"OPERATE_INCOME_YOY":16.8066617213,"GROSS_PROFIT":4968990000,"GROSS_PROFIT_YOY":17.998920458499,"HOLDER_PROFIT":1581094000,"HOLDER_PROFIT_YOY":60.0138852624,"GROSS_PROFIT_RATIO":43.840437074774,"EPS_TTM":0.870154614167,"OPERATE_INCOME_QOQ":11.488466463099,"NET_PROFIT_RATIO":13.9490599388,"ROE_AVG":15.851696296348,"GROSS_PROFIT_QOQ":13.729246487867,"ROA":8.955313997349,"HOLDER_PROFIT_QOQ":58.977576545515,"ROE_YEARLY":15.851696296348,"ROIC_YEARLY":11.610365920308,"TOTAL_ASSETS":18979625000,"TOTAL_LIABILITIES":8370194000,"TAX_EBT":21.215378374958,"OCF_SALES":17.915087898974,"TOTAL_PARENT_EQUITY":10608086000,"DEBT_ASSET_RATIO":44.1009450924,"OPERATE_PROFIT":2088550000,"PRETAX_PROFIT":2006766000,"NETCASH_OPERATE":2030543000,"NETCASH_INVEST":-594919000,"NETCASH_FINANCE":-24166000,"END_CASH":4743071000,"DIVI_RATIO":0.322081954031,"DIVIDEND_RATE":2.65981865285,"CURRENT_RATIO":1.779453711752,"COMMON_ACS":3800000000,"CURRENTDEBT_DEBT":84.024659404549,"ISSUED_COMMON_SHARES":1817026508,"HK_COMMON_SHARES":1817026508,"PER_SHARES":2000,"TOTAL_MARKET_CAP":21041166962.64,"HKSK_MARKET_CAP":21041166962.64,"PE_TTM":6.53087560029,"PB_TTM":1.419830615911,"REPORT_DATE_SQ":"2021-12-31 00:00:00","REPORT_TYPE_SQ":"2021年年报","OPERATE_INCOME_SQ":9703438000,"DPS_HKD":0.308007,"OPERATE_INCOME_QOQ_SQ":5.621963151866,"NET_PROFIT_RATIO_SQ":10.1982926052,"HOLDER_PROFIT_SQ":988098000,"HOLDER_PROFIT_QOQ_SQ":-12.030583255952,"ROE_AVG_SQ":11.006751660512,"PE_TTM_SQ":5.188111603208,"PB_TTM_SQ":1.006854703612,"ROA_SQ":6.314767680658,"START_DATE":"2022-01-01 00:00:00","FISCAL_YEAR":"12-31","CURRENCY":"HKD","IS_CNY_CODE":0,"DPS_HKD_LY":0.080086,"ORG_TYPE":"一般企业","PREMIUM_INCOME":null,"PREMIUM_INCOME_YOY":null,"NET_INTEREST_INCOME":null,"NET_INTEREST_INCOME_YOY":null,"FEE_COMMISSION_INCOME":null,"FEE_COMMISSION_INCOME_YOY":null,"ACCOUNTS_RECE_TDAYS":2.307602819714,"INVENTORY_TDAYS":3.054606007455,"CURRENT_ASSETS_TDAYS":1.007432733376,"TOTAL_ASSETS_TDAYS":0.641972426296,"PREMIUM_EXPENSE":null,"LOAN_DEPOSIT":null,"LOAN_EQUITY":null,"LOAN_ASSETS":null,"DEPOSIT_EQUITY":null,"DEPOSIT_ASSETS":null,"EQUITY_MULTIPLIER":1.78893901096,"EQUITY_RATIO":0.789039040596},{"SECUCODE":"03933.HK","SECURITY_CODE":"03933","SECURITY_NAME_ABBR":"联邦制药","ORG_CODE":"10080015","STD_REPORT_DATE":"2022-06-30 00:00:00","REPORT_DATE":"2022-06-30 00:00:00","DATE_TYPE_CODE":"002","REPORT_TYPE":"2022年中报","PER_NETCASH_OPERATE":0.362874807661,"PER_OI":2.85101104642,"BPS":5.36578688152,"BASIC_EPS":0.3455,"DILUTED_EPS":null,"OPERATE_INCOME":5181925000,"OPERATE_INCOME_YOY":9.8085548502,"GROSS_PROFIT":2253965000,"GROSS_PROFIT_YOY":7.54306560706,"HOLDER_PROFIT":629517000,"HOLDER_PROFIT_YOY":1.0337422722,"GROSS_PROFIT_RATIO":43.496673533484,"EPS_TTM":0.547179219131,"OPERATE_INCOME_QOQ":4.770175271898,"NET_PROFIT_RATIO":12.1483232582,"ROE_AVG":6.595161126331,"GROSS_PROFIT_QOQ":3.754244490741,"ROA":3.737607671513,"HOLDER_PROFIT_QOQ":0.651858418902,"ROE_YEARLY":13.190322252662,"ROIC_YEARLY":9.567941588952,"TOTAL_ASSETS":17354439000,"TOTAL_LIABILITIES":7605246000,"TAX_EBT":23.875209503793,"OCF_SALES":12.727934117148,"TOTAL_PARENT_EQUITY":9749777000,"DEBT_ASSET_RATIO":43.8230587575,"OPERATE_PROFIT":920007000,"PRETAX_PROFIT":826954000,"NETCASH_OPERATE":659552000,"NETCASH_INVEST":-125527000,"NETCASH_FINANCE":171748000,"END_CASH":4037956000,"DIVI_RATIO":0.512192511413,"DIVIDEND_RATE":2.65981865285,"CURRENT_RATIO":1.599071055474,"COMMON_ACS":3800000000,"CURRENTDEBT_DEBT":90.280735166226,"ISSUED_COMMON_SHARES":1817026508,"HK_COMMON_SHARES":1817026508,"PER_SHARES":2000,"TOTAL_MARKET_CAP":21041166962.64,"HKSK_MARKET_CAP":21041166962.64,"PE_TTM":6.53087560029,"PB_TTM":1.419830615911,"REPORT_DATE_SQ":"2021-06-30 00:00:00","REPORT_TYPE_SQ":"2021年中报","OPERATE_INCOME_SQ":4719054000,"DPS_HKD":0.308007,"OPERATE_INCOME_QOQ_SQ":4.72457756568,"NET_PROFIT_RATIO_SQ":13.2360850289,"HOLDER_PROFIT_SQ":623076000,"HOLDER_PROFIT_QOQ_SQ":59.779029259348,"ROE_AVG_SQ":7.038764003723,"PE_TTM_SQ":5.188111603208,"PB_TTM_SQ":1.006854703612,"ROA_SQ":4.044156411875,"START_DATE":"2022-01-01 00:00:00","FISCAL_YEAR":"12-31","CURRENCY":"HKD","IS_CNY_CODE":0,"DPS_HKD_LY":0.080086,"ORG_TYPE":"一般企业","PREMIUM_INCOME":null,"PREMIUM_INCOME_YOY":null,"NET_INTEREST_INCOME":null,"NET_INTEREST_INCOME_YOY":null,"FEE_COMMISSION_INCOME":null,"FEE_COMMISSION_INCOME_YOY":null,"ACCOUNTS_RECE_TDAYS":null,"INVENTORY_TDAYS":1.386738000029,"CURRENT_ASSETS_TDAYS":0.494324793547,"TOTAL_ASSETS_TDAYS":0.307664489334,"PREMIUM_EXPENSE":null,"LOAN_DEPOSIT":null,"LOAN_EQUITY":null,"LOAN_ASSETS":null,"DEPOSIT_EQUITY":null,"DEPOSIT_ASSETS":null,"EQUITY_MULTIPLIER":1.780089798203,"EQUITY_RATIO":0.780043071754},{"SECUCODE":"03933.HK","SECURITY_CODE":"03933","SECURITY_NAME_ABBR":"联邦制药","ORG_CODE":"10080015","STD_REPORT_DATE":"2021-12-31 00:00:00","REPORT_DATE":"2021-12-31 00:00:00","DATE_TYPE_CODE":"001","REPORT_TYPE":"2021年年报","PER_NETCASH_OPERATE":0.840990909841,"PER_OI":5.29026473174,"BPS":5.140537003107,"BASIC_EPS":0.537,"DILUTED_EPS":null,"OPERATE_INCOME":9703438000,"OPERATE_INCOME_YOY":10.6121547274,"GROSS_PROFIT":4211047000,"GROSS_PROFIT_YOY":10.635990897001,"HOLDER_PROFIT":988098000,"HOLDER_PROFIT_YOY":40.5566801188,"GROSS_PROFIT_RATIO":43.397474173587,"EPS_TTM":0.538705972141,"OPERATE_INCOME_QOQ":5.621963151866,"NET_PROFIT_RATIO":10.1982926052,"ROE_AVG":11.006751660512,"GROSS_PROFIT_QOQ":2.606232570719,"ROA":6.314767680658,"HOLDER_PROFIT_QOQ":-12.030583255952,"ROE_YEARLY":11.006751660512,"ROIC_YEARLY":7.914383514052,"TOTAL_ASSETS":16331119000,"TOTAL_LIABILITIES":6991211000,"TAX_EBT":17.716087929376,"OCF_SALES":15.896953224208,"TOTAL_PARENT_EQUITY":9340492000,"DEBT_ASSET_RATIO":42.8091363488,"OPERATE_PROFIT":1262878000,"PRETAX_PROFIT":1202647000,"NETCASH_OPERATE":1542551000,"NETCASH_INVEST":-587224000,"NETCASH_FINANCE":-620926000,"END_CASH":3331009000,"DIVI_RATIO":0.520248731095,"DIVIDEND_RATE":2.65981865285,"CURRENT_RATIO":1.528072852958,"COMMON_ACS":3800000000,"CURRENTDEBT_DEBT":93.47802548085,"ISSUED_COMMON_SHARES":1817026508,"HK_COMMON_SHARES":1817026508,"PER_SHARES":2000,"TOTAL_MARKET_CAP":21041166962.64,"HKSK_MARKET_CAP":21041166962.64,"PE_TTM":6.53087560029,"PB_TTM":1.419830615911,"REPORT_DATE_SQ":"2020-12-31 00:00:00","REPORT_TYPE_SQ":"2020年年报","OPERATE_INCOME_SQ":8772488000,"DPS_HKD":0.308007,"OPERATE_INCOME_QOQ_SQ":1.920724679709,"NET_PROFIT_RATIO_SQ":7.9899567831,"HOLDER_PROFIT_SQ":702989000,"HOLDER_PROFIT_QOQ_SQ":28.123445134787,"ROE_AVG_SQ":9.197998520839,"PE_TTM_SQ":5.188111603208,"PB_TTM_SQ":1.006854703612,"ROA_SQ":4.585198395769,"START_DATE":"2021-01-01 00:00:00","FISCAL_YEAR":"12-31","CURRENCY":"HKD","IS_CNY_CODE":0,"DPS_HKD_LY":0.144903,"ORG_TYPE":"一般企业","PREMIUM_INCOME":null,"PREMIUM_INCOME_YOY":null,"NET_INTEREST_INCOME":null,"NET_INTEREST_INCOME_YOY":null,"FEE_COMMISSION_INCOME":null,"FEE_COMMISSION_INCOME_YOY":null,"ACCOUNTS_RECE_TDAYS":null,"INVENTORY_TDAYS":3.200198920272,"CURRENT_ASSETS_TDAYS":1.065648531197,"TOTAL_ASSETS_TDAYS":0.620130358261,"PREMIUM_EXPENSE":null,"LOAN_DEPOSIT":null,"LOAN_EQUITY":null,"LOAN_ASSETS":null,"DEPOSIT_EQUITY":null,"DEPOSIT_ASSETS":null,"EQUITY_MULTIPLIER":1.74853103478,"EQUITY_RATIO":0.748484234021},{"SECUCODE":"03933.HK","SECURITY_CODE":"03933","SECURITY_NAME_ABBR":"联邦制药","ORG_CODE":"10080015","STD_REPORT_DATE":"2021-06-30 00:00:00","REPORT_DATE":"2021-06-30 00:00:00","DATE_TYPE_CODE":"002","REPORT_TYPE":"2021年中报","PER_NETCASH_OPERATE":0.470314857764,"PER_OI":2.564159062703,"BPS":5.002802633851,"BASIC_EPS":0.3386,"DILUTED_EPS":null,"OPERATE_INCOME":4719054000,"OPERATE_INCOME_YOY":9.6283944282,"GROSS_PROFIT":2095872000,"GROSS_PROFIT_YOY":16.566527901758,"HOLDER_PROFIT":623076000,"HOLDER_PROFIT_YOY":207.1821570135,"GROSS_PROFIT_RATIO":44.412969209507,"EPS_TTM":0.610321013457,"OPERATE_INCOME_QOQ":4.72457756568,"NET_PROFIT_RATIO":13.2360850289,"ROE_AVG":7.038764003723,"GROSS_PROFIT_QOQ":7.825799783407,"ROA":4.044156411875,"HOLDER_PROFIT_QOQ":59.779029259348,"ROE_YEARLY":14.077528007446,"ROIC_YEARLY":10.259230071191,"TOTAL_ASSETS":15849931000,"TOTAL_LIABILITIES":6760235000,"TAX_EBT":13.512248616734,"OCF_SALES":18.341875299583,"TOTAL_PARENT_EQUITY":9090225000,"DEBT_ASSET_RATIO":42.6515105965,"OPERATE_PROFIT":755178000,"PRETAX_PROFIT":722204000,"NETCASH_OPERATE":866113000,"NETCASH_INVEST":-368604000,"NETCASH_FINANCE":31177000,"END_CASH":3526158000,"DIVI_RATIO":0.459202767495,"DIVIDEND_RATE":2.65981865285,"CURRENT_RATIO":1.666683909287,"COMMON_ACS":3800000000,"CURRENTDEBT_DEBT":83.501934474171,"ISSUED_COMMON_SHARES":1817026508,"HK_COMMON_SHARES":1817026508,"PER_SHARES":2000,"TOTAL_MARKET_CAP":21041166962.64,"HKSK_MARKET_CAP":21041166962.64,"PE_TTM":6.53087560029,"PB_TTM":1.419830615911,"REPORT_DATE_SQ":"2020-06-30 00:00:00","REPORT_TYPE_SQ":"2020年中报","OPERATE_INCOME_SQ":4304591000,"DPS_HKD":0.308007,"OPERATE_INCOME_QOQ_SQ":2.556633224507,"NET_PROFIT_RATIO_SQ":4.7120853061,"HOLDER_PROFIT_SQ":202836000,"HOLDER_PROFIT_QOQ_SQ":-14.504241434546,"ROE_AVG_SQ":2.795592651074,"PE_TTM_SQ":5.188111603208,"PB_TTM_SQ":1.006854703612,"ROA_SQ":1.315798009216,"START_DATE":"2021-01-01 00:00:00","FISCAL_YEAR":"12-31","CURRENCY":"HKD","IS_CNY_CODE":0,"DPS_HKD_LY":0.144903,"ORG_TYPE":"一般企业","PREMIUM_INCOME":null,"PREMIUM_INCOME_YOY":null,"NET_INTEREST_INCOME":null,"NET_INTEREST_INCOME_YOY":null,"FEE_COMMISSION_INCOME":null,"FEE_COMMISSION_INCOME_YOY":null,"ACCOUNTS_RECE_TDAYS":null,"INVENTORY_TDAYS":1.702448487146,"CURRENT_ASSETS_TDAYS":0.535243249337,"TOTAL_ASSETS_TDAYS":0.306296382658,"PREMIUM_EXPENSE":null,"LOAN_DEPOSIT":null,"LOAN_EQUITY":null,"LOAN_ASSETS":null,"DEPOSIT_EQUITY":null,"DEPOSIT_ASSETS":null,"EQUITY_MULTIPLIER":1.743725092677,"EQUITY_RATIO":0.743681812056},{"SECUCODE":"03933.HK","SECURITY_CODE":"03933","SECURITY_NAME_ABBR":"联邦制药","ORG_CODE":"10080015","STD_REPORT_DATE":"2020-12-31 00:00:00","REPORT_DATE":"2020-12-31 00:00:00","DATE_TYPE_CODE":"001","REPORT_TYPE":"2020年年报","PER_NETCASH_OPERATE":0.852678816359,"PER_OI":4.766644884261,"BPS":4.740660613411,"BASIC_EPS":0.3981,"DILUTED_EPS":0.3981,"OPERATE_INCOME":8772488000,"OPERATE_INCOME_YOY":4.5264637895,"GROSS_PROFIT":3806218000,"GROSS_PROFIT_YOY":5.107443146923,"HOLDER_PROFIT":702989000,"HOLDER_PROFIT_YOY":9.5401113182,"GROSS_PROFIT_RATIO":43.388124326873,"EPS_TTM":0.381978170907,"OPERATE_INCOME_QOQ":1.920724679709,"NET_PROFIT_RATIO":7.9899567831,"ROE_AVG":9.197998520839,"GROSS_PROFIT_QOQ":2.919852307925,"ROA":4.585198395769,"HOLDER_PROFIT_QOQ":28.123445134787,"ROE_YEARLY":9.197998520839,"ROIC_YEARLY":5.737782657554,"TOTAL_ASSETS":14963714000,"TOTAL_LIABILITIES":6351879000,"TAX_EBT":20.560921374446,"OCF_SALES":17.888448522244,"TOTAL_PARENT_EQUITY":8613906000,"DEBT_ASSET_RATIO":42.4485458623,"OPERATE_PROFIT":1048990000,"PRETAX_PROFIT":882334000,"NETCASH_OPERATE":1567826000,"NETCASH_INVEST":166759000,"NETCASH_FINANCE":-1907599000,"END_CASH":2996802000,"DIVI_RATIO":0.733709724236,"DIVIDEND_RATE":2.65981865285,"CURRENT_RATIO":1.692433574273,"COMMON_ACS":3800000000,"CURRENTDEBT_DEBT":76.510651415117,"ISSUED_COMMON_SHARES":1817026508,"HK_COMMON_SHARES":1817026508,"PER_SHARES":2000,"TOTAL_MARKET_CAP":21041166962.64,"HKSK_MARKET_CAP":21041166962.64,"PE_TTM":6.53087560029,"PB_TTM":1.419830615911,"REPORT_DATE_SQ":"2019-12-31 00:00:00","REPORT_TYPE_SQ":"2019年年报","OPERATE_INCOME_SQ":8392600000,"DPS_HKD":0.308007,"OPERATE_INCOME_QOQ_SQ":7.488638102843,"NET_PROFIT_RATIO_SQ":7.6467840717,"HOLDER_PROFIT_SQ":641764000,"HOLDER_PROFIT_QOQ_SQ":-27.702411932362,"ROE_AVG_SQ":10.032397645396,"PE_TTM_SQ":5.188111603208,"PB_TTM_SQ":1.006854703612,"ROA_SQ":4.235787954381,"START_DATE":"2020-01-01 00:00:00","FISCAL_YEAR":"12-31","CURRENCY":"HKD","IS_CNY_CODE":0,"DPS_HKD_LY":0.07665,"ORG_TYPE":"一般企业","PREMIUM_INCOME":null,"PREMIUM_INCOME_YOY":null,"NET_INTEREST_INCOME":null,"NET_INTEREST_INCOME_YOY":null,"FEE_COMMISSION_INCOME":null,"FEE_COMMISSION_INCOME_YOY":null,"ACCOUNTS_RECE_TDAYS":null,"INVENTORY_TDAYS":3.306727586337,"CURRENT_ASSETS_TDAYS":1.035803119563,"TOTAL_ASSETS_TDAYS":0.572179620229,"PREMIUM_EXPENSE":null,"LOAN_DEPOSIT":null,"LOAN_EQUITY":null,"LOAN_ASSETS":null,"DEPOSIT_EQUITY":null,"DEPOSIT_ASSETS":null,"EQUITY_MULTIPLIER":1.737575557357,"EQUITY_RATIO":0.737398225613},{"SECUCODE":"03933.HK","SECURITY_CODE":"03933","SECURITY_NAME_ABBR":"联邦制药","ORG_CODE":"10080015","STD_REPORT_DATE":"2020-06-30 00:00:00","REPORT_DATE":"2020-06-30 00:00:00","DATE_TYPE_CODE":"002","REPORT_TYPE":"2020年中报","PER_NETCASH_OPERATE":0.376282305463,"PER_OI":2.375144145221,"BPS":4.314377344241,"BASIC_EPS":0.1197,"DILUTED_EPS":0.1197,"OPERATE_INCOME":4304591000,"OPERATE_INCOME_YOY":5.2461318677,"GROSS_PROFIT":1798005000,"GROSS_PROFIT_YOY":4.472369517395,"HOLDER_PROFIT":202836000,"HOLDER_PROFIT_YOY":-31.4555672329,"GROSS_PROFIT_RATIO":41.769473569034,"EPS_TTM":0.302745711438,"OPERATE_INCOME_QOQ":2.556633224507,"NET_PROFIT_RATIO":4.7120853061,"ROE_AVG":2.795592651074,"GROSS_PROFIT_QOQ":2.125528544729,"ROA":1.315798009216,"HOLDER_PROFIT_QOQ":-14.504241434546,"ROE_YEARLY":5.591185302148,"ROIC_YEARLY":3.299437548182,"TOTAL_ASSETS":15131180000,"TOTAL_LIABILITIES":7291842000,"TAX_EBT":37.760512556153,"OCF_SALES":15.842503968437,"TOTAL_PARENT_EQUITY":7839338000,"DEBT_ASSET_RATIO":48.1908350836,"OPERATE_PROFIT":452943000,"PRETAX_PROFIT":325896000,"NETCASH_OPERATE":681955000,"NETCASH_INVEST":204972000,"NETCASH_FINANCE":-976623000,"END_CASH":3075680000,"DIVI_RATIO":0.925731027234,"DIVIDEND_RATE":2.65981865285,"CURRENT_RATIO":1.752688748484,"COMMON_ACS":3800000000,"CURRENTDEBT_DEBT":64.465192745537,"ISSUED_COMMON_SHARES":1817026508,"HK_COMMON_SHARES":1817026508,"PER_SHARES":2000,"TOTAL_MARKET_CAP":21041166962.64,"HKSK_MARKET_CAP":21041166962.64,"PE_TTM":6.53087560029,"PB_TTM":1.419830615911,"REPORT_DATE_SQ":"2019-06-30 00:00:00","REPORT_TYPE_SQ":"2019年中报","OPERATE_INCOME_SQ":4090023000,"DPS_HKD":0.308007,"OPERATE_INCOME_QOQ_SQ":3.958532663097,"NET_PROFIT_RATIO_SQ":7.2351426875,"HOLDER_PROFIT_SQ":295919000,"HOLDER_PROFIT_QOQ_SQ":29.980027177096,"ROE_AVG_SQ":4.756638955143,"PE_TTM_SQ":5.188111603208,"PB_TTM_SQ":1.006854703612,"ROA_SQ":1.981251892036,"START_DATE":"2020-01-01 00:00:00","FISCAL_YEAR":"12-31","CURRENCY":"HKD","IS_CNY_CODE":0,"DPS_HKD_LY":0.07665,"ORG_TYPE":"一般企业","PREMIUM_INCOME":null,"PREMIUM_INCOME_YOY":null,"NET_INTEREST_INCOME":null,"NET_INTEREST_INCOME_YOY":null,"FEE_COMMISSION_INCOME":null,"FEE_COMMISSION_INCOME_YOY":null,"ACCOUNTS_RECE_TDAYS":null,"INVENTORY_TDAYS":1.609470928263,"CURRENT_ASSETS_TDAYS":0.50784470462,"TOTAL_ASSETS_TDAYS":0.279239004333,"PREMIUM_EXPENSE":null,"LOAN_DEPOSIT":null,"LOAN_EQUITY":null,"LOAN_ASSETS":null,"DEPOSIT_EQUITY":null,"DEPOSIT_ASSETS":null,"EQUITY_MULTIPLIER":1.930160429363,"EQUITY_RATIO":0.930160429363}],"count":39},"success":true,"message":"ok","code":0}