{"version":"9ef85868b5ba4d6ea4e36b5b3e6fe228","result":{"pages":5,"data":[{"SECUCODE":"03958.HK","SECURITY_CODE":"03958","SECURITY_NAME_ABBR":"东方证券","ORG_CODE":"10004846","STD_REPORT_DATE":"2024-09-30 00:00:00","REPORT_DATE":"2024-09-30 00:00:00","DATE_TYPE_CODE":"004","REPORT_TYPE":"2024年三季报","PER_NETCASH_OPERATE":-0.838878945535,"PER_OI":1.657052078472,"BPS":8.977268739585,"BASIC_EPS":0.37,"DILUTED_EPS":null,"OPERATE_INCOME":14079383741.15,"OPERATE_INCOME_YOY":2.8065959735,"GROSS_PROFIT":null,"GROSS_PROFIT_YOY":null,"HOLDER_PROFIT":3302049264.3,"HOLDER_PROFIT_YOY":15.5703245989,"GROSS_PROFIT_RATIO":null,"EPS_TTM":0.376457612962,"OPERATE_INCOME_QOQ":-4.486958589829,"NET_PROFIT_RATIO":23.455472049,"ROE_AVG":4.126988965364,"GROSS_PROFIT_QOQ":null,"ROA":0.855465757737,"HOLDER_PROFIT_QOQ":7.927681865697,"ROE_YEARLY":5.502651953819,"ROIC_YEARLY":1.163613839853,"TOTAL_ASSETS":388298184988.02,"TOTAL_LIABILITIES":307010646833.57,"TAX_EBT":11.156989075971,"OCF_SALES":-50.624778571152,"TOTAL_PARENT_EQUITY":81276668171.21,"DEBT_ASSET_RATIO":79.0656919612,"OPERATE_PROFIT":3565547697.01,"PRETAX_PROFIT":3717102655.26,"NETCASH_OPERATE":-7127656843.14,"NETCASH_INVEST":5150073298.19,"NETCASH_FINANCE":-2539459930.47,"END_CASH":93649208149.18,"DIVI_RATIO":0.597323434107,"DIVIDEND_RATE":4.825532163743,"CURRENT_RATIO":0.914571934236,"COMMON_ACS":null,"CURRENTDEBT_DEBT":96.542195331951,"ISSUED_COMMON_SHARES":8496645292,"HK_COMMON_SHARES":1027162428,"PER_SHARES":400,"TOTAL_MARKET_CAP":43587790347.96,"HKSK_MARKET_CAP":5269343255.64,"PE_TTM":12.152484276211,"PB_TTM":0.51532184612,"REPORT_DATE_SQ":"2023-09-30 00:00:00","REPORT_TYPE_SQ":"2023年三季报","OPERATE_INCOME_SQ":13695019865.05,"DPS_HKD":0.2475498,"OPERATE_INCOME_QOQ_SQ":1.796537525809,"NET_PROFIT_RATIO_SQ":20.8631763774,"HOLDER_PROFIT_SQ":2857177459.49,"HOLDER_PROFIT_QOQ_SQ":-9.356889059412,"ROE_AVG_SQ":3.661448458559,"PE_TTM_SQ":6.506422690621,"PB_TTM_SQ":0.346021694913,"ROA_SQ":0.788246965241,"START_DATE":"2024-01-01 00:00:00","FISCAL_YEAR":"12-31","CURRENCY":"HKD","IS_CNY_CODE":0,"DPS_HKD_LY":0.2475498,"ORG_TYPE":"证券","PREMIUM_INCOME":null,"PREMIUM_INCOME_YOY":null,"NET_INTEREST_INCOME":917092746.82,"NET_INTEREST_INCOME_YOY":null,"FEE_COMMISSION_INCOME":3750748995.1,"FEE_COMMISSION_INCOME_YOY":-31.04423602436,"ACCOUNTS_RECE_TDAYS":12.711716883885,"INVENTORY_TDAYS":null,"CURRENT_ASSETS_TDAYS":0.044098014602,"TOTAL_ASSETS_TDAYS":0.036475623822,"PREMIUM_EXPENSE":null,"LOAN_DEPOSIT":null,"LOAN_EQUITY":null,"LOAN_ASSETS":null,"DEPOSIT_EQUITY":null,"DEPOSIT_ASSETS":null,"EQUITY_MULTIPLIER":4.77684764238,"EQUITY_RATIO":3.777352759919},{"SECUCODE":"03958.HK","SECURITY_CODE":"03958","SECURITY_NAME_ABBR":"东方证券","ORG_CODE":"10004846","STD_REPORT_DATE":"2024-06-30 00:00:00","REPORT_DATE":"2024-06-30 00:00:00","DATE_TYPE_CODE":"002","REPORT_TYPE":"2024年中报","PER_NETCASH_OPERATE":0.060573906796,"PER_OI":1.475378054419,"BPS":8.875368149239,"BASIC_EPS":0.24,"DILUTED_EPS":null,"OPERATE_INCOME":12535764000,"OPERATE_INCOME_YOY":14.0355725638,"GROSS_PROFIT":null,"GROSS_PROFIT_YOY":null,"HOLDER_PROFIT":2111371000,"HOLDER_PROFIT_YOY":11.0400483841,"GROSS_PROFIT_RATIO":null,"EPS_TTM":0.348805428278,"OPERATE_INCOME_QOQ":10.103363620737,"NET_PROFIT_RATIO":16.8452277819,"ROE_AVG":2.653202984173,"GROSS_PROFIT_QOQ":null,"ROA":0.562104931433,"HOLDER_PROFIT_QOQ":33.988141923466,"ROE_YEARLY":5.306405968345,"ROIC_YEARLY":1.497371775564,"TOTAL_ASSETS":367546854000,"TOTAL_LIABILITIES":287125159000,"TAX_EBT":7.018570500754,"OCF_SALES":4.105653233421,"TOTAL_PARENT_EQUITY":80410855000,"DEBT_ASSET_RATIO":78.119335229,"OPERATE_PROFIT":2046317000,"PRETAX_PROFIT":2271075000,"NETCASH_OPERATE":514675000,"NETCASH_INVEST":1664050000,"NETCASH_FINANCE":-8465200000,"END_CASH":16797526000,"DIVI_RATIO":0.644677335672,"DIVIDEND_RATE":4.609865921788,"CURRENT_RATIO":1.600236385036,"COMMON_ACS":null,"CURRENTDEBT_DEBT":76.369239729354,"ISSUED_COMMON_SHARES":8496645292,"HK_COMMON_SHARES":1027162428,"PER_SHARES":400,"TOTAL_MARKET_CAP":45626985218.04,"HKSK_MARKET_CAP":5515862238.36,"PE_TTM":12.721021552291,"PB_TTM":0.5394304705,"REPORT_DATE_SQ":"2023-06-30 00:00:00","REPORT_TYPE_SQ":"2023年中报","OPERATE_INCOME_SQ":10992854000,"DPS_HKD":0.2475498,"OPERATE_INCOME_QOQ_SQ":-0.325918717357,"NET_PROFIT_RATIO_SQ":17.2965455559,"HOLDER_PROFIT_SQ":1901450000,"HOLDER_PROFIT_QOQ_SQ":1.288352960319,"ROE_AVG_SQ":2.447604472369,"PE_TTM_SQ":6.625806593201,"PB_TTM_SQ":0.352370716838,"ROA_SQ":0.522243581718,"START_DATE":"2024-01-01 00:00:00","FISCAL_YEAR":"12-31","CURRENCY":"HKD","IS_CNY_CODE":0,"DPS_HKD_LY":0.2475498,"ORG_TYPE":"证券","PREMIUM_INCOME":null,"PREMIUM_INCOME_YOY":null,"NET_INTEREST_INCOME":2776347000,"NET_INTEREST_INCOME_YOY":null,"FEE_COMMISSION_INCOME":4462488000,"FEE_COMMISSION_INCOME_YOY":10.13642886019,"ACCOUNTS_RECE_TDAYS":19.811817328026,"INVENTORY_TDAYS":null,"CURRENT_ASSETS_TDAYS":0.034900699883,"TOTAL_ASSETS_TDAYS":0.033373645672,"PREMIUM_EXPENSE":null,"LOAN_DEPOSIT":null,"LOAN_EQUITY":null,"LOAN_ASSETS":null,"DEPOSIT_EQUITY":null,"DEPOSIT_ASSETS":null,"EQUITY_MULTIPLIER":4.570245056381,"EQUITY_RATIO":3.570726352804},{"SECUCODE":"03958.HK","SECURITY_CODE":"03958","SECURITY_NAME_ABBR":"东方证券","ORG_CODE":"10004846","STD_REPORT_DATE":"2024-03-31 00:00:00","REPORT_DATE":"2024-03-31 00:00:00","DATE_TYPE_CODE":"003","REPORT_TYPE":"2024年一季报","PER_NETCASH_OPERATE":-2.683192519338,"PER_OI":0.424936806682,"BPS":8.840359709661,"BASIC_EPS":0.1,"DILUTED_EPS":null,"OPERATE_INCOME":3610537317.89,"OPERATE_INCOME_YOY":-18.6259382471,"GROSS_PROFIT":null,"GROSS_PROFIT_YOY":null,"HOLDER_PROFIT":886228868.51,"HOLDER_PROFIT_YOY":-37.9430496634,"GROSS_PROFIT_RATIO":null,"EPS_TTM":0.260325595437,"OPERATE_INCOME_QOQ":-3.404097774023,"NET_PROFIT_RATIO":24.5552449406,"ROE_AVG":1.11574320107,"GROSS_PROFIT_QOQ":null,"ROA":0.240506173338,"HOLDER_PROFIT_QOQ":-19.677159193174,"ROE_YEARLY":4.462972804279,"ROIC_YEARLY":1.294077874528,"TOTAL_ASSETS":353279284938.62,"TOTAL_LIABILITIES":273150871712.07,"TAX_EBT":10.187773816536,"OCF_SALES":-631.433304234153,"TOTAL_PARENT_EQUITY":80113400706.68,"DEBT_ASSET_RATIO":77.3186777027,"OPERATE_PROFIT":866995341.76,"PRETAX_PROFIT":987144311.81,"NETCASH_OPERATE":-22798135086.96,"NETCASH_INVEST":9103162137.55,"NETCASH_FINANCE":-5580927763.69,"END_CASH":78822848882.38,"DIVI_RATIO":0.863791183469,"DIVIDEND_RATE":4.525590493601,"CURRENT_RATIO":0.925072320655,"COMMON_ACS":null,"CURRENTDEBT_DEBT":96.448724514035,"ISSUED_COMMON_SHARES":8496645292,"HK_COMMON_SHARES":1027162428,"PER_SHARES":400,"TOTAL_MARKET_CAP":46476649747.24,"HKSK_MARKET_CAP":5618578481.16,"PE_TTM":12.957912083991,"PB_TTM":0.549475730658,"REPORT_DATE_SQ":"2023-03-31 00:00:00","REPORT_TYPE_SQ":"2023年一季报","OPERATE_INCOME_SQ":4436963376.43,"DPS_HKD":0.2475498,"OPERATE_INCOME_QOQ_SQ":5.672951909138,"NET_PROFIT_RATIO_SQ":32.1863239969,"HOLDER_PROFIT_SQ":1428089623.65,"HOLDER_PROFIT_QOQ_SQ":39.854412704223,"ROE_AVG_SQ":1.824014398758,"PE_TTM_SQ":6.824779764168,"PB_TTM_SQ":0.362952420047,"ROA_SQ":0.395707372042,"START_DATE":"2024-01-01 00:00:00","FISCAL_YEAR":"12-31","CURRENCY":"HKD","IS_CNY_CODE":0,"DPS_HKD_LY":0.2475498,"ORG_TYPE":"证券","PREMIUM_INCOME":null,"PREMIUM_INCOME_YOY":null,"NET_INTEREST_INCOME":298879584.99,"NET_INTEREST_INCOME_YOY":null,"FEE_COMMISSION_INCOME":1246485213.57,"FEE_COMMISSION_INCOME_YOY":-24.625201361941,"ACCOUNTS_RECE_TDAYS":5.939943817037,"INVENTORY_TDAYS":null,"CURRENT_ASSETS_TDAYS":0.011814856773,"TOTAL_ASSETS_TDAYS":0.009798332517,"PREMIUM_EXPENSE":null,"LOAN_DEPOSIT":null,"LOAN_EQUITY":null,"LOAN_ASSETS":null,"DEPOSIT_EQUITY":null,"DEPOSIT_ASSETS":null,"EQUITY_MULTIPLIER":4.408914025789,"EQUITY_RATIO":3.409552825153},{"SECUCODE":"03958.HK","SECURITY_CODE":"03958","SECURITY_NAME_ABBR":"东方证券","ORG_CODE":"10004846","STD_REPORT_DATE":"2023-12-31 00:00:00","REPORT_DATE":"2023-12-31 00:00:00","DATE_TYPE_CODE":"001","REPORT_TYPE":"2023年年报","PER_NETCASH_OPERATE":1.652986268972,"PER_OI":2.857291103214,"BPS":8.679370323889,"BASIC_EPS":0.3,"DILUTED_EPS":null,"OPERATE_INCOME":24277389000,"OPERATE_INCOME_YOY":5.063433677,"GROSS_PROFIT":null,"GROSS_PROFIT_YOY":null,"HOLDER_PROFIT":2753755000,"HOLDER_PROFIT_YOY":-8.5300798058,"GROSS_PROFIT_RATIO":null,"EPS_TTM":0.324099089154,"OPERATE_INCOME_QOQ":-2.012088049563,"NET_PROFIT_RATIO":11.3546147817,"ROE_AVG":3.527470277826,"GROSS_PROFIT_QOQ":null,"ROA":0.732617975713,"HOLDER_PROFIT_QOQ":-28.762640286774,"ROE_YEARLY":3.527470277826,"ROIC_YEARLY":1.047501743215,"TOTAL_ASSETS":383690461669.31,"TOTAL_LIABILITIES":304930264916.75,"TAX_EBT":5.567941242969,"OCF_SALES":57.851517722931,"TOTAL_PARENT_EQUITY":78745531646.26,"DEBT_ASSET_RATIO":79.47298544,"OPERATE_PROFIT":2334890000,"PRETAX_PROFIT":2919140000,"NETCASH_OPERATE":14044838000,"NETCASH_INVEST":-13070887000,"NETCASH_FINANCE":-4135876000,"END_CASH":23090236000,"DIVI_RATIO":0.693821617201,"DIVIDEND_RATE":4.525590493601,"CURRENT_RATIO":1.573196376515,"COMMON_ACS":null,"CURRENTDEBT_DEBT":97.08892348967,"ISSUED_COMMON_SHARES":8496645292,"HK_COMMON_SHARES":1027162428,"PER_SHARES":400,"TOTAL_MARKET_CAP":46476649747.24,"HKSK_MARKET_CAP":5618578481.16,"PE_TTM":12.957912083991,"PB_TTM":0.549475730658,"REPORT_DATE_SQ":"2022-12-31 00:00:00","REPORT_TYPE_SQ":"2022年年报","OPERATE_INCOME_SQ":23107363000,"DPS_HKD":0.2475498,"OPERATE_INCOME_QOQ_SQ":6.24525801457,"NET_PROFIT_RATIO_SQ":13.0275877866,"HOLDER_PROFIT_SQ":3010558000,"HOLDER_PROFIT_QOQ_SQ":-1.384741734679,"ROE_AVG_SQ":4.254797223246,"PE_TTM_SQ":6.824779764168,"PB_TTM_SQ":0.362952420047,"ROA_SQ":0.866763446621,"START_DATE":"2023-01-01 00:00:00","FISCAL_YEAR":"12-31","CURRENCY":"HKD","IS_CNY_CODE":0,"DPS_HKD_LY":0.170225,"ORG_TYPE":"证券","PREMIUM_INCOME":null,"PREMIUM_INCOME_YOY":null,"NET_INTEREST_INCOME":6064164000,"NET_INTEREST_INCOME_YOY":null,"FEE_COMMISSION_INCOME":10298336000,"FEE_COMMISSION_INCOME_YOY":15.991166127089,"ACCOUNTS_RECE_TDAYS":30.74726738593,"INVENTORY_TDAYS":null,"CURRENT_ASSETS_TDAYS":0.067405856837,"TOTAL_ASSETS_TDAYS":0.064588358749,"PREMIUM_EXPENSE":null,"LOAN_DEPOSIT":null,"LOAN_EQUITY":null,"LOAN_ASSETS":null,"DEPOSIT_EQUITY":null,"DEPOSIT_ASSETS":null,"EQUITY_MULTIPLIER":4.871629028552,"EQUITY_RATIO":3.872350069164},{"SECUCODE":"03958.HK","SECURITY_CODE":"03958","SECURITY_NAME_ABBR":"东方证券","ORG_CODE":"10004846","STD_REPORT_DATE":"2023-09-30 00:00:00","REPORT_DATE":"2023-09-30 00:00:00","DATE_TYPE_CODE":"004","REPORT_TYPE":"2023年三季报","PER_NETCASH_OPERATE":-1.650363717073,"PER_OI":1.611814945122,"BPS":8.671855389735,"BASIC_EPS":0.32,"DILUTED_EPS":null,"OPERATE_INCOME":13695019865.05,"OPERATE_INCOME_YOY":13.8738752931,"GROSS_PROFIT":null,"GROSS_PROFIT_YOY":null,"HOLDER_PROFIT":2857177459.49,"HOLDER_PROFIT_YOY":42.7068634944,"GROSS_PROFIT_RATIO":null,"EPS_TTM":0.454956627335,"OPERATE_INCOME_QOQ":1.796537525809,"NET_PROFIT_RATIO":20.8631763774,"ROE_AVG":3.661448458559,"GROSS_PROFIT_QOQ":null,"ROA":0.788246965241,"HOLDER_PROFIT_QOQ":-9.356889059412,"ROE_YEARLY":4.881931278078,"ROIC_YEARLY":1.099608797216,"TOTAL_ASSETS":356877781793.35,"TOTAL_LIABILITIES":278184247081.42,"TAX_EBT":9.722320321702,"OCF_SALES":-102.391637580212,"TOTAL_PARENT_EQUITY":78681679270.1,"DEBT_ASSET_RATIO":77.949444116,"OPERATE_PROFIT":2977187275.92,"PRETAX_PROFIT":3164919789.19,"NETCASH_OPERATE":-14022555106.76,"NETCASH_INVEST":2529435558.57,"NETCASH_FINANCE":-3714924232.01,"END_CASH":78635873301.23,"DIVI_RATIO":0.494260201213,"DIVIDEND_RATE":4.525590493601,"CURRENT_RATIO":0.954120937394,"COMMON_ACS":null,"CURRENTDEBT_DEBT":96.64114139752,"ISSUED_COMMON_SHARES":8496645292,"HK_COMMON_SHARES":1027162428,"PER_SHARES":400,"TOTAL_MARKET_CAP":46476649747.24,"HKSK_MARKET_CAP":5618578481.16,"PE_TTM":12.957912083991,"PB_TTM":0.549475730658,"REPORT_DATE_SQ":"2022-09-30 00:00:00","REPORT_TYPE_SQ":"2022年三季报","OPERATE_INCOME_SQ":12026480902.49,"DPS_HKD":0.2475498,"OPERATE_INCOME_QOQ_SQ":-5.330374129519,"NET_PROFIT_RATIO_SQ":16.6459958546,"HOLDER_PROFIT_SQ":2002130373.78,"HOLDER_PROFIT_QOQ_SQ":-8.005697857858,"ROE_AVG_SQ":2.831255433734,"PE_TTM_SQ":6.824779764168,"PB_TTM_SQ":0.362952420047,"ROA_SQ":0.577632594607,"START_DATE":"2023-01-01 00:00:00","FISCAL_YEAR":"12-31","CURRENCY":"HKD","IS_CNY_CODE":0,"DPS_HKD_LY":0.170225,"ORG_TYPE":"证券","PREMIUM_INCOME":null,"PREMIUM_INCOME_YOY":null,"NET_INTEREST_INCOME":1327416764.01,"NET_INTEREST_INCOME_YOY":null,"FEE_COMMISSION_INCOME":5439355289.32,"FEE_COMMISSION_INCOME_YOY":-11.598370394213,"ACCOUNTS_RECE_TDAYS":15.562192414139,"INVENTORY_TDAYS":null,"CURRENT_ASSETS_TDAYS":0.044948434668,"TOTAL_ASSETS_TDAYS":0.037782244892,"PREMIUM_EXPENSE":null,"LOAN_DEPOSIT":null,"LOAN_EQUITY":null,"LOAN_ASSETS":null,"DEPOSIT_EQUITY":null,"DEPOSIT_ASSETS":null,"EQUITY_MULTIPLIER":4.535033063387,"EQUITY_RATIO":3.535565708079},{"SECUCODE":"03958.HK","SECURITY_CODE":"03958","SECURITY_NAME_ABBR":"东方证券","ORG_CODE":"10004846","STD_REPORT_DATE":"2023-06-30 00:00:00","REPORT_DATE":"2023-06-30 00:00:00","DATE_TYPE_CODE":"002","REPORT_TYPE":"2023年中报","PER_NETCASH_OPERATE":-0.704882785402,"PER_OI":1.293787562292,"BPS":8.589961271976,"BASIC_EPS":0.21,"DILUTED_EPS":null,"OPERATE_INCOME":10992854000,"OPERATE_INCOME_YOY":12.6136087973,"GROSS_PROFIT":null,"GROSS_PROFIT_YOY":null,"HOLDER_PROFIT":1901450000,"HOLDER_PROFIT_YOY":193.7214708858,"GROSS_PROFIT_RATIO":null,"EPS_TTM":0.501920799732,"OPERATE_INCOME_QOQ":-0.325918717357,"NET_PROFIT_RATIO":17.2965455559,"ROE_AVG":2.447604472369,"GROSS_PROFIT_QOQ":null,"ROA":0.522243581718,"HOLDER_PROFIT_QOQ":1.288352960319,"ROE_YEARLY":4.895208944738,"ROIC_YEARLY":1.493842599329,"TOTAL_ASSETS":360118151000,"TOTAL_LIABILITIES":282120546000,"TAX_EBT":11.430433362882,"OCF_SALES":-54.482111742774,"TOTAL_PARENT_EQUITY":77985854000,"DEBT_ASSET_RATIO":78.3411069996,"OPERATE_PROFIT":1800074000,"PRETAX_PROFIT":2146769000,"NETCASH_OPERATE":-5989139000,"NETCASH_INVEST":4552103000,"NETCASH_FINANCE":1972997000,"END_CASH":26821698000,"DIVI_RATIO":0.448012822521,"DIVIDEND_RATE":4.609865921788,"CURRENT_RATIO":1.653784440689,"COMMON_ACS":null,"CURRENTDEBT_DEBT":73.835869437173,"ISSUED_COMMON_SHARES":8496645292,"HK_COMMON_SHARES":1027162428,"PER_SHARES":400,"TOTAL_MARKET_CAP":45626985218.04,"HKSK_MARKET_CAP":5515862238.36,"PE_TTM":12.721021552291,"PB_TTM":0.5394304705,"REPORT_DATE_SQ":"2022-06-30 00:00:00","REPORT_TYPE_SQ":"2022年中报","OPERATE_INCOME_SQ":9761568000,"DPS_HKD":0.2475498,"OPERATE_INCOME_QOQ_SQ":-13.293221362713,"NET_PROFIT_RATIO_SQ":6.6298262738,"HOLDER_PROFIT_SQ":647365000,"HOLDER_PROFIT_QOQ_SQ":-24.97895381342,"ROE_AVG_SQ":0.925271801138,"PE_TTM_SQ":6.625806593201,"PB_TTM_SQ":0.352370716838,"ROA_SQ":0.189810773321,"START_DATE":"2023-01-01 00:00:00","FISCAL_YEAR":"12-31","CURRENCY":"HKD","IS_CNY_CODE":0,"DPS_HKD_LY":0.170225,"ORG_TYPE":"证券","PREMIUM_INCOME":null,"PREMIUM_INCOME_YOY":null,"NET_INTEREST_INCOME":3081386000,"NET_INTEREST_INCOME_YOY":null,"FEE_COMMISSION_INCOME":4051782000,"FEE_COMMISSION_INCOME_YOY":-9.988383611406,"ACCOUNTS_RECE_TDAYS":13.228886360395,"INVENTORY_TDAYS":null,"CURRENT_ASSETS_TDAYS":0.03152737198,"TOTAL_ASSETS_TDAYS":0.030192471252,"PREMIUM_EXPENSE":null,"LOAN_DEPOSIT":null,"LOAN_EQUITY":null,"LOAN_ASSETS":null,"DEPOSIT_EQUITY":null,"DEPOSIT_ASSETS":null,"EQUITY_MULTIPLIER":4.617041138629,"EQUITY_RATIO":3.617586158638},{"SECUCODE":"03958.HK","SECURITY_CODE":"03958","SECURITY_NAME_ABBR":"东方证券","ORG_CODE":"10004846","STD_REPORT_DATE":"2023-03-31 00:00:00","REPORT_DATE":"2023-03-31 00:00:00","DATE_TYPE_CODE":"003","REPORT_TYPE":"2023年一季报","PER_NETCASH_OPERATE":-1.738411562018,"PER_OI":0.522201789524,"BPS":8.732983885077,"BASIC_EPS":0.16,"DILUTED_EPS":null,"OPERATE_INCOME":4436963376.43,"OPERATE_INCOME_YOY":41.9331498096,"GROSS_PROFIT":null,"GROSS_PROFIT_YOY":null,"HOLDER_PROFIT":1428089623.65,"HOLDER_PROFIT_YOY":525.6706647952,"GROSS_PROFIT_RATIO":null,"EPS_TTM":0.495536540049,"OPERATE_INCOME_QOQ":5.672951909138,"NET_PROFIT_RATIO":32.1863239969,"ROE_AVG":1.824014398758,"GROSS_PROFIT_QOQ":null,"ROA":0.395707372042,"HOLDER_PROFIT_QOQ":39.854412704223,"ROE_YEARLY":7.296057595032,"ROIC_YEARLY":2.267932827128,"TOTAL_ASSETS":353723800812.79,"TOTAL_LIABILITIES":274510911864.27,"TAX_EBT":16.413841446044,"OCF_SALES":-332.900345593218,"TOTAL_PARENT_EQUITY":79201066412.25,"DEBT_ASSET_RATIO":77.606005373,"OPERATE_PROFIT":1515481877.06,"PRETAX_PROFIT":1708530972.91,"NETCASH_OPERATE":-14770666413.98,"NETCASH_INVEST":-5607130090.94,"NETCASH_FINANCE":5164405647.88,"END_CASH":78577839067.22,"DIVI_RATIO":0.453784808983,"DIVIDEND_RATE":4.525590493601,"CURRENT_RATIO":0.931254833108,"COMMON_ACS":null,"CURRENTDEBT_DEBT":97.315871789467,"ISSUED_COMMON_SHARES":8496645292,"HK_COMMON_SHARES":1027162428,"PER_SHARES":400,"TOTAL_MARKET_CAP":46476649747.24,"HKSK_MARKET_CAP":5618578481.16,"PE_TTM":12.957912083991,"PB_TTM":0.549475730658,"REPORT_DATE_SQ":"2022-03-31 00:00:00","REPORT_TYPE_SQ":"2022年一季报","OPERATE_INCOME_SQ":3126093785.97,"DPS_HKD":0.2475498,"OPERATE_INCOME_QOQ_SQ":-7.236674426795,"NET_PROFIT_RATIO_SQ":7.2988534443,"HOLDER_PROFIT_SQ":228249413.63,"HOLDER_PROFIT_QOQ_SQ":-17.650004459093,"ROE_AVG_SQ":0.352998609234,"PE_TTM_SQ":6.824779764168,"PB_TTM_SQ":0.362952420047,"ROA_SQ":0.071129233842,"START_DATE":"2023-01-01 00:00:00","FISCAL_YEAR":"12-31","CURRENCY":"HKD","IS_CNY_CODE":0,"DPS_HKD_LY":0.170225,"ORG_TYPE":"证券","PREMIUM_INCOME":null,"PREMIUM_INCOME_YOY":null,"NET_INTEREST_INCOME":417010825.54,"NET_INTEREST_INCOME_YOY":null,"FEE_COMMISSION_INCOME":1653716143.98,"FEE_COMMISSION_INCOME_YOY":-23.487129838767,"ACCOUNTS_RECE_TDAYS":5.017449321887,"INVENTORY_TDAYS":null,"CURRENT_ASSETS_TDAYS":0.014749624882,"TOTAL_ASSETS_TDAYS":0.012294320248,"PREMIUM_EXPENSE":null,"LOAN_DEPOSIT":null,"LOAN_EQUITY":null,"LOAN_ASSETS":null,"DEPOSIT_EQUITY":null,"DEPOSIT_ASSETS":null,"EQUITY_MULTIPLIER":4.465482896894,"EQUITY_RATIO":3.46600019797},{"SECUCODE":"03958.HK","SECURITY_CODE":"03958","SECURITY_NAME_ABBR":"东方证券","ORG_CODE":"10004846","STD_REPORT_DATE":"2022-12-31 00:00:00","REPORT_DATE":"2022-12-31 00:00:00","DATE_TYPE_CODE":"001","REPORT_TYPE":"2022年年报","PER_NETCASH_OPERATE":2.325869601572,"PER_OI":2.719586637535,"BPS":8.519417901104,"BASIC_EPS":0.35,"DILUTED_EPS":null,"OPERATE_INCOME":23107363000,"OPERATE_INCOME_YOY":-19.0998033036,"GROSS_PROFIT":null,"GROSS_PROFIT_YOY":null,"HOLDER_PROFIT":3010558000,"HOLDER_PROFIT_YOY":-43.9530812273,"GROSS_PROFIT_RATIO":null,"EPS_TTM":0.354323135371,"OPERATE_INCOME_QOQ":6.24525801457,"NET_PROFIT_RATIO":13.0275877866,"ROE_AVG":4.254797223246,"GROSS_PROFIT_QOQ":null,"ROA":0.866763446621,"HOLDER_PROFIT_QOQ":-1.384741734679,"ROE_YEARLY":4.254797223246,"ROIC_YEARLY":1.248621967112,"TOTAL_ASSETS":368066959000,"TOTAL_LIABILITIES":290668670000,"TAX_EBT":10.884719451039,"OCF_SALES":85.522908866754,"TOTAL_PARENT_EQUITY":77386472000,"DEBT_ASSET_RATIO":78.9716824324,"OPERATE_PROFIT":2712036000,"PRETAX_PROFIT":3378020000,"NETCASH_OPERATE":19762089000,"NETCASH_INVEST":-16020970000,"NETCASH_FINANCE":160682000,"END_CASH":26154534000,"DIVI_RATIO":0.634638079544,"DIVIDEND_RATE":4.525590493601,"CURRENT_RATIO":1.56632645549,"COMMON_ACS":null,"CURRENTDEBT_DEBT":77.503506311843,"ISSUED_COMMON_SHARES":8496645292,"HK_COMMON_SHARES":1027162428,"PER_SHARES":400,"TOTAL_MARKET_CAP":46476649747.24,"HKSK_MARKET_CAP":5618578481.16,"PE_TTM":12.957912083991,"PB_TTM":0.549475730658,"REPORT_DATE_SQ":"2021-12-31 00:00:00","REPORT_TYPE_SQ":"2021年年报","OPERATE_INCOME_SQ":28562802000,"DPS_HKD":0.2475498,"OPERATE_INCOME_QOQ_SQ":-6.153623923034,"NET_PROFIT_RATIO_SQ":18.8116663064,"HOLDER_PROFIT_SQ":5371496000,"HOLDER_PROFIT_QOQ_SQ":34.526160956275,"ROE_AVG_SQ":8.640710434706,"PE_TTM_SQ":6.824779764168,"PB_TTM_SQ":0.362952420047,"ROA_SQ":1.739144444292,"START_DATE":"2022-01-01 00:00:00","FISCAL_YEAR":"12-31","CURRENCY":"HKD","IS_CNY_CODE":0,"DPS_HKD_LY":0.2929294,"ORG_TYPE":"证券","PREMIUM_INCOME":null,"PREMIUM_INCOME_YOY":null,"NET_INTEREST_INCOME":5685794000,"NET_INTEREST_INCOME_YOY":null,"FEE_COMMISSION_INCOME":8878552000,"FEE_COMMISSION_INCOME_YOY":-14.621648269023,"ACCOUNTS_RECE_TDAYS":24.070972157405,"INVENTORY_TDAYS":null,"CURRENT_ASSETS_TDAYS":0.069393405991,"TOTAL_ASSETS_TDAYS":0.066527924711,"PREMIUM_EXPENSE":null,"LOAN_DEPOSIT":null,"LOAN_EQUITY":null,"LOAN_ASSETS":null,"DEPOSIT_EQUITY":null,"DEPOSIT_ASSETS":null,"EQUITY_MULTIPLIER":4.755492191828,"EQUITY_RATIO":3.756065659641},{"SECUCODE":"03958.HK","SECURITY_CODE":"03958","SECURITY_NAME_ABBR":"东方证券","ORG_CODE":"10004846","STD_REPORT_DATE":"2022-09-30 00:00:00","REPORT_DATE":"2022-09-30 00:00:00","DATE_TYPE_CODE":"004","REPORT_TYPE":"2022年三季报","PER_NETCASH_OPERATE":1.201628085051,"PER_OI":1.415438739547,"BPS":8.509648015495,"BASIC_EPS":0.24,"DILUTED_EPS":null,"OPERATE_INCOME":12026480902.49,"OPERATE_INCOME_YOY":-36.1658732389,"GROSS_PROFIT":null,"GROSS_PROFIT_YOY":null,"HOLDER_PROFIT":2002130373.78,"HOLDER_PROFIT_YOY":-53.6629118437,"GROSS_PROFIT_RATIO":null,"EPS_TTM":0.359298491536,"OPERATE_INCOME_QOQ":-5.330374129519,"NET_PROFIT_RATIO":16.6459958546,"ROE_AVG":2.831255433734,"GROSS_PROFIT_QOQ":null,"ROA":0.577632594607,"HOLDER_PROFIT_QOQ":-8.005697857858,"ROE_YEARLY":3.775007244979,"ROIC_YEARLY":0.818593609266,"TOTAL_ASSETS":366619698541.89,"TOTAL_LIABILITIES":289303815195.49,"TAX_EBT":8.829492709288,"OCF_SALES":84.894390091004,"TOTAL_PARENT_EQUITY":77303460747.43,"DEBT_ASSET_RATIO":78.9111486224,"OPERATE_PROFIT":1979280340.71,"PRETAX_PROFIT":2195806047.34,"NETCASH_OPERATE":10209807611.58,"NETCASH_INVEST":-9383314916.34,"NETCASH_FINANCE":-137488184.62,"END_CASH":88826722115.94,"DIVI_RATIO":0.625849981192,"DIVIDEND_RATE":4.525590493601,"CURRENT_RATIO":0.970528396813,"COMMON_ACS":null,"CURRENTDEBT_DEBT":97.523441811485,"ISSUED_COMMON_SHARES":8496645292,"HK_COMMON_SHARES":1027162428,"PER_SHARES":400,"TOTAL_MARKET_CAP":46476649747.24,"HKSK_MARKET_CAP":5618578481.16,"PE_TTM":12.957912083991,"PB_TTM":0.549475730658,"REPORT_DATE_SQ":"2021-09-30 00:00:00","REPORT_TYPE_SQ":"2021年三季报","OPERATE_INCOME_SQ":18840205878.43,"DPS_HKD":0.2475498,"OPERATE_INCOME_QOQ_SQ":-1.648726386947,"NET_PROFIT_RATIO_SQ":22.9265747957,"HOLDER_PROFIT_SQ":4320794537.25,"HOLDER_PROFIT_QOQ_SQ":2.452340599514,"ROE_AVG_SQ":7.000135539773,"PE_TTM_SQ":6.824779764168,"PB_TTM_SQ":0.362952420047,"ROA_SQ":1.40434402829,"START_DATE":"2022-01-01 00:00:00","FISCAL_YEAR":"12-31","CURRENCY":"HKD","IS_CNY_CODE":0,"DPS_HKD_LY":0.2929294,"ORG_TYPE":"证券","PREMIUM_INCOME":null,"PREMIUM_INCOME_YOY":null,"NET_INTEREST_INCOME":1147029879.08,"NET_INTEREST_INCOME_YOY":null,"FEE_COMMISSION_INCOME":6153003415.86,"FEE_COMMISSION_INCOME_YOY":-10.752676145793,"ACCOUNTS_RECE_TDAYS":12.039817302647,"INVENTORY_TDAYS":null,"CURRENT_ASSETS_TDAYS":0.040979859385,"TOTAL_ASSETS_TDAYS":0.03469747754,"PREMIUM_EXPENSE":null,"LOAN_DEPOSIT":null,"LOAN_EQUITY":null,"LOAN_ASSETS":null,"DEPOSIT_EQUITY":null,"DEPOSIT_ASSETS":null,"EQUITY_MULTIPLIER":4.741841943379,"EQUITY_RATIO":3.742443254135}],"count":41},"success":true,"message":"ok","code":0}