{"version":"d2bef1de8f035f90ced62632c1ef202e","result":{"pages":8,"data":[{"SECUCODE":"03968.HK","SECURITY_CODE":"03968","SECURITY_NAME_ABBR":"招商银行","ORG_CODE":"10002271","STD_REPORT_DATE":"2024-09-30 00:00:00","REPORT_DATE":"2024-09-30 00:00:00","DATE_TYPE_CODE":"004","REPORT_TYPE":"2024年三季报","PER_NETCASH_OPERATE":11.389165681039,"PER_OI":9.932971199081,"BPS":39.733827710677,"BASIC_EPS":4.41,"DILUTED_EPS":4.41,"OPERATE_INCOME":250508000000,"OPERATE_INCOME_YOY":-2.9539036078,"GROSS_PROFIT":null,"GROSS_PROFIT_YOY":null,"HOLDER_PROFIT":113184000000,"HOLDER_PROFIT_YOY":-0.6198963913,"GROSS_PROFIT_RATIO":null,"EPS_TTM":5.78496800925,"OPERATE_INCOME_QOQ":-0.630691858094,"NET_PROFIT_RATIO":45.5230970668,"ROE_AVG":10.156054766102,"GROSS_PROFIT_QOQ":null,"ROA":0.997952409457,"HOLDER_PROFIT_QOQ":0.208114401104,"ROE_YEARLY":13.541406354802,"ROIC_YEARLY":1.000012236862,"TOTAL_ASSETS":11654763000000,"TOTAL_LIABILITIES":10495128000000,"TAX_EBT":14.943240300133,"OCF_SALES":114.660210452361,"TOTAL_PARENT_EQUITY":1152527000000,"DEBT_ASSET_RATIO":90.0501194233,"OPERATE_PROFIT":131979000000,"PRETAX_PROFIT":134074000000,"NETCASH_OPERATE":287233000000,"NETCASH_INVEST":-121505000000,"NETCASH_FINANCE":6216000000,"END_CASH":770465000000,"DIVI_RATIO":0.338685972083,"DIVIDEND_RATE":4.831383240223,"CURRENT_RATIO":null,"COMMON_ACS":null,"CURRENTDEBT_DEBT":null,"ISSUED_COMMON_SHARES":25219845601,"HK_COMMON_SHARES":4590901172,"PER_SHARES":500,"TOTAL_MARKET_CAP":1128588090644.75,"HKSK_MARKET_CAP":205442827447,"PE_TTM":6.916629108703,"PB_TTM":1.015635915921,"REPORT_DATE_SQ":"2023-09-30 00:00:00","REPORT_TYPE_SQ":"2023年三季报","OPERATE_INCOME_SQ":258133000000,"DPS_HKD":2.162044,"OPERATE_INCOME_QOQ_SQ":-1.251233517714,"NET_PROFIT_RATIO_SQ":44.5390554482,"HOLDER_PROFIT_SQ":113890000000,"HOLDER_PROFIT_QOQ_SQ":0.440614088566,"ROE_AVG_SQ":11.634856145204,"PE_TTM_SQ":4.693455437326,"PB_TTM_SQ":0.774626323634,"ROA_SQ":1.094731892335,"START_DATE":"2024-01-01 00:00:00","FISCAL_YEAR":"12-31","CURRENCY":"HKD","IS_CNY_CODE":0,"DPS_HKD_LY":2.162044,"ORG_TYPE":"银行","PREMIUM_INCOME":null,"PREMIUM_INCOME_YOY":null,"NET_INTEREST_INCOME":157298000000,"NET_INTEREST_INCOME_YOY":-3.073586138053,"FEE_COMMISSION_INCOME":55702000000,"FEE_COMMISSION_INCOME_YOY":null,"ACCOUNTS_RECE_TDAYS":null,"INVENTORY_TDAYS":null,"CURRENT_ASSETS_TDAYS":null,"TOTAL_ASSETS_TDAYS":0.022087491358,"PREMIUM_EXPENSE":null,"LOAN_DEPOSIT":77.662601888616,"LOAN_EQUITY":5.909309394766,"LOAN_ASSETS":58.796922768829,"DEPOSIT_EQUITY":7.60895109237,"DEPOSIT_ASSETS":75.708154683197,"EQUITY_MULTIPLIER":10.050371884279,"EQUITY_RATIO":9.10618840166},{"SECUCODE":"03968.HK","SECURITY_CODE":"03968","SECURITY_NAME_ABBR":"招商银行","ORG_CODE":"10002271","STD_REPORT_DATE":"2024-06-30 00:00:00","REPORT_DATE":"2024-06-30 00:00:00","DATE_TYPE_CODE":"002","REPORT_TYPE":"2024年中报","PER_NETCASH_OPERATE":4.289479075784,"PER_OI":6.795124867585,"BPS":38.056022038531,"BASIC_EPS":2.89,"DILUTED_EPS":2.89,"OPERATE_INCOME":171372000000,"OPERATE_INCOME_YOY":-3.1298577235,"GROSS_PROFIT":null,"GROSS_PROFIT_YOY":null,"HOLDER_PROFIT":74743000000,"HOLDER_PROFIT_YOY":-1.3319780336,"GROSS_PROFIT_RATIO":null,"EPS_TTM":5.772953661311,"OPERATE_INCOME_QOQ":-0.414806704287,"NET_PROFIT_RATIO":43.9855985809,"ROE_AVG":6.83651157994,"GROSS_PROFIT_QOQ":null,"ROA":0.661346904469,"HOLDER_PROFIT_QOQ":-0.169363686231,"ROE_YEARLY":13.67302315988,"ROIC_YEARLY":1.32538747497,"TOTAL_ASSETS":11574783000000,"TOTAL_LIABILITIES":10457758000000,"TAX_EBT":15.910130409076,"OCF_SALES":63.125831524403,"TOTAL_PARENT_EQUITY":1110213000000,"DEBT_ASSET_RATIO":90.349495105,"OPERATE_PROFIT":88091000000,"PRETAX_PROFIT":89641000000,"NETCASH_OPERATE":108180000000,"NETCASH_INVEST":-55022000000,"NETCASH_FINANCE":82453000000,"END_CASH":735906000000,"DIVI_RATIO":0.339390826365,"DIVIDEND_RATE":5.645023498695,"CURRENT_RATIO":null,"COMMON_ACS":null,"CURRENTDEBT_DEBT":null,"ISSUED_COMMON_SHARES":25219845601,"HK_COMMON_SHARES":4590901172,"PER_SHARES":500,"TOTAL_MARKET_CAP":965920086518.3,"HKSK_MARKET_CAP":175831514887.6,"PE_TTM":5.919707147784,"PB_TTM":0.869248169381,"REPORT_DATE_SQ":"2023-06-30 00:00:00","REPORT_TYPE_SQ":"2023年中报","OPERATE_INCOME_SQ":176909000000,"DPS_HKD":2.162044,"OPERATE_INCOME_QOQ_SQ":0.255701167242,"NET_PROFIT_RATIO_SQ":43.2069595103,"HOLDER_PROFIT_SQ":75752000000,"HOLDER_PROFIT_QOQ_SQ":2.495934786159,"ROE_AVG_SQ":7.880043419713,"PE_TTM_SQ":4.033069747652,"PB_TTM_SQ":0.665633675083,"ROA_SQ":0.725637380172,"START_DATE":"2024-01-01 00:00:00","FISCAL_YEAR":"12-31","CURRENCY":"HKD","IS_CNY_CODE":0,"DPS_HKD_LY":2.162044,"ORG_TYPE":"银行","PREMIUM_INCOME":null,"PREMIUM_INCOME_YOY":null,"NET_INTEREST_INCOME":104449000000,"NET_INTEREST_INCOME_YOY":-4.171712723403,"FEE_COMMISSION_INCOME":38328000000,"FEE_COMMISSION_INCOME_YOY":null,"ACCOUNTS_RECE_TDAYS":null,"INVENTORY_TDAYS":null,"CURRENT_ASSETS_TDAYS":null,"TOTAL_ASSETS_TDAYS":0.015163472394,"PREMIUM_EXPENSE":null,"LOAN_DEPOSIT":78.07362451461,"LOAN_EQUITY":6.126317674179,"LOAN_ASSETS":59.122058702958,"DEPOSIT_EQUITY":7.84684675813,"DEPOSIT_ASSETS":75.726033049604,"EQUITY_MULTIPLIER":10.362152145201,"EQUITY_RATIO":9.419596059495},{"SECUCODE":"03968.HK","SECURITY_CODE":"03968","SECURITY_NAME_ABBR":"招商银行","ORG_CODE":"10002271","STD_REPORT_DATE":"2024-03-31 00:00:00","REPORT_DATE":"2024-03-31 00:00:00","DATE_TYPE_CODE":"003","REPORT_TYPE":"2024年一季报","PER_NETCASH_OPERATE":-0.0478987865,"PER_OI":3.397086618032,"BPS":38.403050332774,"BASIC_EPS":1.51,"DILUTED_EPS":1.51,"OPERATE_INCOME":85674000000,"OPERATE_INCOME_YOY":-4.6286401282,"GROSS_PROFIT":null,"GROSS_PROFIT_YOY":null,"HOLDER_PROFIT":38077000000,"HOLDER_PROFIT_YOY":-1.9619454672,"GROSS_PROFIT_RATIO":null,"EPS_TTM":5.782747535703,"OPERATE_INCOME_QOQ":-1.235286777856,"NET_PROFIT_RATIO":44.8700889418,"ROE_AVG":3.468901101654,"GROSS_PROFIT_QOQ":null,"ROA":0.337731086955,"HOLDER_PROFIT_QOQ":-0.519774627904,"ROE_YEARLY":13.875604406617,"ROIC_YEARLY":1.353742755457,"TOTAL_ASSETS":11520226000000,"TOTAL_LIABILITIES":10394735000000,"TAX_EBT":14.928742143932,"OCF_SALES":-1.409996031468,"TOTAL_PARENT_EQUITY":1118965000000,"DEBT_ASSET_RATIO":90.2303045097,"OPERATE_PROFIT":44442000000,"PRETAX_PROFIT":45188000000,"NETCASH_OPERATE":-1208000000,"NETCASH_INVEST":1119000000,"NETCASH_FINANCE":129954000000,"END_CASH":729079000000,"DIVI_RATIO":0.338816021551,"DIVIDEND_RATE":5.645023498695,"CURRENT_RATIO":null,"COMMON_ACS":null,"CURRENTDEBT_DEBT":null,"ISSUED_COMMON_SHARES":25219845601,"HK_COMMON_SHARES":4590901172,"PER_SHARES":500,"TOTAL_MARKET_CAP":965920086518.3,"HKSK_MARKET_CAP":175831514887.6,"PE_TTM":5.919707147784,"PB_TTM":0.869248169381,"REPORT_DATE_SQ":"2023-03-31 00:00:00","REPORT_TYPE_SQ":"2023年一季报","OPERATE_INCOME_SQ":89832000000,"DPS_HKD":2.162044,"OPERATE_INCOME_QOQ_SQ":-0.462574697193,"NET_PROFIT_RATIO_SQ":43.6659542257,"HOLDER_PROFIT_SQ":38839000000,"HOLDER_PROFIT_QOQ_SQ":2.041126858534,"ROE_AVG_SQ":4.031890542357,"PE_TTM_SQ":4.033069747652,"PB_TTM_SQ":0.665633675083,"ROA_SQ":0.376207206781,"START_DATE":"2024-01-01 00:00:00","FISCAL_YEAR":"12-31","CURRENCY":"HKD","IS_CNY_CODE":0,"DPS_HKD_LY":2.162044,"ORG_TYPE":"银行","PREMIUM_INCOME":null,"PREMIUM_INCOME_YOY":null,"NET_INTEREST_INCOME":52000000000,"NET_INTEREST_INCOME_YOY":-6.152430110632,"FEE_COMMISSION_INCOME":20204000000,"FEE_COMMISSION_INCOME_YOY":null,"ACCOUNTS_RECE_TDAYS":null,"INVENTORY_TDAYS":null,"CURRENT_ASSETS_TDAYS":null,"TOTAL_ASSETS_TDAYS":0.007599015979,"PREMIUM_EXPENSE":null,"LOAN_DEPOSIT":80.259346779469,"LOAN_EQUITY":6.085569764663,"LOAN_ASSETS":59.454163486029,"DEPOSIT_EQUITY":7.582381378438,"DEPOSIT_ASSETS":74.077557159035,"EQUITY_MULTIPLIER":10.235733559893,"EQUITY_RATIO":9.289597976702},{"SECUCODE":"03968.HK","SECURITY_CODE":"03968","SECURITY_NAME_ABBR":"招商银行","ORG_CODE":"10002271","STD_REPORT_DATE":"2023-12-31 00:00:00","REPORT_DATE":"2023-12-31 00:00:00","DATE_TYPE_CODE":"001","REPORT_TYPE":"2023年年报","PER_NETCASH_OPERATE":14.185376296904,"PER_OI":13.346711368711,"BPS":36.714102641583,"BASIC_EPS":5.63,"DILUTED_EPS":5.63,"OPERATE_INCOME":336602000000,"OPERATE_INCOME_YOY":-1.6401969522,"GROSS_PROFIT":null,"GROSS_PROFIT_YOY":null,"HOLDER_PROFIT":146602000000,"HOLDER_PROFIT_YOY":6.2240964554,"GROSS_PROFIT_RATIO":null,"EPS_TTM":5.812961836459,"OPERATE_INCOME_QOQ":-0.186223052516,"NET_PROFIT_RATIO":43.9706240605,"ROE_AVG":14.501603216424,"GROSS_PROFIT_QOQ":null,"ROA":1.385168085161,"HOLDER_PROFIT_QOQ":1.118775003449,"ROE_YEARLY":14.501603216424,"ROIC_YEARLY":1.388331667153,"TOTAL_ASSETS":11028483000000,"TOTAL_LIABILITIES":9942754000000,"TAX_EBT":16.19993432153,"OCF_SALES":106.283682212227,"TOTAL_PARENT_EQUITY":1076370000000,"DEBT_ASSET_RATIO":90.1552280581,"OPERATE_PROFIT":174142000000,"PRETAX_PROFIT":176618000000,"NETCASH_OPERATE":357753000000,"NETCASH_INVEST":-255107000000,"NETCASH_FINANCE":-72989000000,"END_CASH":599019000000,"DIVI_RATIO":0.337054941836,"DIVIDEND_RATE":5.645023498695,"CURRENT_RATIO":null,"COMMON_ACS":null,"CURRENTDEBT_DEBT":null,"ISSUED_COMMON_SHARES":25219845601,"HK_COMMON_SHARES":4590901172,"PER_SHARES":500,"TOTAL_MARKET_CAP":965920086518.3,"HKSK_MARKET_CAP":175831514887.6,"PE_TTM":5.919707147784,"PB_TTM":0.869248169381,"REPORT_DATE_SQ":"2022-12-31 00:00:00","REPORT_TYPE_SQ":"2022年年报","OPERATE_INCOME_SQ":342215000000,"DPS_HKD":2.162044,"OPERATE_INCOME_QOQ_SQ":0.130790477751,"NET_PROFIT_RATIO_SQ":40.7036512134,"HOLDER_PROFIT_SQ":138012000000,"HOLDER_PROFIT_QOQ_SQ":3.590059221341,"ROE_AVG_SQ":15.298562060205,"PE_TTM_SQ":4.033069747652,"PB_TTM_SQ":0.665633675083,"ROA_SQ":1.423689673365,"START_DATE":"2023-01-01 00:00:00","FISCAL_YEAR":"12-31","CURRENCY":"HKD","IS_CNY_CODE":0,"DPS_HKD_LY":1.890363,"ORG_TYPE":"银行","PREMIUM_INCOME":null,"PREMIUM_INCOME_YOY":null,"NET_INTEREST_INCOME":214669000000,"NET_INTEREST_INCOME_YOY":-1.634018374688,"FEE_COMMISSION_INCOME":84108000000,"FEE_COMMISSION_INCOME_YOY":null,"ACCOUNTS_RECE_TDAYS":null,"INVENTORY_TDAYS":null,"CURRENT_ASSETS_TDAYS":null,"TOTAL_ASSETS_TDAYS":0.031803819034,"PREMIUM_EXPENSE":null,"LOAN_DEPOSIT":79.369584216876,"LOAN_EQUITY":6.024016121887,"LOAN_ASSETS":59.305064894238,"DEPOSIT_EQUITY":7.589829506258,"DEPOSIT_ASSETS":74.72014056693,"EQUITY_MULTIPLIER":10.157675626227,"EQUITY_RATIO":9.237301299739},{"SECUCODE":"03968.HK","SECURITY_CODE":"03968","SECURITY_NAME_ABBR":"招商银行","ORG_CODE":"10002271","STD_REPORT_DATE":"2023-09-30 00:00:00","REPORT_DATE":"2023-09-30 00:00:00","DATE_TYPE_CODE":"004","REPORT_TYPE":"2023年三季报","PER_NETCASH_OPERATE":2.127213657401,"PER_OI":10.235312463204,"BPS":35.360605061144,"BASIC_EPS":4.44,"DILUTED_EPS":4.44,"OPERATE_INCOME":258133000000,"OPERATE_INCOME_YOY":-1.8945872194,"GROSS_PROFIT":null,"GROSS_PROFIT_YOY":null,"HOLDER_PROFIT":113890000000,"HOLDER_PROFIT_YOY":6.5169001702,"GROSS_PROFIT_RATIO":null,"EPS_TTM":5.748647406242,"OPERATE_INCOME_QOQ":-1.251233517714,"NET_PROFIT_RATIO":44.5390554482,"ROE_AVG":11.634856145204,"GROSS_PROFIT_QOQ":null,"ROA":1.094731892335,"HOLDER_PROFIT_QOQ":0.440614088566,"ROE_YEARLY":15.513141526939,"ROIC_YEARLY":1.097226725491,"TOTAL_ASSETS":10668009000000,"TOTAL_LIABILITIES":9646670000000,"TAX_EBT":14.953582128195,"OCF_SALES":20.783084688901,"TOTAL_PARENT_EQUITY":1012235000000,"DEBT_ASSET_RATIO":90.426151684,"OPERATE_PROFIT":133087000000,"PRETAX_PROFIT":135185000000,"NETCASH_OPERATE":53648000000,"NETCASH_INVEST":-191954000000,"NETCASH_FINANCE":-36060000000,"END_CASH":398640000000,"DIVI_RATIO":0.340825828273,"DIVIDEND_RATE":5.645023498695,"CURRENT_RATIO":null,"COMMON_ACS":null,"CURRENTDEBT_DEBT":null,"ISSUED_COMMON_SHARES":25219845601,"HK_COMMON_SHARES":4590901172,"PER_SHARES":500,"TOTAL_MARKET_CAP":965920086518.3,"HKSK_MARKET_CAP":175831514887.6,"PE_TTM":5.919707147784,"PB_TTM":0.869248169381,"REPORT_DATE_SQ":"2022-09-30 00:00:00","REPORT_TYPE_SQ":"2022年三季报","OPERATE_INCOME_SQ":263118000000,"DPS_HKD":2.162044,"OPERATE_INCOME_QOQ_SQ":1.009300937187,"NET_PROFIT_RATIO_SQ":41.0382413974,"HOLDER_PROFIT_SQ":106922000000,"HOLDER_PROFIT_QOQ_SQ":3.929262356465,"ROE_AVG_SQ":12.025010023466,"PE_TTM_SQ":4.033069747652,"PB_TTM_SQ":0.665633675083,"ROA_SQ":1.128099340097,"START_DATE":"2023-01-01 00:00:00","FISCAL_YEAR":"12-31","CURRENCY":"HKD","IS_CNY_CODE":0,"DPS_HKD_LY":1.890363,"ORG_TYPE":"银行","PREMIUM_INCOME":null,"PREMIUM_INCOME_YOY":null,"NET_INTEREST_INCOME":162286000000,"NET_INTEREST_INCOME_YOY":0.096219083452,"FEE_COMMISSION_INCOME":67027000000,"FEE_COMMISSION_INCOME_YOY":null,"ACCOUNTS_RECE_TDAYS":null,"INVENTORY_TDAYS":null,"CURRENT_ASSETS_TDAYS":null,"TOTAL_ASSETS_TDAYS":0.02481222474,"PREMIUM_EXPENSE":null,"LOAN_DEPOSIT":80.412739993686,"LOAN_EQUITY":6.344051289533,"LOAN_ASSETS":60.736984755075,"DEPOSIT_EQUITY":7.889360927175,"DEPOSIT_ASSETS":75.531544827156,"EQUITY_MULTIPLIER":10.44512057214,"EQUITY_RATIO":9.530069598463},{"SECUCODE":"03968.HK","SECURITY_CODE":"03968","SECURITY_NAME_ABBR":"招商银行","ORG_CODE":"10002271","STD_REPORT_DATE":"2023-06-30 00:00:00","REPORT_DATE":"2023-06-30 00:00:00","DATE_TYPE_CODE":"002","REPORT_TYPE":"2023年中报","PER_NETCASH_OPERATE":3.74118071509,"PER_OI":7.01467418948,"BPS":33.968487101524,"BASIC_EPS":2.93,"DILUTED_EPS":2.93,"OPERATE_INCOME":176909000000,"OPERATE_INCOME_YOY":-0.4008535027,"GROSS_PROFIT":null,"GROSS_PROFIT_YOY":null,"HOLDER_PROFIT":75752000000,"HOLDER_PROFIT_YOY":9.1212906943,"GROSS_PROFIT_RATIO":null,"EPS_TTM":5.723429170965,"OPERATE_INCOME_QOQ":0.255701167242,"NET_PROFIT_RATIO":43.2069595103,"ROE_AVG":7.880043419713,"GROSS_PROFIT_QOQ":null,"ROA":0.725637380172,"HOLDER_PROFIT_QOQ":2.495934786159,"ROE_YEARLY":15.760086839427,"ROIC_YEARLY":1.454393814103,"TOTAL_ASSETS":10739836000000,"TOTAL_LIABILITIES":9753923000000,"TAX_EBT":15.8960873201,"OCF_SALES":53.333634806596,"TOTAL_PARENT_EQUITY":977126000000,"DEBT_ASSET_RATIO":90.8200367305,"OPERATE_PROFIT":89328000000,"PRETAX_PROFIT":90884000000,"NETCASH_OPERATE":94352000000,"NETCASH_INVEST":-116907000000,"NETCASH_FINANCE":36768000000,"END_CASH":585047000000,"DIVI_RATIO":0.34232755489,"DIVIDEND_RATE":5.645023498695,"CURRENT_RATIO":null,"COMMON_ACS":null,"CURRENTDEBT_DEBT":null,"ISSUED_COMMON_SHARES":25219845601,"HK_COMMON_SHARES":4590901172,"PER_SHARES":500,"TOTAL_MARKET_CAP":965920086518.3,"HKSK_MARKET_CAP":175831514887.6,"PE_TTM":5.919707147784,"PB_TTM":0.869248169381,"REPORT_DATE_SQ":"2022-06-30 00:00:00","REPORT_TYPE_SQ":"2022年中报","OPERATE_INCOME_SQ":177621000000,"DPS_HKD":2.162044,"OPERATE_INCOME_QOQ_SQ":1.121033347081,"NET_PROFIT_RATIO_SQ":39.4108804702,"HOLDER_PROFIT_SQ":69420000000,"HOLDER_PROFIT_QOQ_SQ":3.439872830411,"ROE_AVG_SQ":7.948352880763,"PE_TTM_SQ":4.033069747652,"PB_TTM_SQ":0.665633675083,"ROA_SQ":0.73173751241,"START_DATE":"2023-01-01 00:00:00","FISCAL_YEAR":"12-31","CURRENCY":"HKD","IS_CNY_CODE":0,"DPS_HKD_LY":1.890363,"ORG_TYPE":"银行","PREMIUM_INCOME":null,"PREMIUM_INCOME_YOY":null,"NET_INTEREST_INCOME":108996000000,"NET_INTEREST_INCOME_YOY":1.210860602459,"FEE_COMMISSION_INCOME":47091000000,"FEE_COMMISSION_INCOME_YOY":null,"ACCOUNTS_RECE_TDAYS":null,"INVENTORY_TDAYS":null,"CURRENT_ASSETS_TDAYS":null,"TOTAL_ASSETS_TDAYS":0.016946322643,"PREMIUM_EXPENSE":null,"LOAN_DEPOSIT":79.189474001367,"LOAN_EQUITY":6.504609433084,"LOAN_ASSETS":59.712075677878,"DEPOSIT_EQUITY":8.213982369641,"DEPOSIT_ASSETS":75.404056449279,"EQUITY_MULTIPLIER":10.893289772983,"EQUITY_RATIO":9.98225715005},{"SECUCODE":"03968.HK","SECURITY_CODE":"03968","SECURITY_NAME_ABBR":"招商银行","ORG_CODE":"10002271","STD_REPORT_DATE":"2023-03-31 00:00:00","REPORT_DATE":"2023-03-31 00:00:00","DATE_TYPE_CODE":"003","REPORT_TYPE":"2023年一季报","PER_NETCASH_OPERATE":-0.500320271568,"PER_OI":3.561956778849,"BPS":34.125545953615,"BASIC_EPS":1.54,"DILUTED_EPS":1.54,"OPERATE_INCOME":89832000000,"OPERATE_INCOME_YOY":-1.7316632938,"GROSS_PROFIT":null,"GROSS_PROFIT_YOY":null,"HOLDER_PROFIT":38839000000,"HOLDER_PROFIT_YOY":7.8202209761,"GROSS_PROFIT_RATIO":null,"EPS_TTM":5.584054804618,"OPERATE_INCOME_QOQ":-0.462574697193,"NET_PROFIT_RATIO":43.6659542257,"ROE_AVG":4.031890542357,"GROSS_PROFIT_QOQ":null,"ROA":0.376207206781,"HOLDER_PROFIT_QOQ":2.041126858534,"ROE_YEARLY":16.127562169429,"ROIC_YEARLY":1.50810027766,"TOTAL_ASSETS":10508752000000,"TOTAL_LIABILITIES":9518990000000,"TAX_EBT":16.328576608861,"OCF_SALES":-14.046219609939,"TOTAL_PARENT_EQUITY":981087000000,"DEBT_ASSET_RATIO":90.581545744,"OPERATE_PROFIT":46088000000,"PRETAX_PROFIT":46881000000,"NETCASH_OPERATE":-12618000000,"NETCASH_INVEST":-91875000000,"NETCASH_FINANCE":43944000000,"END_CASH":504940000000,"DIVI_RATIO":0.350871827415,"DIVIDEND_RATE":5.645023498695,"CURRENT_RATIO":null,"COMMON_ACS":null,"CURRENTDEBT_DEBT":null,"ISSUED_COMMON_SHARES":25219845601,"HK_COMMON_SHARES":4590901172,"PER_SHARES":500,"TOTAL_MARKET_CAP":965920086518.3,"HKSK_MARKET_CAP":175831514887.6,"PE_TTM":5.919707147784,"PB_TTM":0.869248169381,"REPORT_DATE_SQ":"2022-03-31 00:00:00","REPORT_TYPE_SQ":"2022年一季报","OPERATE_INCOME_SQ":91415000000,"DPS_HKD":2.162044,"OPERATE_INCOME_QOQ_SQ":2.206935734642,"NET_PROFIT_RATIO_SQ":39.718864519,"HOLDER_PROFIT_SQ":36022000000,"HOLDER_PROFIT_QOQ_SQ":3.341338536716,"ROE_AVG_SQ":4.11153957879,"PE_TTM_SQ":4.033069747652,"PB_TTM_SQ":0.665633675083,"ROA_SQ":0.385996871049,"START_DATE":"2023-01-01 00:00:00","FISCAL_YEAR":"12-31","CURRENCY":"HKD","IS_CNY_CODE":0,"DPS_HKD_LY":1.890363,"ORG_TYPE":"银行","PREMIUM_INCOME":null,"PREMIUM_INCOME_YOY":null,"NET_INTEREST_INCOME":55409000000,"NET_INTEREST_INCOME_YOY":1.73509106933,"FEE_COMMISSION_INCOME":25079000000,"FEE_COMMISSION_INCOME_YOY":null,"ACCOUNTS_RECE_TDAYS":null,"INVENTORY_TDAYS":null,"CURRENT_ASSETS_TDAYS":null,"TOTAL_ASSETS_TDAYS":0.00870142017,"PREMIUM_EXPENSE":null,"LOAN_DEPOSIT":81.020149339096,"LOAN_EQUITY":6.411881846343,"LOAN_ASSETS":60.390015864871,"DEPOSIT_EQUITY":7.913934865149,"DEPOSIT_ASSETS":74.537033512638,"EQUITY_MULTIPLIER":10.617453488856,"EQUITY_RATIO":9.702493254931},{"SECUCODE":"03968.HK","SECURITY_CODE":"03968","SECURITY_NAME_ABBR":"招商银行","ORG_CODE":"10002271","STD_REPORT_DATE":"2022-12-31 00:00:00","REPORT_DATE":"2022-12-31 00:00:00","DATE_TYPE_CODE":"001","REPORT_TYPE":"2022年年报","PER_NETCASH_OPERATE":22.606918734562,"PER_OI":13.569274190419,"BPS":32.714593620164,"BASIC_EPS":5.26,"DILUTED_EPS":5.26,"OPERATE_INCOME":342215000000,"OPERATE_INCOME_YOY":4.5323892638,"GROSS_PROFIT":null,"GROSS_PROFIT_YOY":null,"HOLDER_PROFIT":138012000000,"HOLDER_PROFIT_YOY":15.0848051233,"GROSS_PROFIT_RATIO":null,"EPS_TTM":5.472357054975,"OPERATE_INCOME_QOQ":0.130790477751,"NET_PROFIT_RATIO":40.7036512134,"ROE_AVG":15.298562060205,"GROSS_PROFIT_QOQ":null,"ROA":1.423689673365,"HOLDER_PROFIT_QOQ":3.590059221341,"ROE_YEARLY":15.298562060205,"ROIC_YEARLY":1.426942034952,"TOTAL_ASSETS":10138912000000,"TOTAL_LIABILITIES":9184674000000,"TAX_EBT":15.637169695905,"OCF_SALES":166.603743260816,"TOTAL_PARENT_EQUITY":945503000000,"DEBT_ASSET_RATIO":90.5883589876,"OPERATE_PROFIT":162588000000,"PRETAX_PROFIT":165113000000,"NETCASH_OPERATE":570143000000,"NETCASH_INVEST":-513926000000,"NETCASH_FINANCE":-297032000000,"END_CASH":567198000000,"DIVI_RATIO":0.358033566523,"DIVIDEND_RATE":5.645023498695,"CURRENT_RATIO":null,"COMMON_ACS":null,"CURRENTDEBT_DEBT":null,"ISSUED_COMMON_SHARES":25219845601,"HK_COMMON_SHARES":4590901172,"PER_SHARES":500,"TOTAL_MARKET_CAP":965920086518.3,"HKSK_MARKET_CAP":175831514887.6,"PE_TTM":5.919707147784,"PB_TTM":0.869248169381,"REPORT_DATE_SQ":"2021-12-31 00:00:00","REPORT_TYPE_SQ":"2021年年报","OPERATE_INCOME_SQ":327377000000,"DPS_HKD":2.162044,"OPERATE_INCOME_QOQ_SQ":3.374593451009,"NET_PROFIT_RATIO_SQ":36.9097401467,"HOLDER_PROFIT_SQ":119922000000,"HOLDER_PROFIT_QOQ_SQ":4.869090718296,"ROE_AVG_SQ":15.156066843813,"PE_TTM_SQ":4.033069747652,"PB_TTM_SQ":0.665633675083,"ROA_SQ":1.361939877921,"START_DATE":"2022-01-01 00:00:00","FISCAL_YEAR":"12-31","CURRENCY":"HKD","IS_CNY_CODE":0,"DPS_HKD_LY":1.783454,"ORG_TYPE":"银行","PREMIUM_INCOME":null,"PREMIUM_INCOME_YOY":null,"NET_INTEREST_INCOME":218235000000,"NET_INTEREST_INCOME_YOY":7.02043458432,"FEE_COMMISSION_INCOME":94275000000,"FEE_COMMISSION_INCOME_YOY":null,"ACCOUNTS_RECE_TDAYS":null,"INVENTORY_TDAYS":null,"CURRENT_ASSETS_TDAYS":null,"TOTAL_ASSETS_TDAYS":0.035301855025,"PREMIUM_EXPENSE":null,"LOAN_DEPOSIT":79.985505717021,"LOAN_EQUITY":6.36252486277,"LOAN_ASSETS":59.881799940664,"DEPOSIT_EQUITY":7.954597280762,"DEPOSIT_ASSETS":74.865814004501,"EQUITY_MULTIPLIER":10.625139640181,"EQUITY_RATIO":9.714061192825},{"SECUCODE":"03968.HK","SECURITY_CODE":"03968","SECURITY_NAME_ABBR":"招商银行","ORG_CODE":"10002271","STD_REPORT_DATE":"2022-09-30 00:00:00","REPORT_DATE":"2022-09-30 00:00:00","DATE_TYPE_CODE":"004","REPORT_TYPE":"2022年三季报","PER_NETCASH_OPERATE":5.80867949462,"PER_OI":10.432974260143,"BPS":31.686791927398,"BASIC_EPS":4.15,"DILUTED_EPS":4.15,"OPERATE_INCOME":263118000000,"OPERATE_INCOME_YOY":5.7858616073,"GROSS_PROFIT":null,"GROSS_PROFIT_YOY":null,"HOLDER_PROFIT":106922000000,"HOLDER_PROFIT_YOY":14.2146023607,"GROSS_PROFIT_RATIO":null,"EPS_TTM":5.282704823328,"OPERATE_INCOME_QOQ":1.009300937187,"NET_PROFIT_RATIO":41.0382413974,"ROE_AVG":12.025010023466,"GROSS_PROFIT_QOQ":null,"ROA":1.128099340097,"HOLDER_PROFIT_QOQ":3.929262356465,"ROE_YEARLY":16.033346697955,"ROIC_YEARLY":1.130493959631,"TOTAL_ASSETS":9707111000000,"TOTAL_LIABILITIES":8779344000000,"TAX_EBT":16.543776664812,"OCF_SALES":55.676160505933,"TOTAL_PARENT_EQUITY":919582000000,"DEBT_ASSET_RATIO":90.4423983614,"OPERATE_PROFIT":127660000000,"PRETAX_PROFIT":129384000000,"NETCASH_OPERATE":146494000000,"NETCASH_INVEST":-273196000000,"NETCASH_FINANCE":-269872000000,"END_CASH":413293000000,"DIVI_RATIO":0.370887183593,"DIVIDEND_RATE":5.645023498695,"CURRENT_RATIO":null,"COMMON_ACS":null,"CURRENTDEBT_DEBT":null,"ISSUED_COMMON_SHARES":25219845601,"HK_COMMON_SHARES":4590901172,"PER_SHARES":500,"TOTAL_MARKET_CAP":965920086518.3,"HKSK_MARKET_CAP":175831514887.6,"PE_TTM":5.919707147784,"PB_TTM":0.869248169381,"REPORT_DATE_SQ":"2021-09-30 00:00:00","REPORT_TYPE_SQ":"2021年三季报","OPERATE_INCOME_SQ":248727000000,"DPS_HKD":2.162044,"OPERATE_INCOME_QOQ_SQ":3.135523119109,"NET_PROFIT_RATIO_SQ":37.9355679118,"HOLDER_PROFIT_SQ":93615000000,"HOLDER_PROFIT_QOQ_SQ":5.197600824257,"ROE_AVG_SQ":12.377067224074,"PE_TTM_SQ":4.033069747652,"PB_TTM_SQ":0.665633675083,"ROA_SQ":1.08357667461,"START_DATE":"2022-01-01 00:00:00","FISCAL_YEAR":"12-31","CURRENCY":"HKD","IS_CNY_CODE":0,"DPS_HKD_LY":1.783454,"ORG_TYPE":"银行","PREMIUM_INCOME":null,"PREMIUM_INCOME_YOY":null,"NET_INTEREST_INCOME":162130000000,"NET_INTEREST_INCOME_YOY":7.628885141863,"FEE_COMMISSION_INCOME":75752000000,"FEE_COMMISSION_INCOME_YOY":null,"ACCOUNTS_RECE_TDAYS":null,"INVENTORY_TDAYS":null,"CURRENT_ASSETS_TDAYS":null,"TOTAL_ASSETS_TDAYS":0.027760726714,"PREMIUM_EXPENSE":null,"LOAN_DEPOSIT":84.610999618567,"LOAN_EQUITY":6.512929431635,"LOAN_ASSETS":62.247985008104,"DEPOSIT_EQUITY":7.69749732422,"DEPOSIT_ASSETS":73.569613039348,"EQUITY_MULTIPLIER":10.462875916081,"EQUITY_RATIO":9.54710292285}],"count":70},"success":true,"message":"ok","code":0}