{"version":"7ae5f582e96988e5ade5a8126ae5020b","result":{"pages":5,"data":[{"SECUCODE":"03969.HK","SECURITY_CODE":"03969","SECURITY_NAME_ABBR":"中国通号","ORG_CODE":"10316690","STD_REPORT_DATE":"2024-09-30 00:00:00","REPORT_DATE":"2024-09-30 00:00:00","DATE_TYPE_CODE":"004","REPORT_TYPE":"2024年三季报","PER_NETCASH_OPERATE":0.321112377861,"PER_OI":1.96548725872,"BPS":4.21099717848,"BASIC_EPS":0.22,"DILUTED_EPS":0.22,"OPERATE_INCOME":20814154316.65,"OPERATE_INCOME_YOY":-15.4814903293,"GROSS_PROFIT":6257636067.85,"GROSS_PROFIT_YOY":0.306916912164,"HOLDER_PROFIT":2358597314.66,"HOLDER_PROFIT_YOY":-8.0857215456,"GROSS_PROFIT_RATIO":30.06433013156,"EPS_TTM":0.308772063542,"OPERATE_INCOME_QOQ":-4.130286125423,"NET_PROFIT_RATIO":13.0798680766,"ROE_AVG":5.007494854781,"GROSS_PROFIT_QOQ":-0.140748289827,"ROA":1.991446791867,"HOLDER_PROFIT_QOQ":0.53178339489,"ROE_YEARLY":6.676659806374,"ROIC_YEARLY":2.49610961953,"TOTAL_ASSETS":117882254667.59,"TOTAL_LIABILITIES":68460936914.05,"TAX_EBT":17.559651444572,"OCF_SALES":16.337545635903,"TOTAL_PARENT_EQUITY":47390633589.99,"DEBT_ASSET_RATIO":58.075693502,"OPERATE_PROFIT":3132581372.8,"PRETAX_PROFIT":3302344026.42,"NETCASH_OPERATE":3400521960.21,"NETCASH_INVEST":-2065312970.88,"NETCASH_FINANCE":-4099302783.76,"END_CASH":13254210508.86,"DIVI_RATIO":0.547839596223,"DIVIDEND_RATE":5.743470769231,"CURRENT_RATIO":1.414508148033,"COMMON_ACS":null,"CURRENTDEBT_DEBT":94.324057308289,"ISSUED_COMMON_SHARES":10589819000,"HK_COMMON_SHARES":1968801000,"PER_SHARES":1000,"TOTAL_MARKET_CAP":34416911750,"HKSK_MARKET_CAP":6398603250,"PE_TTM":9.413265918731,"PB_TTM":0.695991323618,"REPORT_DATE_SQ":"2023-09-30 00:00:00","REPORT_TYPE_SQ":"2023年三季报","OPERATE_INCOME_SQ":24626740814.24,"DPS_HKD":0.1866628,"OPERATE_INCOME_QOQ_SQ":-1.560670485482,"NET_PROFIT_RATIO_SQ":11.9835588837,"HOLDER_PROFIT_SQ":2566083697.03,"HOLDER_PROFIT_QOQ_SQ":2.132148396493,"ROE_AVG_SQ":5.615901763582,"PE_TTM_SQ":7.275504971313,"PB_TTM_SQ":0.615410709161,"ROA_SQ":2.192345576427,"START_DATE":"2024-01-01 00:00:00","FISCAL_YEAR":"12-31","CURRENCY":"HKD","IS_CNY_CODE":0,"DPS_HKD_LY":0.1866628,"ORG_TYPE":"一般企业","PREMIUM_INCOME":null,"PREMIUM_INCOME_YOY":null,"NET_INTEREST_INCOME":null,"NET_INTEREST_INCOME_YOY":null,"FEE_COMMISSION_INCOME":null,"FEE_COMMISSION_INCOME_YOY":null,"ACCOUNTS_RECE_TDAYS":0.832650630083,"INVENTORY_TDAYS":4.156118574603,"CURRENT_ASSETS_TDAYS":0.226423350671,"TOTAL_ASSETS_TDAYS":0.175741236462,"PREMIUM_EXPENSE":null,"LOAN_DEPOSIT":null,"LOAN_EQUITY":null,"LOAN_ASSETS":null,"DEPOSIT_EQUITY":null,"DEPOSIT_ASSETS":null,"EQUITY_MULTIPLIER":2.385251143147,"EQUITY_RATIO":1.444609023512},{"SECUCODE":"03969.HK","SECURITY_CODE":"03969","SECURITY_NAME_ABBR":"中国通号","ORG_CODE":"10316690","STD_REPORT_DATE":"2024-06-30 00:00:00","REPORT_DATE":"2024-06-30 00:00:00","DATE_TYPE_CODE":"002","REPORT_TYPE":"2024年中报","PER_NETCASH_OPERATE":0.280714671715,"PER_OI":1.345661270105,"BPS":4.13680394066,"BASIC_EPS":0.15,"DILUTED_EPS":0.15,"OPERATE_INCOME":14250309285.72,"OPERATE_INCOME_YOY":-14.3251334882,"GROSS_PROFIT":4183458896.23,"GROSS_PROFIT_YOY":0.785526791118,"HOLDER_PROFIT":1599063876.43,"HOLDER_PROFIT_YOY":-12.3246577882,"GROSS_PROFIT_RATIO":29.356969118012,"EPS_TTM":0.307138750667,"OPERATE_INCOME_QOQ":-3.890705232755,"NET_PROFIT_RATIO":13.047575279,"ROE_AVG":3.423496802878,"GROSS_PROFIT_QOQ":-0.550745274344,"ROA":1.346357728261,"HOLDER_PROFIT_QOQ":-4.445288347745,"ROE_YEARLY":6.846993605756,"ROIC_YEARLY":3.42389955966,"TOTAL_ASSETS":118548740196.3,"TOTAL_LIABILITIES":69612795011.69,"TAX_EBT":17.821219911934,"OCF_SALES":20.860723121911,"TOTAL_PARENT_EQUITY":46604940630.46,"DEBT_ASSET_RATIO":58.7208222512,"OPERATE_PROFIT":2106713705.22,"PRETAX_PROFIT":2262530338.79,"NETCASH_OPERATE":2972717564.11,"NETCASH_INVEST":-474572983.61,"NETCASH_FINANCE":-1723476773.48,"END_CASH":16794345223.17,"DIVI_RATIO":0.550752916226,"DIVIDEND_RATE":5.815040498442,"CURRENT_RATIO":1.405660474757,"COMMON_ACS":null,"CURRENTDEBT_DEBT":94.538574892415,"ISSUED_COMMON_SHARES":10589819000,"HK_COMMON_SHARES":1968801000,"PER_SHARES":1000,"TOTAL_MARKET_CAP":33993318990,"HKSK_MARKET_CAP":6319851210,"PE_TTM":9.297410338192,"PB_TTM":0.687425276558,"REPORT_DATE_SQ":"2023-06-30 00:00:00","REPORT_TYPE_SQ":"2023年中报","OPERATE_INCOME_SQ":16633010199.97,"DPS_HKD":0.1866628,"OPERATE_INCOME_QOQ_SQ":-5.588827584304,"NET_PROFIT_RATIO_SQ":12.6518537923,"HOLDER_PROFIT_SQ":1823846746.52,"HOLDER_PROFIT_QOQ_SQ":-3.826390558788,"ROE_AVG_SQ":4.026663990865,"PE_TTM_SQ":6.877210903541,"PB_TTM_SQ":0.581720341872,"ROA_SQ":1.54873240687,"START_DATE":"2024-01-01 00:00:00","FISCAL_YEAR":"12-31","CURRENCY":"HKD","IS_CNY_CODE":0,"DPS_HKD_LY":0.1866628,"ORG_TYPE":"一般企业","PREMIUM_INCOME":null,"PREMIUM_INCOME_YOY":null,"NET_INTEREST_INCOME":null,"NET_INTEREST_INCOME_YOY":null,"FEE_COMMISSION_INCOME":null,"FEE_COMMISSION_INCOME_YOY":null,"ACCOUNTS_RECE_TDAYS":0.5803270631,"INVENTORY_TDAYS":2.942217081255,"CURRENT_ASSETS_TDAYS":0.154042867812,"TOTAL_ASSETS_TDAYS":0.119982786928,"PREMIUM_EXPENSE":null,"LOAN_DEPOSIT":null,"LOAN_EQUITY":null,"LOAN_ASSETS":null,"DEPOSIT_EQUITY":null,"DEPOSIT_ASSETS":null,"EQUITY_MULTIPLIER":2.422528874207,"EQUITY_RATIO":1.493678439882},{"SECUCODE":"03969.HK","SECURITY_CODE":"03969","SECURITY_NAME_ABBR":"中国通号","ORG_CODE":"10316690","STD_REPORT_DATE":"2024-03-31 00:00:00","REPORT_DATE":"2024-03-31 00:00:00","DATE_TYPE_CODE":"003","REPORT_TYPE":"2024年一季报","PER_NETCASH_OPERATE":0.196634269077,"PER_OI":0.61468726805,"BPS":4.217410532437,"BASIC_EPS":0.06,"DILUTED_EPS":0.06,"OPERATE_INCOME":6509426910.25,"OPERATE_INCOME_YOY":-13.0993852147,"GROSS_PROFIT":1784266820.27,"GROSS_PROFIT_YOY":5.036948451121,"HOLDER_PROFIT":604490948.26,"HOLDER_PROFIT_YOY":-10.8371313285,"GROSS_PROFIT_RATIO":27.410505484906,"EPS_TTM":0.321427112652,"OPERATE_INCOME_QOQ":-2.651813199474,"NET_PROFIT_RATIO":10.9500850528,"ROE_AVG":1.282459084826,"GROSS_PROFIT_QOQ":0.897834403463,"ROA":0.509975226694,"HOLDER_PROFIT_QOQ":-2.112878952916,"ROE_YEARLY":5.129836339304,"ROIC_YEARLY":2.574386214793,"TOTAL_ASSETS":118076301641.15,"TOTAL_LIABILITIES":68446671835.67,"TAX_EBT":19.613087889202,"OCF_SALES":31.989318682434,"TOTAL_PARENT_EQUITY":47458549847.58,"DEBT_ASSET_RATIO":57.9681704833,"OPERATE_PROFIT":825707545.25,"PRETAX_PROFIT":886696309.64,"NETCASH_OPERATE":2082321318.72,"NETCASH_INVEST":55732774.18,"NETCASH_FINANCE":-2166958020.45,"END_CASH":15991035934.99,"DIVI_RATIO":0.526270361017,"DIVIDEND_RATE":5.815040498442,"CURRENT_RATIO":1.422093865592,"COMMON_ACS":null,"CURRENTDEBT_DEBT":94.32316967823,"ISSUED_COMMON_SHARES":10589819000,"HK_COMMON_SHARES":1968801000,"PER_SHARES":1000,"TOTAL_MARKET_CAP":33993318990,"HKSK_MARKET_CAP":6319851210,"PE_TTM":9.297410338192,"PB_TTM":0.687425276558,"REPORT_DATE_SQ":"2023-03-31 00:00:00","REPORT_TYPE_SQ":"2023年一季报","OPERATE_INCOME_SQ":7490656914.61,"DPS_HKD":0.1866628,"OPERATE_INCOME_QOQ_SQ":1.397533200024,"NET_PROFIT_RATIO_SQ":10.3511056473,"HOLDER_PROFIT_SQ":677962651.12,"HOLDER_PROFIT_QOQ_SQ":0.82412624472,"ROE_AVG_SQ":1.484927919907,"PE_TTM_SQ":6.877210903541,"PB_TTM_SQ":0.581720341872,"ROA_SQ":0.580937464384,"START_DATE":"2024-01-01 00:00:00","FISCAL_YEAR":"12-31","CURRENCY":"HKD","IS_CNY_CODE":0,"DPS_HKD_LY":0.1866628,"ORG_TYPE":"一般企业","PREMIUM_INCOME":null,"PREMIUM_INCOME_YOY":null,"NET_INTEREST_INCOME":null,"NET_INTEREST_INCOME_YOY":null,"FEE_COMMISSION_INCOME":null,"FEE_COMMISSION_INCOME_YOY":null,"ACCOUNTS_RECE_TDAYS":0.266911723741,"INVENTORY_TDAYS":1.358105353411,"CURRENT_ASSETS_TDAYS":0.07063122425,"TOTAL_ASSETS_TDAYS":0.054916396577,"PREMIUM_EXPENSE":null,"LOAN_DEPOSIT":null,"LOAN_EQUITY":null,"LOAN_ASSETS":null,"DEPOSIT_EQUITY":null,"DEPOSIT_ASSETS":null,"EQUITY_MULTIPLIER":2.379149352998,"EQUITY_RATIO":1.442241114731},{"SECUCODE":"03969.HK","SECURITY_CODE":"03969","SECURITY_NAME_ABBR":"中国通号","ORG_CODE":"10316690","STD_REPORT_DATE":"2023-12-31 00:00:00","REPORT_DATE":"2023-12-31 00:00:00","DATE_TYPE_CODE":"001","REPORT_TYPE":"2023年年报","PER_NETCASH_OPERATE":0.194340796853,"PER_OI":3.494132377417,"BPS":4.156361524827,"BASIC_EPS":0.32,"DILUTED_EPS":0.32,"OPERATE_INCOME":37002229438.89,"OPERATE_INCOME_YOY":-7.9619973422,"GROSS_PROFIT":9529913680.07,"GROSS_PROFIT_YOY":0.078209706641,"HOLDER_PROFIT":3477326647.54,"HOLDER_PROFIT_YOY":-4.3018460815,"GROSS_PROFIT_RATIO":25.754971591128,"EPS_TTM":0.328365069086,"OPERATE_INCOME_QOQ":-2.372861487669,"NET_PROFIT_RATIO":10.8502507635,"ROE_AVG":7.548250007734,"GROSS_PROFIT_QOQ":-1.415423601486,"ROA":2.949423591015,"HOLDER_PROFIT_QOQ":-3.368057515321,"ROE_YEARLY":7.548250007734,"ROIC_YEARLY":3.71924461108,"TOTAL_ASSETS":118990487731.74,"TOTAL_LIABILITIES":70115652701.84,"TAX_EBT":14.401061617368,"OCF_SALES":5.56191854977,"TOTAL_PARENT_EQUITY":46812051906.86,"DEBT_ASSET_RATIO":58.9254267618,"OPERATE_PROFIT":4305598451.84,"PRETAX_PROFIT":4690285601.76,"NETCASH_OPERATE":2058033862.99,"NETCASH_INVEST":-1822696404.6,"NETCASH_FINANCE":-1462450704.78,"END_CASH":16020112696.12,"DIVI_RATIO":0.515150905323,"DIVIDEND_RATE":5.815040498442,"CURRENT_RATIO":1.396501028559,"COMMON_ACS":null,"CURRENTDEBT_DEBT":94.477978631855,"ISSUED_COMMON_SHARES":10589819000,"HK_COMMON_SHARES":1968801000,"PER_SHARES":1000,"TOTAL_MARKET_CAP":33993318990,"HKSK_MARKET_CAP":6319851210,"PE_TTM":9.297410338192,"PB_TTM":0.687425276558,"REPORT_DATE_SQ":"2022-12-31 00:00:00","REPORT_TYPE_SQ":"2022年年报","OPERATE_INCOME_SQ":40203207773.29,"DPS_HKD":0.1866628,"OPERATE_INCOME_QOQ_SQ":0.628589069995,"NET_PROFIT_RATIO_SQ":10.1956319265,"HOLDER_PROFIT_SQ":3633640258.62,"HOLDER_PROFIT_QOQ_SQ":4.816938618089,"ROE_AVG_SQ":8.17663979202,"PE_TTM_SQ":6.877210903541,"PB_TTM_SQ":0.581720341872,"ROA_SQ":3.21918423796,"START_DATE":"2023-01-01 00:00:00","FISCAL_YEAR":"12-31","CURRENCY":"HKD","IS_CNY_CODE":0,"DPS_HKD_LY":0.1871979,"ORG_TYPE":"一般企业","PREMIUM_INCOME":null,"PREMIUM_INCOME_YOY":null,"NET_INTEREST_INCOME":null,"NET_INTEREST_INCOME_YOY":null,"FEE_COMMISSION_INCOME":null,"FEE_COMMISSION_INCOME_YOY":null,"ACCOUNTS_RECE_TDAYS":1.470025017785,"INVENTORY_TDAYS":9.83798605083,"CURRENT_ASSETS_TDAYS":0.400176305475,"TOTAL_ASSETS_TDAYS":0.313848135332,"PREMIUM_EXPENSE":null,"LOAN_DEPOSIT":null,"LOAN_EQUITY":null,"LOAN_ASSETS":null,"DEPOSIT_EQUITY":null,"DEPOSIT_ASSETS":null,"EQUITY_MULTIPLIER":2.434596201891,"EQUITY_RATIO":1.497811991693},{"SECUCODE":"03969.HK","SECURITY_CODE":"03969","SECURITY_NAME_ABBR":"中国通号","ORG_CODE":"10316690","STD_REPORT_DATE":"2023-09-30 00:00:00","REPORT_DATE":"2023-09-30 00:00:00","DATE_TYPE_CODE":"004","REPORT_TYPE":"2023年三季报","PER_NETCASH_OPERATE":-0.075636417191,"PER_OI":2.325511022827,"BPS":4.085574336895,"BASIC_EPS":0.24,"DILUTED_EPS":0.24,"OPERATE_INCOME":24626740814.24,"OPERATE_INCOME_YOY":-8.6029041836,"GROSS_PROFIT":6238489089.77,"GROSS_PROFIT_YOY":2.092520196188,"HOLDER_PROFIT":2566083697.03,"HOLDER_PROFIT_YOY":-1.3498843182,"GROSS_PROFIT_RATIO":25.332175040242,"EPS_TTM":0.339810067605,"OPERATE_INCOME_QOQ":-1.560670485482,"NET_PROFIT_RATIO":11.9835588837,"ROE_AVG":5.615901763582,"GROSS_PROFIT_QOQ":2.184585312726,"ROA":2.192345576427,"HOLDER_PROFIT_QOQ":2.132148396493,"ROE_YEARLY":7.487869018109,"ROIC_YEARLY":2.736265290859,"TOTAL_ASSETS":117288273835.02,"TOTAL_LIABILITIES":68971613402.59,"TAX_EBT":16.765362628704,"OCF_SALES":-3.25246435938,"TOTAL_PARENT_EQUITY":46062428399.14,"DEBT_ASSET_RATIO":58.8052080122,"OPERATE_PROFIT":3287360194.28,"PRETAX_PROFIT":3545591210.37,"NETCASH_OPERATE":-800975967.86,"NETCASH_INVEST":-503802008.7,"NETCASH_FINANCE":-1072379896.12,"END_CASH":14869187804.76,"DIVI_RATIO":0.497800326541,"DIVIDEND_RATE":5.815040498442,"CURRENT_RATIO":1.428697987757,"COMMON_ACS":null,"CURRENTDEBT_DEBT":94.236786287979,"ISSUED_COMMON_SHARES":10589819000,"HK_COMMON_SHARES":1968801000,"PER_SHARES":1000,"TOTAL_MARKET_CAP":33993318990,"HKSK_MARKET_CAP":6319851210,"PE_TTM":9.297410338192,"PB_TTM":0.687425276558,"REPORT_DATE_SQ":"2022-09-30 00:00:00","REPORT_TYPE_SQ":"2022年三季报","OPERATE_INCOME_SQ":26944773894.9,"DPS_HKD":0.1866628,"OPERATE_INCOME_QOQ_SQ":2.80749003763,"NET_PROFIT_RATIO_SQ":10.9418436843,"HOLDER_PROFIT_SQ":2601196845.33,"HOLDER_PROFIT_QOQ_SQ":2.921445976365,"ROE_AVG_SQ":5.913879784177,"PE_TTM_SQ":6.877210903541,"PB_TTM_SQ":0.581720341872,"ROA_SQ":2.33043329377,"START_DATE":"2023-01-01 00:00:00","FISCAL_YEAR":"12-31","CURRENCY":"HKD","IS_CNY_CODE":0,"DPS_HKD_LY":0.1871979,"ORG_TYPE":"一般企业","PREMIUM_INCOME":null,"PREMIUM_INCOME_YOY":null,"NET_INTEREST_INCOME":null,"NET_INTEREST_INCOME_YOY":null,"FEE_COMMISSION_INCOME":null,"FEE_COMMISSION_INCOME_YOY":null,"ACCOUNTS_RECE_TDAYS":0.964070668275,"INVENTORY_TDAYS":6.8913632916,"CURRENT_ASSETS_TDAYS":0.265831851421,"TOTAL_ASSETS_TDAYS":0.210399708897,"PREMIUM_EXPENSE":null,"LOAN_DEPOSIT":null,"LOAN_EQUITY":null,"LOAN_ASSETS":null,"DEPOSIT_EQUITY":null,"DEPOSIT_ASSETS":null,"EQUITY_MULTIPLIER":2.427491320495,"EQUITY_RATIO":1.49735078674},{"SECUCODE":"03969.HK","SECURITY_CODE":"03969","SECURITY_NAME_ABBR":"中国通号","ORG_CODE":"10316690","STD_REPORT_DATE":"2023-06-30 00:00:00","REPORT_DATE":"2023-06-30 00:00:00","DATE_TYPE_CODE":"002","REPORT_TYPE":"2023年中报","PER_NETCASH_OPERATE":-0.082258500214,"PER_OI":1.570660480597,"BPS":4.010231138208,"BASIC_EPS":0.17,"DILUTED_EPS":0.17,"OPERATE_INCOME":16633010199.97,"OPERATE_INCOME_YOY":-9.3407083265,"GROSS_PROFIT":4150852835.15,"GROSS_PROFIT_YOY":-2.627653929835,"HOLDER_PROFIT":1823846746.52,"HOLDER_PROFIT_YOY":-5.699717447,"GROSS_PROFIT_RATIO":25.105076361496,"EPS_TTM":0.332716067311,"OPERATE_INCOME_QOQ":-5.588827584304,"NET_PROFIT_RATIO":12.6518537923,"ROE_AVG":4.026663990865,"GROSS_PROFIT_QOQ":-1.276239484331,"ROA":1.54873240687,"HOLDER_PROFIT_QOQ":-3.826390558788,"ROE_YEARLY":8.053327981731,"ROIC_YEARLY":3.904266408799,"TOTAL_ASSETS":118721134594.77,"TOTAL_LIABILITIES":71224060922.67,"TAX_EBT":15.37822368503,"OCF_SALES":-5.226753912364,"TOTAL_PARENT_EQUITY":45264557562.17,"DEBT_ASSET_RATIO":59.9927394274,"OPERATE_PROFIT":2315393068.37,"PRETAX_PROFIT":2491777719.38,"NETCASH_OPERATE":-871102628.48,"NETCASH_INVEST":-1501525382.43,"NETCASH_FINANCE":973019657.22,"END_CASH":15853410758.06,"DIVI_RATIO":0.508414168221,"DIVIDEND_RATE":5.815040498442,"CURRENT_RATIO":1.397750819179,"COMMON_ACS":null,"CURRENTDEBT_DEBT":94.330131698606,"ISSUED_COMMON_SHARES":10589819000,"HK_COMMON_SHARES":1968801000,"PER_SHARES":1000,"TOTAL_MARKET_CAP":33993318990,"HKSK_MARKET_CAP":6319851210,"PE_TTM":9.297410338192,"PB_TTM":0.687425276558,"REPORT_DATE_SQ":"2022-06-30 00:00:00","REPORT_TYPE_SQ":"2022年中报","OPERATE_INCOME_SQ":18383362437.75,"DPS_HKD":0.1866628,"OPERATE_INCOME_QOQ_SQ":0.385523935105,"NET_PROFIT_RATIO_SQ":11.9270389004,"HOLDER_PROFIT_SQ":1934084073.92,"HOLDER_PROFIT_QOQ_SQ":0.953378176996,"ROE_AVG_SQ":4.431753749044,"PE_TTM_SQ":6.877210903541,"PB_TTM_SQ":0.581720341872,"ROA_SQ":1.745055412938,"START_DATE":"2023-01-01 00:00:00","FISCAL_YEAR":"12-31","CURRENCY":"HKD","IS_CNY_CODE":0,"DPS_HKD_LY":0.1871979,"ORG_TYPE":"一般企业","PREMIUM_INCOME":null,"PREMIUM_INCOME_YOY":null,"NET_INTEREST_INCOME":null,"NET_INTEREST_INCOME_YOY":null,"FEE_COMMISSION_INCOME":null,"FEE_COMMISSION_INCOME_YOY":null,"ACCOUNTS_RECE_TDAYS":0.653459736103,"INVENTORY_TDAYS":4.667039304741,"CURRENT_ASSETS_TDAYS":0.178890339403,"TOTAL_ASSETS_TDAYS":0.141522442178,"PREMIUM_EXPENSE":null,"LOAN_DEPOSIT":null,"LOAN_EQUITY":null,"LOAN_ASSETS":null,"DEPOSIT_EQUITY":null,"DEPOSIT_ASSETS":null,"EQUITY_MULTIPLIER":2.499546296566,"EQUITY_RATIO":1.573506176987},{"SECUCODE":"03969.HK","SECURITY_CODE":"03969","SECURITY_NAME_ABBR":"中国通号","ORG_CODE":"10316690","STD_REPORT_DATE":"2023-03-31 00:00:00","REPORT_DATE":"2023-03-31 00:00:00","DATE_TYPE_CODE":"003","REPORT_TYPE":"2023年一季报","PER_NETCASH_OPERATE":-0.123455789147,"PER_OI":0.707345131641,"BPS":4.078604223721,"BASIC_EPS":0.06,"DILUTED_EPS":0.06,"OPERATE_INCOME":7490656914.61,"OPERATE_INCOME_YOY":8.0979439474,"GROSS_PROFIT":1698703976.63,"GROSS_PROFIT_YOY":1.860031249657,"HOLDER_PROFIT":677962651.12,"HOLDER_PROFIT_YOY":4.6211425171,"GROSS_PROFIT_RATIO":22.806218003613,"EPS_TTM":0.345953603327,"OPERATE_INCOME_QOQ":1.397533200024,"NET_PROFIT_RATIO":10.3511056473,"ROE_AVG":1.484927919907,"GROSS_PROFIT_QOQ":0.455992907518,"ROA":0.580937464384,"HOLDER_PROFIT_QOQ":0.82412624472,"ROE_YEARLY":5.93971167963,"ROIC_YEARLY":2.928064155981,"TOTAL_ASSETS":116596426639.41,"TOTAL_LIABILITIES":68455297993.78,"TAX_EBT":17.411669432429,"OCF_SALES":-17.424378315007,"TOTAL_PARENT_EQUITY":45988616162.22,"DEBT_ASSET_RATIO":58.7113172906,"OPERATE_PROFIT":871303259.43,"PRETAX_PROFIT":940395969.47,"NETCASH_OPERATE":-1307374461.57,"NETCASH_INVEST":72841403.15,"NETCASH_FINANCE":1023619604.95,"END_CASH":17028452911.03,"DIVI_RATIO":0.488960256489,"DIVIDEND_RATE":5.815040498442,"CURRENT_RATIO":1.442155950145,"COMMON_ACS":null,"CURRENTDEBT_DEBT":93.735205509427,"ISSUED_COMMON_SHARES":10589819000,"HK_COMMON_SHARES":1968801000,"PER_SHARES":1000,"TOTAL_MARKET_CAP":33993318990,"HKSK_MARKET_CAP":6319851210,"PE_TTM":9.297410338192,"PB_TTM":0.687425276558,"REPORT_DATE_SQ":"2022-03-31 00:00:00","REPORT_TYPE_SQ":"2022年一季报","OPERATE_INCOME_SQ":6941051579.25,"DPS_HKD":0.1866628,"OPERATE_INCOME_QOQ_SQ":0.962792870712,"NET_PROFIT_RATIO_SQ":10.6461510195,"HOLDER_PROFIT_SQ":648016868.11,"HOLDER_PROFIT_QOQ_SQ":1.886307794431,"ROE_AVG_SQ":1.476874628754,"PE_TTM_SQ":6.877210903541,"PB_TTM_SQ":0.581720341872,"ROA_SQ":0.5948340823,"START_DATE":"2023-01-01 00:00:00","FISCAL_YEAR":"12-31","CURRENCY":"HKD","IS_CNY_CODE":0,"DPS_HKD_LY":0.1871979,"ORG_TYPE":"一般企业","PREMIUM_INCOME":null,"PREMIUM_INCOME_YOY":null,"NET_INTEREST_INCOME":null,"NET_INTEREST_INCOME_YOY":null,"FEE_COMMISSION_INCOME":null,"FEE_COMMISSION_INCOME_YOY":null,"ACCOUNTS_RECE_TDAYS":0.296484752321,"INVENTORY_TDAYS":2.221010401641,"CURRENT_ASSETS_TDAYS":0.081133189507,"TOTAL_ASSETS_TDAYS":0.064293389321,"PREMIUM_EXPENSE":null,"LOAN_DEPOSIT":null,"LOAN_EQUITY":null,"LOAN_ASSETS":null,"DEPOSIT_EQUITY":null,"DEPOSIT_ASSETS":null,"EQUITY_MULTIPLIER":2.421971190116,"EQUITY_RATIO":1.488527024869},{"SECUCODE":"03969.HK","SECURITY_CODE":"03969","SECURITY_NAME_ABBR":"中国通号","ORG_CODE":"10316690","STD_REPORT_DATE":"2022-12-31 00:00:00","REPORT_DATE":"2022-12-31 00:00:00","DATE_TYPE_CODE":"001","REPORT_TYPE":"2022年年报","PER_NETCASH_OPERATE":0.196619192536,"PER_OI":3.796401786781,"BPS":4.015836487627,"BASIC_EPS":0.33,"DILUTED_EPS":0.33,"OPERATE_INCOME":40203207773.29,"OPERATE_INCOME_YOY":4.8524506585,"GROSS_PROFIT":9522466187.2,"GROSS_PROFIT_YOY":11.87868274637,"HOLDER_PROFIT":3633640258.62,"HOLDER_PROFIT_YOY":10.9619373721,"GROSS_PROFIT_RATIO":23.716967629375,"EPS_TTM":0.343125813446,"OPERATE_INCOME_QOQ":0.628589069995,"NET_PROFIT_RATIO":10.1956319265,"ROE_AVG":8.17663979202,"GROSS_PROFIT_QOQ":9.800561845298,"ROA":3.21918423796,"HOLDER_PROFIT_QOQ":4.816938618089,"ROE_YEARLY":8.17663979202,"ROIC_YEARLY":4.110903033444,"TOTAL_ASSETS":116806544483.88,"TOTAL_LIABILITIES":69528809483.31,"TAX_EBT":13.537662053219,"OCF_SALES":5.176980645403,"TOTAL_PARENT_EQUITY":45323917197.95,"DEBT_ASSET_RATIO":59.5247550474,"OPERATE_PROFIT":4488303402.71,"PRETAX_PROFIT":4742693708.16,"NETCASH_OPERATE":2082161660.88,"NETCASH_INVEST":-150941966.87,"NETCASH_FINANCE":-2418846499.11,"END_CASH":17241658431.27,"DIVI_RATIO":0.492989906289,"DIVIDEND_RATE":5.815040498442,"CURRENT_RATIO":1.416564332936,"COMMON_ACS":null,"CURRENTDEBT_DEBT":93.83503296305,"ISSUED_COMMON_SHARES":10589819000,"HK_COMMON_SHARES":1968801000,"PER_SHARES":1000,"TOTAL_MARKET_CAP":33993318990,"HKSK_MARKET_CAP":6319851210,"PE_TTM":9.297410338192,"PB_TTM":0.687425276558,"REPORT_DATE_SQ":"2021-12-31 00:00:00","REPORT_TYPE_SQ":"2021年年报","OPERATE_INCOME_SQ":38358297108.78,"DPS_HKD":0.1866628,"OPERATE_INCOME_QOQ_SQ":-7.647801245543,"NET_PROFIT_RATIO_SQ":9.6274088389,"HOLDER_PROFIT_SQ":3274672689.28,"HOLDER_PROFIT_QOQ_SQ":-8.429374054095,"ROE_AVG_SQ":7.605072332527,"PE_TTM_SQ":6.877210903541,"PB_TTM_SQ":0.581720341872,"ROA_SQ":3.056575752126,"START_DATE":"2022-01-01 00:00:00","FISCAL_YEAR":"12-31","CURRENCY":"HKD","IS_CNY_CODE":0,"DPS_HKD_LY":0.199676,"ORG_TYPE":"一般企业","PREMIUM_INCOME":null,"PREMIUM_INCOME_YOY":null,"NET_INTEREST_INCOME":null,"NET_INTEREST_INCOME_YOY":null,"FEE_COMMISSION_INCOME":null,"FEE_COMMISSION_INCOME_YOY":null,"ACCOUNTS_RECE_TDAYS":1.695187413707,"INVENTORY_TDAYS":12.595972485837,"CURRENT_ASSETS_TDAYS":0.445763839689,"TOTAL_ASSETS_TDAYS":0.356321319666,"PREMIUM_EXPENSE":null,"LOAN_DEPOSIT":null,"LOAN_EQUITY":null,"LOAN_ASSETS":null,"DEPOSIT_EQUITY":null,"DEPOSIT_ASSETS":null,"EQUITY_MULTIPLIER":2.47064594957,"EQUITY_RATIO":1.534042372808},{"SECUCODE":"03969.HK","SECURITY_CODE":"03969","SECURITY_NAME_ABBR":"中国通号","ORG_CODE":"10316690","STD_REPORT_DATE":"2022-09-30 00:00:00","REPORT_DATE":"2022-09-30 00:00:00","DATE_TYPE_CODE":"004","REPORT_TYPE":"2022年三季报","PER_NETCASH_OPERATE":-0.017461364467,"PER_OI":2.54440362908,"BPS":3.92996591763,"BASIC_EPS":0.25,"DILUTED_EPS":0.25,"OPERATE_INCOME":26944773894.9,"OPERATE_INCOME_YOY":6.3552400948,"GROSS_PROFIT":6110623067.96,"GROSS_PROFIT_YOY":2.96620710022,"HOLDER_PROFIT":2601196845.33,"HOLDER_PROFIT_YOY":7.9686089176,"GROSS_PROFIT_RATIO":22.678323788483,"EPS_TTM":0.32735721723,"OPERATE_INCOME_QOQ":2.80749003763,"NET_PROFIT_RATIO":10.9418436843,"ROE_AVG":5.913879784177,"GROSS_PROFIT_QOQ":0.430428498093,"ROA":2.33043329377,"HOLDER_PROFIT_QOQ":2.921445976365,"ROE_YEARLY":7.885173045569,"ROIC_YEARLY":2.967540554251,"TOTAL_ASSETS":114294596476.86,"TOTAL_LIABILITIES":68124952248.47,"TAX_EBT":16.386061302117,"OCF_SALES":-0.686265507075,"TOTAL_PARENT_EQUITY":44414563404.25,"DEBT_ASSET_RATIO":59.6047007894,"OPERATE_PROFIT":3196029607.74,"PRETAX_PROFIT":3526032963.61,"NETCASH_OPERATE":-184912689.2,"NETCASH_INVEST":1092484974.86,"NETCASH_FINANCE":-1030129284.3,"END_CASH":17586288940.29,"DIVI_RATIO":0.516736927468,"DIVIDEND_RATE":5.815040498442,"CURRENT_RATIO":1.474053039838,"COMMON_ACS":null,"CURRENTDEBT_DEBT":92.45360181321,"ISSUED_COMMON_SHARES":10589819000,"HK_COMMON_SHARES":1968801000,"PER_SHARES":1000,"TOTAL_MARKET_CAP":33993318990,"HKSK_MARKET_CAP":6319851210,"PE_TTM":9.297410338192,"PB_TTM":0.687425276558,"REPORT_DATE_SQ":"2021-09-30 00:00:00","REPORT_TYPE_SQ":"2021年三季报","OPERATE_INCOME_SQ":25334693307.89,"DPS_HKD":0.1866628,"OPERATE_INCOME_QOQ_SQ":-4.228072756981,"NET_PROFIT_RATIO_SQ":10.5410424614,"HOLDER_PROFIT_SQ":2409215855.8,"HOLDER_PROFIT_QOQ_SQ":-7.941786122701,"ROE_AVG_SQ":5.84002875313,"PE_TTM_SQ":6.877210903541,"PB_TTM_SQ":0.581720341872,"ROA_SQ":2.287030309298,"START_DATE":"2022-01-01 00:00:00","FISCAL_YEAR":"12-31","CURRENCY":"HKD","IS_CNY_CODE":0,"DPS_HKD_LY":0.199676,"ORG_TYPE":"一般企业","PREMIUM_INCOME":null,"PREMIUM_INCOME_YOY":null,"NET_INTEREST_INCOME":null,"NET_INTEREST_INCOME_YOY":null,"FEE_COMMISSION_INCOME":null,"FEE_COMMISSION_INCOME_YOY":null,"ACCOUNTS_RECE_TDAYS":1.154799809997,"INVENTORY_TDAYS":7.879204674154,"CURRENT_ASSETS_TDAYS":0.297939298571,"TOTAL_ASSETS_TDAYS":0.241400408779,"PREMIUM_EXPENSE":null,"LOAN_DEPOSIT":null,"LOAN_EQUITY":null,"LOAN_ASSETS":null,"DEPOSIT_EQUITY":null,"DEPOSIT_ASSETS":null,"EQUITY_MULTIPLIER":2.475535568598,"EQUITY_RATIO":1.533842663912}],"count":38},"success":true,"message":"ok","code":0}