{"version":"44d49bc94436c9a3c93c98fe8ea41884","result":{"pages":3,"data":[{"SECUCODE":"03963.HK","SECURITY_CODE":"03963","SECURITY_NAME_ABBR":"融众金融","ORG_CODE":"10472842","STD_REPORT_DATE":"2024-06-30 00:00:00","REPORT_DATE":"2024-09-30 00:00:00","DATE_TYPE_CODE":"002","REPORT_TYPE":"2024年中报","PER_NETCASH_OPERATE":0.01471608544,"PER_OI":0.060472982677,"BPS":0.023623587844,"BASIC_EPS":-0.006492888,"DILUTED_EPS":-0.006492888,"OPERATE_INCOME":35697357.15,"OPERATE_INCOME_YOY":-22.8512960437,"GROSS_PROFIT":null,"GROSS_PROFIT_YOY":null,"HOLDER_PROFIT":-3839821.82,"HOLDER_PROFIT_YOY":-245.6168831169,"GROSS_PROFIT_RATIO":null,"EPS_TTM":-0.014766119408,"OPERATE_INCOME_QOQ":0,"NET_PROFIT_RATIO":-8.6851079955,"ROE_AVG":-24.789683579309,"GROSS_PROFIT_QOQ":null,"ROA":-4.890149644551,"HOLDER_PROFIT_QOQ":0,"ROE_YEARLY":-49.579367158618,"ROIC_YEARLY":-10.618387665912,"TOTAL_ASSETS":80668722.66,"TOTAL_LIABILITIES":66203109.27,"TAX_EBT":-0.058207217695,"OCF_SALES":24.334975369458,"TOTAL_PARENT_EQUITY":14334853.84,"DEBT_ASSET_RATIO":82.0678784627,"OPERATE_PROFIT":-2066000.89,"PRETAX_PROFIT":-3098550.44,"NETCASH_OPERATE":8686943.07,"NETCASH_INVEST":-9087337.83,"NETCASH_FINANCE":585261.71,"END_CASH":6625451.13,"DIVI_RATIO":null,"DIVIDEND_RATE":null,"CURRENT_RATIO":0.244843677831,"COMMON_ACS":10000000000,"CURRENTDEBT_DEBT":85.525724326754,"ISSUED_COMMON_SHARES":606802571,"HK_COMMON_SHARES":606802571,"PER_SHARES":1000,"TOTAL_MARKET_CAP":206312874.14,"HKSK_MARKET_CAP":206312874.14,"PE_TTM":-16.320929842576,"PB_TTM":12.978917598138,"REPORT_DATE_SQ":"2023-06-30 00:00:00","REPORT_TYPE_SQ":"2023年中报","OPERATE_INCOME_SQ":47083595.3,"DPS_HKD":null,"OPERATE_INCOME_QOQ_SQ":0,"NET_PROFIT_RATIO_SQ":2.5199766127,"HOLDER_PROFIT_SQ":-1130520.16,"HOLDER_PROFIT_QOQ_SQ":0,"ROE_AVG_SQ":4.091392136026,"PE_TTM_SQ":-2.273737584423,"PB_TTM_SQ":-8.058390030931,"ROA_SQ":-1.371166548878,"START_DATE":"2024-04-01 00:00:00","FISCAL_YEAR":"3-31","CURRENCY":"HKD","IS_CNY_CODE":0,"DPS_HKD_LY":null,"ORG_TYPE":"证券","PREMIUM_INCOME":null,"PREMIUM_INCOME_YOY":null,"NET_INTEREST_INCOME":null,"NET_INTEREST_INCOME_YOY":null,"FEE_COMMISSION_INCOME":null,"FEE_COMMISSION_INCOME_YOY":null,"ACCOUNTS_RECE_TDAYS":5.716245487365,"INVENTORY_TDAYS":null,"CURRENT_ASSETS_TDAYS":2.632594021215,"TOTAL_ASSETS_TDAYS":0.454618538468,"PREMIUM_EXPENSE":null,"LOAN_DEPOSIT":null,"LOAN_EQUITY":null,"LOAN_ASSETS":null,"DEPOSIT_EQUITY":null,"DEPOSIT_ASSETS":null,"EQUITY_MULTIPLIER":5.576585000943,"EQUITY_RATIO":4.618331655762},{"SECUCODE":"03963.HK","SECURITY_CODE":"03963","SECURITY_NAME_ABBR":"融众金融","ORG_CODE":"10472842","STD_REPORT_DATE":"2023-12-31 00:00:00","REPORT_DATE":"2024-03-31 00:00:00","DATE_TYPE_CODE":"001","REPORT_TYPE":"2023年年报","PER_NETCASH_OPERATE":0.034887356691,"PER_OI":0.138025974818,"BPS":0.027574361332,"BASIC_EPS":-0.018131,"DILUTED_EPS":-0.018131,"OPERATE_INCOME":81477087.8,"OPERATE_INCOME_YOY":2.1062916089,"GROSS_PROFIT":null,"GROSS_PROFIT_YOY":null,"HOLDER_PROFIT":-8716478.25,"HOLDER_PROFIT_YOY":92.2838639264,"GROSS_PROFIT_RATIO":null,"EPS_TTM":-0.211874893633,"OPERATE_INCOME_QOQ":0,"NET_PROFIT_RATIO":-8.4327295385,"ROE_AVG":149.859725685786,"GROSS_PROFIT_QOQ":null,"ROA":-10.783560537664,"HOLDER_PROFIT_QOQ":0,"ROE_YEARLY":149.859725685786,"ROIC_YEARLY":-12.717412869519,"TOTAL_ASSETS":76777532.6,"TOTAL_LIABILITIES":60697148.7,"TAX_EBT":-0.999466950959,"OCF_SALES":25.275935733678,"TOTAL_PARENT_EQUITY":16732193.35,"DEBT_ASSET_RATIO":79.0558730459,"OPERATE_PROFIT":-2055148.85,"PRETAX_PROFIT":-6802751.2,"NETCASH_OPERATE":20594096.35,"NETCASH_INVEST":-23203147.25,"NETCASH_FINANCE":-3659742.35,"END_CASH":6320466.6,"DIVI_RATIO":null,"DIVIDEND_RATE":null,"CURRENT_RATIO":0.234715547111,"COMMON_ACS":10000000000,"CURRENTDEBT_DEBT":93.540341129731,"ISSUED_COMMON_SHARES":606802571,"HK_COMMON_SHARES":606802571,"PER_SHARES":1000,"TOTAL_MARKET_CAP":424761799.7,"HKSK_MARKET_CAP":424761799.7,"PE_TTM":-33.601914381774,"PB_TTM":26.721300937343,"REPORT_DATE_SQ":"2022-12-31 00:00:00","REPORT_TYPE_SQ":"2022年年报","OPERATE_INCOME_SQ":77055339.02,"DPS_HKD":null,"OPERATE_INCOME_QOQ_SQ":0,"NET_PROFIT_RATIO_SQ":-140.0967939833,"HOLDER_PROFIT_SQ":-109083964.69,"HOLDER_PROFIT_QOQ_SQ":0,"ROE_AVG_SQ":34.012951829838,"PE_TTM_SQ":-1.68831705575,"PB_TTM_SQ":-7.270762052877,"ROA_SQ":-47.240013875278,"START_DATE":"2023-04-01 00:00:00","FISCAL_YEAR":"3-31","CURRENCY":"HKD","IS_CNY_CODE":0,"DPS_HKD_LY":null,"ORG_TYPE":"证券","PREMIUM_INCOME":null,"PREMIUM_INCOME_YOY":null,"NET_INTEREST_INCOME":null,"NET_INTEREST_INCOME_YOY":null,"FEE_COMMISSION_INCOME":null,"FEE_COMMISSION_INCOME_YOY":null,"ACCOUNTS_RECE_TDAYS":15.891786756255,"INVENTORY_TDAYS":null,"CURRENT_ASSETS_TDAYS":4.572446072446,"TOTAL_ASSETS_TDAYS":1.007990937996,"PREMIUM_EXPENSE":null,"LOAN_DEPOSIT":null,"LOAN_EQUITY":null,"LOAN_ASSETS":null,"DEPOSIT_EQUITY":null,"DEPOSIT_ASSETS":null,"EQUITY_MULTIPLIER":4.774608185825,"EQUITY_RATIO":3.627566776833},{"SECUCODE":"03963.HK","SECURITY_CODE":"03963","SECURITY_NAME_ABBR":"融众金融","ORG_CODE":"10472842","STD_REPORT_DATE":"2023-06-30 00:00:00","REPORT_DATE":"2023-09-30 00:00:00","DATE_TYPE_CODE":"002","REPORT_TYPE":"2023年中报","PER_NETCASH_OPERATE":0.016084079604,"PER_OI":0.111901576199,"BPS":-0.043756610995,"BASIC_EPS":-0.002661127,"DILUTED_EPS":-0.002661127,"OPERATE_INCOME":47083595.3,"OPERATE_INCOME_YOY":7.8326293004,"GROSS_PROFIT":null,"GROSS_PROFIT_YOY":null,"HOLDER_PROFIT":-1130520.16,"HOLDER_PROFIT_YOY":94.7106302593,"GROSS_PROFIT_RATIO":null,"EPS_TTM":-0.264440205402,"OPERATE_INCOME_QOQ":0,"NET_PROFIT_RATIO":2.5199766127,"ROE_AVG":4.091392136026,"GROSS_PROFIT_QOQ":null,"ROA":-1.371166548878,"HOLDER_PROFIT_QOQ":0,"ROE_YEARLY":8.182784272051,"ROIC_YEARLY":-3.646103079359,"TOTAL_ASSETS":78976743.58,"TOTAL_LIABILITIES":97811099.33,"TAX_EBT":0.767459708365,"OCF_SALES":14.373416488014,"TOTAL_PARENT_EQUITY":-26551624.05,"DEBT_ASSET_RATIO":123.8479771338,"OPERATE_PROFIT":4334884.12,"PRETAX_PROFIT":1195671.89,"NETCASH_OPERATE":10258185.77,"NETCASH_INVEST":-3487911.63,"NETCASH_FINANCE":-5560837.8,"END_CASH":14011292.47,"DIVI_RATIO":null,"DIVIDEND_RATE":null,"CURRENT_RATIO":0.565044666749,"COMMON_ACS":10000000000,"CURRENTDEBT_DEBT":45.57795686315,"ISSUED_COMMON_SHARES":606802571,"HK_COMMON_SHARES":606802571,"PER_SHARES":1000,"TOTAL_MARKET_CAP":424761799.7,"HKSK_MARKET_CAP":424761799.7,"PE_TTM":-33.601914381774,"PB_TTM":26.721300937343,"REPORT_DATE_SQ":"2022-06-30 00:00:00","REPORT_TYPE_SQ":"2022年中报","OPERATE_INCOME_SQ":43035968.52,"DPS_HKD":null,"OPERATE_INCOME_QOQ_SQ":0,"NET_PROFIT_RATIO_SQ":-46.913813757,"HOLDER_PROFIT_SQ":-21066216.48,"HOLDER_PROFIT_QOQ_SQ":0,"ROE_AVG_SQ":3.434091451925,"PE_TTM_SQ":-1.68831705575,"PB_TTM_SQ":-7.270762052877,"ROA_SQ":-5.668097967666,"START_DATE":"2023-04-01 00:00:00","FISCAL_YEAR":"3-31","CURRENCY":"HKD","IS_CNY_CODE":0,"DPS_HKD_LY":null,"ORG_TYPE":"证券","PREMIUM_INCOME":null,"PREMIUM_INCOME_YOY":null,"NET_INTEREST_INCOME":null,"NET_INTEREST_INCOME_YOY":null,"FEE_COMMISSION_INCOME":null,"FEE_COMMISSION_INCOME_YOY":null,"ACCOUNTS_RECE_TDAYS":7.654781441146,"INVENTORY_TDAYS":null,"CURRENT_ASSETS_TDAYS":1.971073507097,"TOTAL_ASSETS_TDAYS":0.571059704732,"PREMIUM_EXPENSE":null,"LOAN_DEPOSIT":null,"LOAN_EQUITY":null,"LOAN_ASSETS":null,"DEPOSIT_EQUITY":null,"DEPOSIT_ASSETS":null,"EQUITY_MULTIPLIER":-4.193227771016,"EQUITY_RATIO":-3.683808536375},{"SECUCODE":"03963.HK","SECURITY_CODE":"03963","SECURITY_NAME_ABBR":"融众金融","ORG_CODE":"10472842","STD_REPORT_DATE":"2022-12-31 00:00:00","REPORT_DATE":"2023-03-31 00:00:00","DATE_TYPE_CODE":"001","REPORT_TYPE":"2022年年报","PER_NETCASH_OPERATE":0.063278559692,"PER_OI":0.186796746301,"BPS":-0.045139399203,"BASIC_EPS":-0.262623,"DILUTED_EPS":-0.262623,"OPERATE_INCOME":77055339.02,"OPERATE_INCOME_YOY":151.5920653976,"GROSS_PROFIT":null,"GROSS_PROFIT_YOY":null,"HOLDER_PROFIT":-109083964.69,"HOLDER_PROFIT_YOY":78.0443240043,"GROSS_PROFIT_RATIO":null,"EPS_TTM":-1.166174758999,"OPERATE_INCOME_QOQ":0,"NET_PROFIT_RATIO":-140.0967939833,"ROE_AVG":34.012951829838,"GROSS_PROFIT_QOQ":null,"ROA":-47.240013875278,"HOLDER_PROFIT_QOQ":0,"ROE_YEARLY":34.012951829838,"ROIC_YEARLY":-51.314055576603,"TOTAL_ASSETS":81969015.35,"TOTAL_LIABILITIES":103854265.35,"TAX_EBT":0.008919376941,"OCF_SALES":33.87562200359,"TOTAL_PARENT_EQUITY":-27390703.49,"DEBT_ASSET_RATIO":126.6994179527,"OPERATE_PROFIT":-78526027.82,"PRETAX_PROFIT":-107961689.07,"NETCASH_OPERATE":26102975.38,"NETCASH_INVEST":-11094946.34,"NETCASH_FINANCE":-16517235.88,"END_CASH":12759100.75,"DIVI_RATIO":null,"DIVIDEND_RATE":null,"CURRENT_RATIO":0.385339199324,"COMMON_ACS":10000000000,"CURRENTDEBT_DEBT":53.838243351456,"ISSUED_COMMON_SHARES":606802571,"HK_COMMON_SHARES":606802571,"PER_SHARES":1000,"TOTAL_MARKET_CAP":473306005.38,"HKSK_MARKET_CAP":473306005.38,"PE_TTM":-37.442133168262,"PB_TTM":29.77516390161,"REPORT_DATE_SQ":"2021-12-31 00:00:00","REPORT_TYPE_SQ":"2021年年报","OPERATE_INCOME_SQ":28373995.86,"DPS_HKD":null,"OPERATE_INCOME_QOQ_SQ":0,"NET_PROFIT_RATIO_SQ":-1622.9720459612,"HOLDER_PROFIT_SQ":-460287103.48,"HOLDER_PROFIT_QOQ_SQ":0,"ROE_AVG_SQ":139.890758870912,"PE_TTM_SQ":-1.68831705575,"PB_TTM_SQ":-7.270762052877,"ROA_SQ":-88.617827149737,"START_DATE":"2022-04-01 00:00:00","FISCAL_YEAR":"3-31","CURRENCY":"HKD","IS_CNY_CODE":0,"DPS_HKD_LY":null,"ORG_TYPE":"证券","PREMIUM_INCOME":null,"PREMIUM_INCOME_YOY":null,"NET_INTEREST_INCOME":null,"NET_INTEREST_INCOME_YOY":null,"FEE_COMMISSION_INCOME":null,"FEE_COMMISSION_INCOME_YOY":null,"ACCOUNTS_RECE_TDAYS":15.282923864919,"INVENTORY_TDAYS":null,"CURRENT_ASSETS_TDAYS":0.606680083811,"TOTAL_ASSETS_TDAYS":0.333696643206,"PREMIUM_EXPENSE":null,"LOAN_DEPOSIT":null,"LOAN_EQUITY":null,"LOAN_ASSETS":null,"DEPOSIT_EQUITY":null,"DEPOSIT_ASSETS":null,"EQUITY_MULTIPLIER":-3.745399999998,"EQUITY_RATIO":-3.791588098054},{"SECUCODE":"03963.HK","SECURITY_CODE":"03963","SECURITY_NAME_ABBR":"融众金融","ORG_CODE":"10472842","STD_REPORT_DATE":"2022-06-30 00:00:00","REPORT_DATE":"2022-09-30 00:00:00","DATE_TYPE_CODE":"002","REPORT_TYPE":"2022年中报","PER_NETCASH_OPERATE":0.002530184214,"PER_OI":0.104327344422,"BPS":-0.976412474034,"BASIC_EPS":-0.05110086,"DILUTED_EPS":null,"OPERATE_INCOME":43035968.52,"OPERATE_INCOME_YOY":527.5784753363,"GROSS_PROFIT":null,"GROSS_PROFIT_YOY":null,"HOLDER_PROFIT":-21066216.48,"HOLDER_PROFIT_YOY":-6461.1267605634,"GROSS_PROFIT_RATIO":null,"EPS_TTM":-1.115823178355,"OPERATE_INCOME_QOQ":0,"NET_PROFIT_RATIO":-46.913813757,"ROE_AVG":3.434091451925,"GROSS_PROFIT_QOQ":null,"ROA":-5.668097967666,"HOLDER_PROFIT_QOQ":0,"ROE_YEARLY":6.868182903851,"ROIC_YEARLY":-11.891712509732,"TOTAL_ASSETS":350869358.04,"TOTAL_LIABILITIES":938119536.72,"TAX_EBT":-0.035850324894,"OCF_SALES":2.425235903579,"TOTAL_PARENT_EQUITY":-592489599.6,"DEBT_ASSET_RATIO":267.3700382275,"OPERATE_PROFIT":-4203837.12,"PRETAX_PROFIT":-20182578.6,"NETCASH_OPERATE":-4370254.08,"NETCASH_INVEST":-172748.04,"NETCASH_FINANCE":2110058.52,"END_CASH":10472510.76,"DIVI_RATIO":null,"DIVIDEND_RATE":null,"CURRENT_RATIO":0.248877222654,"COMMON_ACS":10000000000,"CURRENTDEBT_DEBT":93.144582053492,"ISSUED_COMMON_SHARES":606802571,"HK_COMMON_SHARES":606802571,"PER_SHARES":1000,"TOTAL_MARKET_CAP":473306005.38,"HKSK_MARKET_CAP":473306005.38,"PE_TTM":-37.442133168262,"PB_TTM":29.77516390161,"REPORT_DATE_SQ":"2021-06-30 00:00:00","REPORT_TYPE_SQ":"2021年中报","OPERATE_INCOME_SQ":6316260.92,"DPS_HKD":null,"OPERATE_INCOME_QOQ_SQ":0,"NET_PROFIT_RATIO_SQ":0.0395673965,"HOLDER_PROFIT_SQ":-295736.3,"HOLDER_PROFIT_QOQ_SQ":0,"ROE_AVG_SQ":0.31867431485,"PE_TTM_SQ":-1.68831705575,"PB_TTM_SQ":-7.270762052877,"ROA_SQ":-0.040665260756,"START_DATE":"2022-04-01 00:00:00","FISCAL_YEAR":"3-31","CURRENCY":"HKD","IS_CNY_CODE":0,"DPS_HKD_LY":null,"ORG_TYPE":"证券","PREMIUM_INCOME":null,"PREMIUM_INCOME_YOY":null,"NET_INTEREST_INCOME":null,"NET_INTEREST_INCOME_YOY":null,"FEE_COMMISSION_INCOME":null,"FEE_COMMISSION_INCOME_YOY":null,"ACCOUNTS_RECE_TDAYS":null,"INVENTORY_TDAYS":null,"CURRENT_ASSETS_TDAYS":0.188070638641,"TOTAL_ASSETS_TDAYS":0.115793021465,"PREMIUM_EXPENSE":null,"LOAN_DEPOSIT":null,"LOAN_EQUITY":null,"LOAN_ASSETS":null,"DEPOSIT_EQUITY":null,"DEPOSIT_ASSETS":null,"EQUITY_MULTIPLIER":-0.597478503674,"EQUITY_RATIO":-1.583351905845},{"SECUCODE":"03963.HK","SECURITY_CODE":"03963","SECURITY_NAME_ABBR":"融众金融","ORG_CODE":"10472842","STD_REPORT_DATE":"2021-12-31 00:00:00","REPORT_DATE":"2022-03-31 00:00:00","DATE_TYPE_CODE":"001","REPORT_TYPE":"2021年年报","PER_NETCASH_OPERATE":0.005312245357,"PER_OI":0.068783943768,"BPS":-0.937477076477,"BASIC_EPS":-1.1191938,"DILUTED_EPS":-1.1191938,"OPERATE_INCOME":28373995.86,"OPERATE_INCOME_YOY":118.3213728549,"GROSS_PROFIT":null,"GROSS_PROFIT_YOY":null,"HOLDER_PROFIT":-460287103.48,"HOLDER_PROFIT_YOY":-367.567946088,"GROSS_PROFIT_RATIO":null,"EPS_TTM":-0.289539840731,"OPERATE_INCOME_QOQ":0,"NET_PROFIT_RATIO":-1622.9720459612,"ROE_AVG":139.890758870912,"GROSS_PROFIT_QOQ":null,"ROA":-88.617827149737,"HOLDER_PROFIT_QOQ":0,"ROE_YEARLY":139.890758870912,"ROIC_YEARLY":-90.98521034242,"TOTAL_ASSETS":351915081.22,"TOTAL_LIABILITIES":916283964.06,"TAX_EBT":-0.136498547719,"OCF_SALES":7.723089235694,"TOTAL_PARENT_EQUITY":-568863500.26,"DEBT_ASSET_RATIO":260.3707578781,"OPERATE_PROFIT":-433874940.81,"PRETAX_PROFIT":-459874299.39,"NETCASH_OPERATE":2191349.02,"NETCASH_INVEST":1659326.46,"NETCASH_FINANCE":-2077807.62,"END_CASH":12553623.79,"DIVI_RATIO":null,"DIVIDEND_RATE":null,"CURRENT_RATIO":0.25452060545,"COMMON_ACS":10000000000,"CURRENTDEBT_DEBT":92.351164713234,"ISSUED_COMMON_SHARES":606802571,"HK_COMMON_SHARES":606802571,"PER_SHARES":1000,"TOTAL_MARKET_CAP":473306005.38,"HKSK_MARKET_CAP":473306005.38,"PE_TTM":-37.442133168262,"PB_TTM":29.77516390161,"REPORT_DATE_SQ":"2020-12-31 00:00:00","REPORT_TYPE_SQ":"2020年年报","OPERATE_INCOME_SQ":13544009.5,"DPS_HKD":null,"OPERATE_INCOME_QOQ_SQ":0,"NET_PROFIT_RATIO_SQ":-521.0018027298,"HOLDER_PROFIT_SQ":-102590483.94,"HOLDER_PROFIT_QOQ_SQ":0,"ROE_AVG_SQ":256.331038560629,"PE_TTM_SQ":-1.68831705575,"PB_TTM_SQ":-7.270762052877,"ROA_SQ":-13.777467281027,"START_DATE":"2021-04-01 00:00:00","FISCAL_YEAR":"3-31","CURRENCY":"HKD","IS_CNY_CODE":0,"DPS_HKD_LY":null,"ORG_TYPE":"证券","PREMIUM_INCOME":null,"PREMIUM_INCOME_YOY":null,"NET_INTEREST_INCOME":null,"NET_INTEREST_INCOME_YOY":null,"FEE_COMMISSION_INCOME":null,"FEE_COMMISSION_INCOME_YOY":null,"ACCOUNTS_RECE_TDAYS":5.180041456914,"INVENTORY_TDAYS":null,"CURRENT_ASSETS_TDAYS":0.068789914116,"TOTAL_ASSETS_TDAYS":0.054627684366,"PREMIUM_EXPENSE":null,"LOAN_DEPOSIT":null,"LOAN_EQUITY":null,"LOAN_ASSETS":null,"DEPOSIT_EQUITY":null,"DEPOSIT_ASSETS":null,"EQUITY_MULTIPLIER":-0.623555075271,"EQUITY_RATIO":-1.610727289835},{"SECUCODE":"03963.HK","SECURITY_CODE":"03963","SECURITY_NAME_ABBR":"融众金融","ORG_CODE":"10472842","STD_REPORT_DATE":"2021-06-30 00:00:00","REPORT_DATE":"2021-09-30 00:00:00","DATE_TYPE_CODE":"002","REPORT_TYPE":"2021年中报","PER_NETCASH_OPERATE":-0.007970948076,"PER_OI":0.015311813609,"BPS":-0.154870524568,"BASIC_EPS":-0.000749754,"DILUTED_EPS":-0.000749754,"OPERATE_INCOME":6316260.92,"OPERATE_INCOME_YOY":-26.4953950557,"GROSS_PROFIT":null,"GROSS_PROFIT_YOY":null,"HOLDER_PROFIT":-295736.3,"HOLDER_PROFIT_YOY":-101.8846888936,"GROSS_PROFIT_RATIO":null,"EPS_TTM":-0.248698777336,"OPERATE_INCOME_QOQ":0,"NET_PROFIT_RATIO":0.0395673965,"ROE_AVG":0.31867431485,"GROSS_PROFIT_QOQ":null,"ROA":-0.040665260756,"HOLDER_PROFIT_QOQ":0,"ROE_YEARLY":0.6373486297,"ROIC_YEARLY":-0.082397464479,"TOTAL_ASSETS":748916774.7,"TOTAL_LIABILITIES":842568546.84,"TAX_EBT":84.21052631579,"OCF_SALES":-52.057504616196,"TOTAL_PARENT_EQUITY":-93975832.48,"DEBT_ASSET_RATIO":112.5049638763,"OPERATE_PROFIT":13102367.68,"PRETAX_PROFIT":15828.14,"NETCASH_OPERATE":-3288087.82,"NETCASH_INVEST":4126979.24,"NETCASH_FINANCE":-2830737.88,"END_CASH":8257290.72,"DIVI_RATIO":null,"DIVIDEND_RATE":null,"CURRENT_RATIO":0.892087514583,"COMMON_ACS":10000000000,"CURRENTDEBT_DEBT":85.934938610698,"ISSUED_COMMON_SHARES":606802571,"HK_COMMON_SHARES":606802571,"PER_SHARES":1000,"TOTAL_MARKET_CAP":473306005.38,"HKSK_MARKET_CAP":473306005.38,"PE_TTM":-37.442133168262,"PB_TTM":29.77516390161,"REPORT_DATE_SQ":"2020-06-30 00:00:00","REPORT_TYPE_SQ":"2020年中报","OPERATE_INCOME_SQ":9063996.8,"DPS_HKD":null,"OPERATE_INCOME_QOQ_SQ":0,"NET_PROFIT_RATIO_SQ":176.317513807,"HOLDER_PROFIT_SQ":16551569.92,"HOLDER_PROFIT_QOQ_SQ":0,"ROE_AVG_SQ":74.723792522067,"PE_TTM_SQ":-1.68831705575,"PB_TTM_SQ":-7.270762052877,"ROA_SQ":2.007283810173,"START_DATE":"2021-04-01 00:00:00","FISCAL_YEAR":"3-31","CURRENCY":"HKD","IS_CNY_CODE":0,"DPS_HKD_LY":null,"ORG_TYPE":"证券","PREMIUM_INCOME":null,"PREMIUM_INCOME_YOY":null,"NET_INTEREST_INCOME":null,"NET_INTEREST_INCOME_YOY":null,"FEE_COMMISSION_INCOME":null,"FEE_COMMISSION_INCOME_YOY":null,"ACCOUNTS_RECE_TDAYS":0.010120155153,"INVENTORY_TDAYS":null,"CURRENT_ASSETS_TDAYS":0.009930680393,"TOTAL_ASSETS_TDAYS":0.008685183297,"PREMIUM_EXPENSE":null,"LOAN_DEPOSIT":null,"LOAN_EQUITY":null,"LOAN_ASSETS":null,"DEPOSIT_EQUITY":null,"DEPOSIT_ASSETS":null,"EQUITY_MULTIPLIER":-7.996824380239,"EQUITY_RATIO":-8.965800297851},{"SECUCODE":"03963.HK","SECURITY_CODE":"03963","SECURITY_NAME_ABBR":"融众金融","ORG_CODE":"10472842","STD_REPORT_DATE":"2020-12-31 00:00:00","REPORT_DATE":"2021-03-31 00:00:00","DATE_TYPE_CODE":"001","REPORT_TYPE":"2020年年报","PER_NETCASH_OPERATE":0.040434577912,"PER_OI":0.032833246063,"BPS":-0.153198672258,"BASIC_EPS":-0.2451022,"DILUTED_EPS":-0.2451022,"OPERATE_INCOME":13544009.5,"OPERATE_INCOME_YOY":-20.1247942951,"GROSS_PROFIT":null,"GROSS_PROFIT_YOY":null,"HOLDER_PROFIT":-102590483.94,"HOLDER_PROFIT_YOY":-84.6803395916,"GROSS_PROFIT_RATIO":null,"EPS_TTM":-0.105166939267,"OPERATE_INCOME_QOQ":0,"NET_PROFIT_RATIO":-521.0018027298,"ROE_AVG":256.331038560629,"GROSS_PROFIT_QOQ":null,"ROA":-13.777467281027,"HOLDER_PROFIT_QOQ":0,"ROE_YEARLY":256.331038560629,"ROIC_YEARLY":-14.047682010373,"TOTAL_ASSETS":715839569.06,"TOTAL_LIABILITIES":808800917.26,"TAX_EBT":null,"OCF_SALES":84.706841788995,"TOTAL_PARENT_EQUITY":-92961348.2,"DEBT_ASSET_RATIO":112.9863383107,"OPERATE_PROFIT":-77585833.64,"PRETAX_PROFIT":-102590483.94,"NETCASH_OPERATE":16679627.3,"NETCASH_INVEST":101421.6,"NETCASH_FINANCE":-25480486.64,"END_CASH":10401630.26,"DIVI_RATIO":null,"DIVIDEND_RATE":null,"CURRENT_RATIO":1.014562005961,"COMMON_ACS":10000000000,"CURRENTDEBT_DEBT":77.415390660186,"ISSUED_COMMON_SHARES":606802571,"HK_COMMON_SHARES":606802571,"PER_SHARES":1000,"TOTAL_MARKET_CAP":473306005.38,"HKSK_MARKET_CAP":473306005.38,"PE_TTM":-37.442133168262,"PB_TTM":29.77516390161,"REPORT_DATE_SQ":"2019-12-31 00:00:00","REPORT_TYPE_SQ":"2019年年报","OPERATE_INCOME_SQ":26650801.6,"DPS_HKD":null,"OPERATE_INCOME_QOQ_SQ":0,"NET_PROFIT_RATIO_SQ":-225.3359846407,"HOLDER_PROFIT_SQ":-60053846.2,"HOLDER_PROFIT_QOQ_SQ":0,"ROE_AVG_SQ":-131.575681140272,"PE_TTM_SQ":-1.68831705575,"PB_TTM_SQ":-7.270762052877,"ROA_SQ":-6.710846799493,"START_DATE":"2020-04-01 00:00:00","FISCAL_YEAR":"3-31","CURRENCY":"HKD","IS_CNY_CODE":0,"DPS_HKD_LY":null,"ORG_TYPE":"证券","PREMIUM_INCOME":null,"PREMIUM_INCOME_YOY":null,"NET_INTEREST_INCOME":null,"NET_INTEREST_INCOME_YOY":null,"FEE_COMMISSION_INCOME":null,"FEE_COMMISSION_INCOME_YOY":null,"ACCOUNTS_RECE_TDAYS":null,"INVENTORY_TDAYS":null,"CURRENT_ASSETS_TDAYS":0.030203795893,"TOTAL_ASSETS_TDAYS":0.026444183511,"PREMIUM_EXPENSE":null,"LOAN_DEPOSIT":null,"LOAN_EQUITY":null,"LOAN_ASSETS":null,"DEPOSIT_EQUITY":null,"DEPOSIT_ASSETS":null,"EQUITY_MULTIPLIER":-7.700400036368,"EQUITY_RATIO":-8.700400036367},{"SECUCODE":"03963.HK","SECURITY_CODE":"03963","SECURITY_NAME_ABBR":"融众金融","ORG_CODE":"10472842","STD_REPORT_DATE":"2020-06-30 00:00:00","REPORT_DATE":"2020-09-30 00:00:00","DATE_TYPE_CODE":"002","REPORT_TYPE":"2020年中报","PER_NETCASH_OPERATE":0.008686889644,"PER_OI":0.021972846168,"BPS":0.050876629789,"BASIC_EPS":0.040157504,"DILUTED_EPS":0.040157504,"OPERATE_INCOME":9063996.8,"OPERATE_INCOME_YOY":-38.2663969951,"GROSS_PROFIT":null,"GROSS_PROFIT_YOY":null,"HOLDER_PROFIT":16551569.92,"HOLDER_PROFIT_YOY":14262.4060150376,"GROSS_PROFIT_RATIO":null,"EPS_TTM":-0.145581905364,"OPERATE_INCOME_QOQ":0,"NET_PROFIT_RATIO":176.317513807,"ROE_AVG":74.723792522067,"GROSS_PROFIT_QOQ":null,"ROA":2.007283810173,"HOLDER_PROFIT_QOQ":0,"ROE_YEARLY":149.447585044134,"ROIC_YEARLY":4.09653476786,"TOTAL_ASSETS":845048328.32,"TOTAL_LIABILITIES":814176258.56,"TAX_EBT":null,"OCF_SALES":38.172797903211,"TOTAL_PARENT_EQUITY":30872069.76,"DEBT_ASSET_RATIO":96.3467095638,"OPERATE_PROFIT":29872965.12,"PRETAX_PROFIT":16551569.92,"NETCASH_OPERATE":3583420.16,"NETCASH_INVEST":82599.68,"NETCASH_FINANCE":-8300389.12,"END_CASH":14028764.8,"DIVI_RATIO":null,"DIVIDEND_RATE":null,"CURRENT_RATIO":1.316314944357,"COMMON_ACS":10000000000,"CURRENTDEBT_DEBT":69.768430777467,"ISSUED_COMMON_SHARES":606802571,"HK_COMMON_SHARES":606802571,"PER_SHARES":1000,"TOTAL_MARKET_CAP":473306005.38,"HKSK_MARKET_CAP":473306005.38,"PE_TTM":-37.442133168262,"PB_TTM":29.77516390161,"REPORT_DATE_SQ":"2019-06-30 00:00:00","REPORT_TYPE_SQ":"2019年中报","OPERATE_INCOME_SQ":15609283.05,"DPS_HKD":null,"OPERATE_INCOME_QOQ_SQ":0,"NET_PROFIT_RATIO_SQ":-0.7685639988,"HOLDER_PROFIT_SQ":-119967.33,"HOLDER_PROFIT_QOQ_SQ":0,"ROE_AVG_SQ":-0.160642570281,"PE_TTM_SQ":-1.68831705575,"PB_TTM_SQ":-7.270762052877,"ROA_SQ":-0.013077988074,"START_DATE":"2020-04-01 00:00:00","FISCAL_YEAR":"3-31","CURRENCY":"HKD","IS_CNY_CODE":0,"DPS_HKD_LY":null,"ORG_TYPE":"证券","PREMIUM_INCOME":null,"PREMIUM_INCOME_YOY":null,"NET_INTEREST_INCOME":null,"NET_INTEREST_INCOME_YOY":null,"FEE_COMMISSION_INCOME":null,"FEE_COMMISSION_INCOME_YOY":null,"ACCOUNTS_RECE_TDAYS":0.013226885649,"INVENTORY_TDAYS":null,"CURRENT_ASSETS_TDAYS":0.013012053476,"TOTAL_ASSETS_TDAYS":0.011384483406,"PREMIUM_EXPENSE":null,"LOAN_DEPOSIT":null,"LOAN_EQUITY":null,"LOAN_ASSETS":null,"DEPOSIT_EQUITY":null,"DEPOSIT_ASSETS":null,"EQUITY_MULTIPLIER":27.372584180308,"EQUITY_RATIO":26.372584180116}],"count":22},"success":true,"message":"ok","code":0}