{"version":"5ca37c34e4fb2b1fcfa0b024fe5dd64b","result":{"pages":2,"data":[{"SECUCODE":"03978.HK","SECURITY_CODE":"03978","SECURITY_NAME_ABBR":"卓越教育集团","ORG_CODE":"10947323","STD_REPORT_DATE":"2024-06-30 00:00:00","REPORT_DATE":"2024-06-30 00:00:00","DATE_TYPE_CODE":"002","REPORT_TYPE":"2024年中报","PER_NETCASH_OPERATE":0.387791379109,"PER_OI":0.374688540534,"BPS":0.618805482867,"BASIC_EPS":0.0725,"DILUTED_EPS":0.0723,"OPERATE_INCOME":317444000,"OPERATE_INCOME_YOY":68.0842952452,"GROSS_PROFIT":142723000,"GROSS_PROFIT_YOY":104.532817426197,"HOLDER_PROFIT":54527000,"HOLDER_PROFIT_YOY":160.6826982837,"GROSS_PROFIT_RATIO":44.960055946876,"EPS_TTM":0.147371228995,"OPERATE_INCOME_QOQ":26.278422444484,"NET_PROFIT_RATIO":17.1416060786,"ROE_AVG":10.667796175777,"GROSS_PROFIT_QOQ":31.733940084748,"ROA":4.442755132304,"HOLDER_PROFIT_QOQ":36.834491374964,"ROE_YEARLY":21.335592351554,"ROIC_YEARLY":13.138133887191,"TOTAL_ASSETS":1408272000,"TOTAL_LIABILITIES":884007000,"TAX_EBT":26.63179041892,"OCF_SALES":103.49699474553,"TOTAL_PARENT_EQUITY":524265000,"DEBT_ASSET_RATIO":62.7724615699,"OPERATE_PROFIT":79430000,"PRETAX_PROFIT":74167000,"NETCASH_OPERATE":328545000,"NETCASH_INVEST":-50637000,"NETCASH_FINANCE":-64101000,"END_CASH":495735000,"DIVI_RATIO":0.215223149161,"DIVIDEND_RATE":0.997150997151,"CURRENT_RATIO":1.087184228569,"COMMON_ACS":3000000000,"CURRENTDEBT_DEBT":76.224057049322,"ISSUED_COMMON_SHARES":847221000,"HK_COMMON_SHARES":847221000,"PER_SHARES":1000,"TOTAL_MARKET_CAP":2973745710,"HKSK_MARKET_CAP":2973745710,"PE_TTM":21.588717400102,"PB_TTM":5.176920516538,"REPORT_DATE_SQ":"2023-06-30 00:00:00","REPORT_TYPE_SQ":"2023年中报","OPERATE_INCOME_SQ":188860000,"DPS_HKD":0.035,"OPERATE_INCOME_QOQ_SQ":-16.204335273062,"NET_PROFIT_RATIO_SQ":10.6703378164,"HOLDER_PROFIT_SQ":20917000,"HOLDER_PROFIT_QOQ_SQ":27.86611473342,"ROE_AVG_SQ":4.999766946848,"PE_TTM_SQ":16.927086767428,"PB_TTM_SQ":2.896015007152,"ROA_SQ":2.412008729218,"START_DATE":"2024-01-01 00:00:00","FISCAL_YEAR":"12-31","CURRENCY":"HKD","IS_CNY_CODE":0,"DPS_HKD_LY":0.035,"ORG_TYPE":"一般企业","PREMIUM_INCOME":null,"PREMIUM_INCOME_YOY":null,"NET_INTEREST_INCOME":null,"NET_INTEREST_INCOME_YOY":null,"FEE_COMMISSION_INCOME":null,"FEE_COMMISSION_INCOME_YOY":null,"ACCOUNTS_RECE_TDAYS":null,"INVENTORY_TDAYS":null,"CURRENT_ASSETS_TDAYS":0.510079257001,"TOTAL_ASSETS_TDAYS":0.258647268366,"PREMIUM_EXPENSE":null,"LOAN_DEPOSIT":null,"LOAN_EQUITY":null,"LOAN_ASSETS":null,"DEPOSIT_EQUITY":null,"DEPOSIT_ASSETS":null,"EQUITY_MULTIPLIER":2.686183514061,"EQUITY_RATIO":1.686183514063},{"SECUCODE":"03978.HK","SECURITY_CODE":"03978","SECURITY_NAME_ABBR":"卓越教育集团","ORG_CODE":"10947323","STD_REPORT_DATE":"2023-12-31 00:00:00","REPORT_DATE":"2023-12-31 00:00:00","DATE_TYPE_CODE":"001","REPORT_TYPE":"2023年年报","PER_NETCASH_OPERATE":0.343677741699,"PER_OI":0.577551784009,"BPS":0.587813569305,"BASIC_EPS":0.1212,"DILUTED_EPS":0.1212,"OPERATE_INCOME":489314000,"OPERATE_INCOME_YOY":-0.3705709643,"GROSS_PROFIT":229858000,"GROSS_PROFIT_YOY":32.819063798314,"HOLDER_PROFIT":91246000,"HOLDER_PROFIT_YOY":62.1084797555,"GROSS_PROFIT_RATIO":46.975561704754,"EPS_TTM":0.107700352092,"OPERATE_INCOME_QOQ":18.895684353503,"NET_PROFIT_RATIO":18.3685731453,"ROE_AVG":20.145539968296,"GROSS_PROFIT_QOQ":89.698770322687,"ROA":9.524346340246,"HOLDER_PROFIT_QOQ":26.779858833991,"ROE_YEARLY":20.145539968296,"ROIC_YEARLY":12.99666345,"TOTAL_ASSETS":1046376000,"TOTAL_LIABILITIES":549941000,"TAX_EBT":20.291590177455,"OCF_SALES":59.505961407195,"TOTAL_PARENT_EQUITY":498008000,"DEBT_ASSET_RATIO":52.5567291299,"OPERATE_PROFIT":123605000,"PRETAX_PROFIT":112761000,"NETCASH_OPERATE":291171000,"NETCASH_INVEST":-144523000,"NETCASH_FINANCE":-59766000,"END_CASH":281928000,"DIVI_RATIO":0.294499501476,"DIVIDEND_RATE":0.93085106383,"CURRENT_RATIO":1.246172265104,"COMMON_ACS":3000000000,"CURRENTDEBT_DEBT":74.725834225853,"ISSUED_COMMON_SHARES":847221000,"HK_COMMON_SHARES":847221000,"PER_SHARES":1000,"TOTAL_MARKET_CAP":3185550960,"HKSK_MARKET_CAP":3185550960,"PE_TTM":23.126375334582,"PB_TTM":5.545647049055,"REPORT_DATE_SQ":"2022-12-31 00:00:00","REPORT_TYPE_SQ":"2022年年报","OPERATE_INCOME_SQ":491134000,"DPS_HKD":0.035,"OPERATE_INCOME_QOQ_SQ":-54.130363111821,"NET_PROFIT_RATIO_SQ":11.0098262389,"HOLDER_PROFIT_SQ":56287000,"HOLDER_PROFIT_QOQ_SQ":117.285304098147,"ROE_AVG_SQ":14.837553215326,"PE_TTM_SQ":19.056280071507,"PB_TTM_SQ":3.260293624404,"ROA_SQ":5.144278706998,"START_DATE":"2023-01-01 00:00:00","FISCAL_YEAR":"12-31","CURRENCY":"HKD","IS_CNY_CODE":0,"DPS_HKD_LY":null,"ORG_TYPE":"一般企业","PREMIUM_INCOME":null,"PREMIUM_INCOME_YOY":null,"NET_INTEREST_INCOME":null,"NET_INTEREST_INCOME_YOY":null,"FEE_COMMISSION_INCOME":null,"FEE_COMMISSION_INCOME_YOY":null,"ACCOUNTS_RECE_TDAYS":null,"INVENTORY_TDAYS":null,"CURRENT_ASSETS_TDAYS":1.056063884318,"TOTAL_ASSETS_TDAYS":0.510750718402,"PREMIUM_EXPENSE":null,"LOAN_DEPOSIT":null,"LOAN_EQUITY":null,"LOAN_ASSETS":null,"DEPOSIT_EQUITY":null,"DEPOSIT_ASSETS":null,"EQUITY_MULTIPLIER":2.107780474786,"EQUITY_RATIO":1.104281457326},{"SECUCODE":"03978.HK","SECURITY_CODE":"03978","SECURITY_NAME_ABBR":"卓越教育集团","ORG_CODE":"10947323","STD_REPORT_DATE":"2023-06-30 00:00:00","REPORT_DATE":"2023-06-30 00:00:00","DATE_TYPE_CODE":"002","REPORT_TYPE":"2023年中报","PER_NETCASH_OPERATE":0.099217323461,"PER_OI":0.222917042897,"BPS":0.506194959757,"BASIC_EPS":0.0278,"DILUTED_EPS":0.0278,"OPERATE_INCOME":188860000,"OPERATE_INCOME_YOY":-29.6466687776,"GROSS_PROFIT":69780000,"GROSS_PROFIT_YOY":-42.648617994428,"HOLDER_PROFIT":20917000,"HOLDER_PROFIT_YOY":299.7897553517,"GROSS_PROFIT_RATIO":36.948003812348,"EPS_TTM":0.084950679929,"OPERATE_INCOME_QOQ":-16.204335273062,"NET_PROFIT_RATIO":10.6703378164,"ROE_AVG":4.999766946848,"GROSS_PROFIT_QOQ":-29.984225215386,"ROA":2.412008729218,"HOLDER_PROFIT_QOQ":27.86611473342,"ROE_YEARLY":9.999533893697,"ROIC_YEARLY":6.253896165052,"TOTAL_ASSETS":864723000,"TOTAL_LIABILITIES":436574000,"TAX_EBT":13.279972458904,"OCF_SALES":44.508630731759,"TOTAL_PARENT_EQUITY":428859000,"DEBT_ASSET_RATIO":50.4871502204,"OPERATE_PROFIT":28000000,"PRETAX_PROFIT":23238000,"NETCASH_OPERATE":84059000,"NETCASH_INVEST":-82603000,"NETCASH_FINANCE":-32003000,"END_CASH":164537000,"DIVI_RATIO":0.373366052238,"DIVIDEND_RATE":0.988700564972,"CURRENT_RATIO":1.286722976599,"COMMON_ACS":3000000000,"CURRENTDEBT_DEBT":72.56914062679,"ISSUED_COMMON_SHARES":847221000,"HK_COMMON_SHARES":847221000,"PER_SHARES":1000,"TOTAL_MARKET_CAP":2999162340,"HKSK_MARKET_CAP":2999162340,"PE_TTM":21.77323635224,"PB_TTM":5.22116770044,"REPORT_DATE_SQ":"2022-06-30 00:00:00","REPORT_TYPE_SQ":"2022年中报","OPERATE_INCOME_SQ":268445000,"DPS_HKD":0.035,"OPERATE_INCOME_QOQ_SQ":-43.60572139762,"NET_PROFIT_RATIO_SQ":2.0663450614,"HOLDER_PROFIT_SQ":5232000,"HOLDER_PROFIT_QOQ_SQ":-0.185828428673,"ROE_AVG_SQ":1.477650952975,"PE_TTM_SQ":9.900748863967,"PB_TTM_SQ":1.693895570221,"ROA_SQ":0.473767994944,"START_DATE":"2023-01-01 00:00:00","FISCAL_YEAR":"12-31","CURRENCY":"HKD","IS_CNY_CODE":0,"DPS_HKD_LY":null,"ORG_TYPE":"一般企业","PREMIUM_INCOME":null,"PREMIUM_INCOME_YOY":null,"NET_INTEREST_INCOME":null,"NET_INTEREST_INCOME_YOY":null,"FEE_COMMISSION_INCOME":null,"FEE_COMMISSION_INCOME_YOY":null,"ACCOUNTS_RECE_TDAYS":null,"INVENTORY_TDAYS":null,"CURRENT_ASSETS_TDAYS":0.459390430785,"TOTAL_ASSETS_TDAYS":0.217780737486,"PREMIUM_EXPENSE":null,"LOAN_DEPOSIT":null,"LOAN_EQUITY":null,"LOAN_ASSETS":null,"DEPOSIT_EQUITY":null,"DEPOSIT_ASSETS":null,"EQUITY_MULTIPLIER":2.019677729017,"EQUITY_RATIO":1.017989595648},{"SECUCODE":"03978.HK","SECURITY_CODE":"03978","SECURITY_NAME_ABBR":"卓越教育集团","ORG_CODE":"10947323","STD_REPORT_DATE":"2022-12-31 00:00:00","REPORT_DATE":"2022-12-31 00:00:00","DATE_TYPE_CODE":"001","REPORT_TYPE":"2022年年报","PER_NETCASH_OPERATE":-0.037709169154,"PER_OI":0.579699983829,"BPS":0.481409219082,"BASIC_EPS":0.0748,"DILUTED_EPS":0.0748,"OPERATE_INCOME":491134000,"OPERATE_INCOME_YOY":-74.1321491794,"GROSS_PROFIT":173061000,"GROSS_PROFIT_YOY":-76.271788325722,"HOLDER_PROFIT":56287000,"HOLDER_PROFIT_YOY":117.3174251071,"GROSS_PROFIT_RATIO":35.237022889883,"EPS_TTM":0.066437210598,"OPERATE_INCOME_QOQ":-54.130363111821,"NET_PROFIT_RATIO":11.0098262389,"ROE_AVG":14.837553215326,"GROSS_PROFIT_QOQ":-59.668183820291,"ROA":5.144278706998,"HOLDER_PROFIT_QOQ":117.285304098147,"ROE_YEARLY":14.837553215326,"ROIC_YEARLY":6.567313593395,"TOTAL_ASSETS":869682000,"TOTAL_LIABILITIES":463792000,"TAX_EBT":-22.209917280658,"OCF_SALES":-6.504945697101,"TOTAL_PARENT_EQUITY":407860000,"DEBT_ASSET_RATIO":53.3289179263,"OPERATE_PROFIT":57814000,"PRETAX_PROFIT":44246000,"NETCASH_OPERATE":-31948000,"NETCASH_INVEST":450464000,"NETCASH_FINANCE":-434583000,"END_CASH":195084000,"DIVI_RATIO":0.477408664731,"DIVIDEND_RATE":0.93085106383,"CURRENT_RATIO":1.300116663426,"COMMON_ACS":3000000000,"CURRENTDEBT_DEBT":68.751940525063,"ISSUED_COMMON_SHARES":847221000,"HK_COMMON_SHARES":847221000,"PER_SHARES":1000,"TOTAL_MARKET_CAP":3185550960,"HKSK_MARKET_CAP":3185550960,"PE_TTM":23.126375334582,"PB_TTM":5.545647049055,"REPORT_DATE_SQ":"2021-12-31 00:00:00","REPORT_TYPE_SQ":"2021年年报","OPERATE_INCOME_SQ":1898627000,"DPS_HKD":0.035,"OPERATE_INCOME_QOQ_SQ":-5.768694369529,"NET_PROFIT_RATIO_SQ":-17.1488659963,"HOLDER_PROFIT_SQ":-325031000,"HOLDER_PROFIT_QOQ_SQ":-501.248071106722,"ROE_AVG_SQ":-56.566825589783,"PE_TTM_SQ":19.056280071507,"PB_TTM_SQ":3.260293624404,"ROA_SQ":-14.437143894615,"START_DATE":"2022-01-01 00:00:00","FISCAL_YEAR":"12-31","CURRENCY":"HKD","IS_CNY_CODE":0,"DPS_HKD_LY":null,"ORG_TYPE":"一般企业","PREMIUM_INCOME":null,"PREMIUM_INCOME_YOY":null,"NET_INTEREST_INCOME":null,"NET_INTEREST_INCOME_YOY":null,"FEE_COMMISSION_INCOME":null,"FEE_COMMISSION_INCOME_YOY":null,"ACCOUNTS_RECE_TDAYS":null,"INVENTORY_TDAYS":null,"CURRENT_ASSETS_TDAYS":0.82785206561,"TOTAL_ASSETS_TDAYS":0.448865666758,"PREMIUM_EXPENSE":null,"LOAN_DEPOSIT":null,"LOAN_EQUITY":null,"LOAN_ASSETS":null,"DEPOSIT_EQUITY":null,"DEPOSIT_ASSETS":null,"EQUITY_MULTIPLIER":2.142654413756,"EQUITY_RATIO":1.137135291522},{"SECUCODE":"03978.HK","SECURITY_CODE":"03978","SECURITY_NAME_ABBR":"卓越教育集团","ORG_CODE":"10947323","STD_REPORT_DATE":"2022-06-30 00:00:00","REPORT_DATE":"2022-06-30 00:00:00","DATE_TYPE_CODE":"002","REPORT_TYPE":"2022年中报","PER_NETCASH_OPERATE":-0.075144501848,"PER_OI":0.316853571854,"BPS":0.42173293627,"BASIC_EPS":0.007,"DILUTED_EPS":0.007,"OPERATE_INCOME":268445000,"OPERATE_INCOME_YOY":-75.5147739555,"GROSS_PROFIT":121671000,"GROSS_PROFIT_YOY":-71.162884398886,"HOLDER_PROFIT":5232000,"HOLDER_PROFIT_YOY":-10.3495544894,"GROSS_PROFIT_RATIO":45.324368120099,"EPS_TTM":-0.384356620055,"OPERATE_INCOME_QOQ":-43.60572139762,"NET_PROFIT_RATIO":2.0663450614,"ROE_AVG":1.477650952975,"GROSS_PROFIT_QOQ":-41.167510115213,"ROA":0.473767994944,"HOLDER_PROFIT_QOQ":-0.185828428673,"ROE_YEARLY":2.955301905949,"ROIC_YEARLY":1.320095373863,"TOTAL_ASSETS":890024000,"TOTAL_LIABILITIES":532164000,"TAX_EBT":67.011596788582,"OCF_SALES":-23.71584495893,"TOTAL_PARENT_EQUITY":357301000,"DEBT_ASSET_RATIO":59.7920954941,"OPERATE_PROFIT":25637000,"PRETAX_PROFIT":16815000,"NETCASH_OPERATE":-88229000,"NETCASH_INVEST":479183000,"NETCASH_FINANCE":-291697000,"END_CASH":310437000,"DIVI_RATIO":-0.08252153949,"DIVIDEND_RATE":0.988700564972,"CURRENT_RATIO":1.308192543998,"COMMON_ACS":3000000000,"CURRENTDEBT_DEBT":82.150991047873,"ISSUED_COMMON_SHARES":847221000,"HK_COMMON_SHARES":847221000,"PER_SHARES":1000,"TOTAL_MARKET_CAP":2999162340,"HKSK_MARKET_CAP":2999162340,"PE_TTM":21.77323635224,"PB_TTM":5.22116770044,"REPORT_DATE_SQ":"2021-06-30 00:00:00","REPORT_TYPE_SQ":"2021年中报","OPERATE_INCOME_SQ":1096355000,"DPS_HKD":0.035,"OPERATE_INCOME_QOQ_SQ":19.377911337731,"NET_PROFIT_RATIO_SQ":0.1284255556,"HOLDER_PROFIT_SQ":5836000,"HOLDER_PROFIT_QOQ_SQ":-37.532292269134,"ROE_AVG_SQ":0.783738105774,"PE_TTM_SQ":9.900748863967,"PB_TTM_SQ":1.693895570221,"ROA_SQ":0.17965585253,"START_DATE":"2022-01-01 00:00:00","FISCAL_YEAR":"12-31","CURRENCY":"HKD","IS_CNY_CODE":0,"DPS_HKD_LY":null,"ORG_TYPE":"一般企业","PREMIUM_INCOME":null,"PREMIUM_INCOME_YOY":null,"NET_INTEREST_INCOME":null,"NET_INTEREST_INCOME_YOY":null,"FEE_COMMISSION_INCOME":null,"FEE_COMMISSION_INCOME_YOY":null,"ACCOUNTS_RECE_TDAYS":null,"INVENTORY_TDAYS":null,"CURRENT_ASSETS_TDAYS":0.399508585614,"TOTAL_ASSETS_TDAYS":0.243082280968,"PREMIUM_EXPENSE":null,"LOAN_DEPOSIT":null,"LOAN_EQUITY":null,"LOAN_ASSETS":null,"DEPOSIT_EQUITY":null,"DEPOSIT_ASSETS":null,"EQUITY_MULTIPLIER":2.487073157103,"EQUITY_RATIO":1.489399693816},{"SECUCODE":"03978.HK","SECURITY_CODE":"03978","SECURITY_NAME_ABBR":"卓越教育集团","ORG_CODE":"10947323","STD_REPORT_DATE":"2021-12-31 00:00:00","REPORT_DATE":"2021-12-31 00:00:00","DATE_TYPE_CODE":"001","REPORT_TYPE":"2021年年报","PER_NETCASH_OPERATE":-0.047299346924,"PER_OI":2.241005593582,"BPS":0.414118630204,"BASIC_EPS":-0.432,"DILUTED_EPS":-0.432,"OPERATE_INCOME":1898627000,"OPERATE_INCOME_YOY":12.4913644879,"GROSS_PROFIT":729347000,"GROSS_PROFIT_YOY":18.55715182075,"HOLDER_PROFIT":-325031000,"HOLDER_PROFIT_YOY":-350.6504723347,"GROSS_PROFIT_RATIO":38.414443700632,"EPS_TTM":-0.383643700994,"OPERATE_INCOME_QOQ":-5.768694369529,"NET_PROFIT_RATIO":-17.1488659963,"ROE_AVG":-56.566825589783,"GROSS_PROFIT_QOQ":-4.442802358839,"ROA":-14.437143894615,"HOLDER_PROFIT_QOQ":-501.248071106722,"ROE_YEARLY":-56.566825589783,"ROIC_YEARLY":-18.30964057097,"TOTAL_ASSETS":1318652000,"TOTAL_LIABILITIES":968048000,"TAX_EBT":-19.066391179536,"OCF_SALES":-2.110630471388,"TOTAL_PARENT_EQUITY":350850000,"DEBT_ASSET_RATIO":73.4119388588,"OPERATE_PROFIT":-207430000,"PRETAX_PROFIT":-273455000,"NETCASH_OPERATE":-53430000,"NETCASH_INVEST":-67854000,"NETCASH_FINANCE":-361327000,"END_CASH":211180000,"DIVI_RATIO":-0.08267488797,"DIVIDEND_RATE":0.988700564972,"CURRENT_RATIO":0.943920834016,"COMMON_ACS":3000000000,"CURRENTDEBT_DEBT":84.481967836306,"ISSUED_COMMON_SHARES":847221000,"HK_COMMON_SHARES":847221000,"PER_SHARES":1000,"TOTAL_MARKET_CAP":2999162340,"HKSK_MARKET_CAP":2999162340,"PE_TTM":21.77323635224,"PB_TTM":5.22116770044,"REPORT_DATE_SQ":"2020-12-31 00:00:00","REPORT_TYPE_SQ":"2020年年报","OPERATE_INCOME_SQ":1687798000,"DPS_HKD":0.035,"OPERATE_INCOME_QOQ_SQ":-2.639826345886,"NET_PROFIT_RATIO_SQ":7.5716406821,"HOLDER_PROFIT_SQ":129675000,"HOLDER_PROFIT_QOQ_SQ":13.453428756409,"ROE_AVG_SQ":16.253289356179,"PE_TTM_SQ":9.900748863967,"PB_TTM_SQ":1.693895570221,"ROA_SQ":4.359515923117,"START_DATE":"2021-01-01 00:00:00","FISCAL_YEAR":"12-31","CURRENCY":"HKD","IS_CNY_CODE":0,"DPS_HKD_LY":0.055,"ORG_TYPE":"一般企业","PREMIUM_INCOME":null,"PREMIUM_INCOME_YOY":null,"NET_INTEREST_INCOME":null,"NET_INTEREST_INCOME_YOY":null,"FEE_COMMISSION_INCOME":null,"FEE_COMMISSION_INCOME_YOY":null,"ACCOUNTS_RECE_TDAYS":null,"INVENTORY_TDAYS":null,"CURRENT_ASSETS_TDAYS":1.593078522148,"TOTAL_ASSETS_TDAYS":0.843327288819,"PREMIUM_EXPENSE":null,"LOAN_DEPOSIT":null,"LOAN_EQUITY":null,"LOAN_ASSETS":null,"DEPOSIT_EQUITY":null,"DEPOSIT_ASSETS":null,"EQUITY_MULTIPLIER":3.761086582016,"EQUITY_RATIO":2.759150634174},{"SECUCODE":"03978.HK","SECURITY_CODE":"03978","SECURITY_NAME_ABBR":"卓越教育集团","ORG_CODE":"10947323","STD_REPORT_DATE":"2021-06-30 00:00:00","REPORT_DATE":"2021-06-30 00:00:00","DATE_TYPE_CODE":"002","REPORT_TYPE":"2021年中报","PER_NETCASH_OPERATE":0.240764806349,"PER_OI":1.294060227497,"BPS":0.815525110921,"BASIC_EPS":0.008,"DILUTED_EPS":0.008,"OPERATE_INCOME":1096355000,"OPERATE_INCOME_YOY":42.5142500601,"GROSS_PROFIT":421925000,"GROSS_PROFIT_YOY":54.069321609325,"HOLDER_PROFIT":5836000,"HOLDER_PROFIT_YOY":-89.2929218802,"GROSS_PROFIT_RATIO":38.484341294562,"EPS_TTM":0.095612596949,"OPERATE_INCOME_QOQ":19.377911337731,"NET_PROFIT_RATIO":0.1284255556,"ROE_AVG":0.783738105774,"GROSS_PROFIT_QOQ":24.069305868469,"ROA":0.17965585253,"HOLDER_PROFIT_QOQ":-37.532292269134,"ROE_YEARLY":1.567476211548,"ROIC_YEARLY":0.42960940768,"TOTAL_ASSETS":3312813000,"TOTAL_LIABILITIES":2628764000,"TAX_EBT":83.7074751215,"OCF_SALES":18.605378732254,"TOTAL_PARENT_EQUITY":690930000,"DEBT_ASSET_RATIO":79.3514152474,"OPERATE_PROFIT":40978000,"PRETAX_PROFIT":8642000,"NETCASH_OPERATE":203981000,"NETCASH_INVEST":-507763000,"NETCASH_FINANCE":-183782000,"END_CASH":205759000,"DIVI_RATIO":0.331731393268,"DIVIDEND_RATE":0.988700564972,"CURRENT_RATIO":0.978007715065,"COMMON_ACS":3000000000,"CURRENTDEBT_DEBT":62.95521393324,"ISSUED_COMMON_SHARES":847221000,"HK_COMMON_SHARES":847221000,"PER_SHARES":1000,"TOTAL_MARKET_CAP":2999162340,"HKSK_MARKET_CAP":2999162340,"PE_TTM":21.77323635224,"PB_TTM":5.22116770044,"REPORT_DATE_SQ":"2020-06-30 00:00:00","REPORT_TYPE_SQ":"2020年中报","OPERATE_INCOME_SQ":769295000,"DPS_HKD":0.035,"OPERATE_INCOME_QOQ_SQ":-5.356104575777,"NET_PROFIT_RATIO_SQ":6.8874748958,"HOLDER_PROFIT_SQ":54506000,"HOLDER_PROFIT_QOQ_SQ":-15.676481220536,"ROE_AVG_SQ":6.878579306968,"PE_TTM_SQ":9.900748863967,"PB_TTM_SQ":1.693895570221,"ROA_SQ":1.984533989869,"START_DATE":"2021-01-01 00:00:00","FISCAL_YEAR":"12-31","CURRENCY":"HKD","IS_CNY_CODE":0,"DPS_HKD_LY":0.055,"ORG_TYPE":"一般企业","PREMIUM_INCOME":null,"PREMIUM_INCOME_YOY":null,"NET_INTEREST_INCOME":null,"NET_INTEREST_INCOME_YOY":null,"FEE_COMMISSION_INCOME":null,"FEE_COMMISSION_INCOME_YOY":null,"ACCOUNTS_RECE_TDAYS":null,"INVENTORY_TDAYS":null,"CURRENT_ASSETS_TDAYS":0.678819756175,"TOTAL_ASSETS_TDAYS":0.337502728239,"PREMIUM_EXPENSE":null,"LOAN_DEPOSIT":null,"LOAN_EQUITY":null,"LOAN_ASSETS":null,"DEPOSIT_EQUITY":null,"DEPOSIT_ASSETS":null,"EQUITY_MULTIPLIER":4.842946923392,"EQUITY_RATIO":3.804674858524},{"SECUCODE":"03978.HK","SECURITY_CODE":"03978","SECURITY_NAME_ABBR":"卓越教育集团","ORG_CODE":"10947323","STD_REPORT_DATE":"2020-12-31 00:00:00","REPORT_DATE":"2020-12-31 00:00:00","DATE_TYPE_CODE":"001","REPORT_TYPE":"2020年年报","PER_NETCASH_OPERATE":0.530553594125,"PER_OI":1.986299016147,"BPS":0.942307851198,"BASIC_EPS":0.164,"DILUTED_EPS":0.16,"OPERATE_INCOME":1687798000,"OPERATE_INCOME_YOY":-7.854539062,"GROSS_PROFIT":615186000,"GROSS_PROFIT_YOY":-19.858315865992,"HOLDER_PROFIT":129675000,"HOLDER_PROFIT_YOY":-4.3320766966,"GROSS_PROFIT_RATIO":36.449030037955,"EPS_TTM":0.152609094761,"OPERATE_INCOME_QOQ":-2.639826345886,"NET_PROFIT_RATIO":7.5716406821,"ROE_AVG":16.253289356179,"GROSS_PROFIT_QOQ":-9.891243051639,"ROA":4.359515923117,"HOLDER_PROFIT_QOQ":13.453428756409,"ROE_YEARLY":16.253289356179,"ROIC_YEARLY":5.123407244599,"TOTAL_ASSETS":3184053000,"TOTAL_LIABILITIES":2388183000,"TAX_EBT":10.639190540456,"OCF_SALES":26.710660872924,"TOTAL_PARENT_EQUITY":798343000,"DEBT_ASSET_RATIO":75.0044989829,"OPERATE_PROFIT":208173000,"PRETAX_PROFIT":143009000,"NETCASH_OPERATE":450822000,"NETCASH_INVEST":45227000,"NETCASH_FINANCE":1377000,"END_CASH":693733000,"DIVI_RATIO":0.207836237085,"DIVIDEND_RATE":0.988700564972,"CURRENT_RATIO":1.055519097338,"COMMON_ACS":3000000000,"CURRENTDEBT_DEBT":63.934045255326,"ISSUED_COMMON_SHARES":847221000,"HK_COMMON_SHARES":847221000,"PER_SHARES":1000,"TOTAL_MARKET_CAP":2999162340,"HKSK_MARKET_CAP":2999162340,"PE_TTM":21.77323635224,"PB_TTM":5.22116770044,"REPORT_DATE_SQ":"2019-12-31 00:00:00","REPORT_TYPE_SQ":"2019年年报","OPERATE_INCOME_SQ":1831667000,"DPS_HKD":0.035,"OPERATE_INCOME_QOQ_SQ":13.203315383555,"NET_PROFIT_RATIO_SQ":7.3638385143,"HOLDER_PROFIT_SQ":135547000,"HOLDER_PROFIT_QOQ_SQ":91.992917847026,"ROE_AVG_SQ":19.08497118535,"PE_TTM_SQ":9.900748863967,"PB_TTM_SQ":1.693895570221,"ROA_SQ":6.447520634425,"START_DATE":"2020-01-01 00:00:00","FISCAL_YEAR":"12-31","CURRENCY":"HKD","IS_CNY_CODE":0,"DPS_HKD_LY":0.02,"ORG_TYPE":"一般企业","PREMIUM_INCOME":null,"PREMIUM_INCOME_YOY":null,"NET_INTEREST_INCOME":null,"NET_INTEREST_INCOME_YOY":null,"FEE_COMMISSION_INCOME":null,"FEE_COMMISSION_INCOME_YOY":null,"ACCOUNTS_RECE_TDAYS":null,"INVENTORY_TDAYS":null,"CURRENT_ASSETS_TDAYS":1.163863371739,"TOTAL_ASSETS_TDAYS":0.567417178022,"PREMIUM_EXPENSE":null,"LOAN_DEPOSIT":null,"LOAN_EQUITY":null,"LOAN_ASSETS":null,"DEPOSIT_EQUITY":null,"DEPOSIT_ASSETS":null,"EQUITY_MULTIPLIER":4.000719966829,"EQUITY_RATIO":2.99142473849},{"SECUCODE":"03978.HK","SECURITY_CODE":"03978","SECURITY_NAME_ABBR":"卓越教育集团","ORG_CODE":"10947323","STD_REPORT_DATE":"2020-06-30 00:00:00","REPORT_DATE":"2020-06-30 00:00:00","DATE_TYPE_CODE":"002","REPORT_TYPE":"2020年中报","PER_NETCASH_OPERATE":-0.136171915455,"PER_OI":0.905351174505,"BPS":0.929474127766,"BASIC_EPS":0.069,"DILUTED_EPS":0.067,"OPERATE_INCOME":769295000,"OPERATE_INCOME_YOY":-11.3103397391,"GROSS_PROFIT":273854000,"GROSS_PROFIT_YOY":-23.666943544746,"HOLDER_PROFIT":54506000,"HOLDER_PROFIT_YOY":-28.0496336875,"GROSS_PROFIT_RATIO":35.598047563029,"EPS_TTM":0.134512545309,"OPERATE_INCOME_QOQ":-5.356104575777,"NET_PROFIT_RATIO":6.8874748958,"ROE_AVG":6.878579306968,"GROSS_PROFIT_QOQ":-11.061158928276,"ROA":1.984533989869,"HOLDER_PROFIT_QOQ":-15.676481220536,"ROE_YEARLY":13.757158613936,"ROIC_YEARLY":4.292647582895,"TOTAL_ASSETS":2728076000,"TOTAL_LIABILITIES":1942799000,"TAX_EBT":4.457507618515,"OCF_SALES":-15.040784094528,"TOTAL_PARENT_EQUITY":787470000,"DEBT_ASSET_RATIO":71.2149881455,"OPERATE_PROFIT":88322000,"PRETAX_PROFIT":55457000,"NETCASH_OPERATE":-115708000,"NETCASH_INVEST":62214000,"NETCASH_FINANCE":77429000,"END_CASH":220527000,"DIVI_RATIO":0.235797337171,"DIVIDEND_RATE":0.988700564972,"CURRENT_RATIO":0.991102030734,"COMMON_ACS":3000000000,"CURRENTDEBT_DEBT":60.010531197515,"ISSUED_COMMON_SHARES":847221000,"HK_COMMON_SHARES":847221000,"PER_SHARES":1000,"TOTAL_MARKET_CAP":2999162340,"HKSK_MARKET_CAP":2999162340,"PE_TTM":21.77323635224,"PB_TTM":5.22116770044,"REPORT_DATE_SQ":"2019-06-30 00:00:00","REPORT_TYPE_SQ":"2019年中报","OPERATE_INCOME_SQ":867401000,"DPS_HKD":0.035,"OPERATE_INCOME_QOQ_SQ":9.790344075106,"NET_PROFIT_RATIO_SQ":8.6760333456,"HOLDER_PROFIT_SQ":75755000,"HOLDER_PROFIT_QOQ_SQ":28.599792345944,"ROE_AVG_SQ":11.425309424466,"PE_TTM_SQ":9.900748863967,"PB_TTM_SQ":1.693895570221,"ROA_SQ":3.872772855264,"START_DATE":"2020-01-01 00:00:00","FISCAL_YEAR":"12-31","CURRENCY":"HKD","IS_CNY_CODE":0,"DPS_HKD_LY":0.02,"ORG_TYPE":"一般企业","PREMIUM_INCOME":null,"PREMIUM_INCOME_YOY":null,"NET_INTEREST_INCOME":null,"NET_INTEREST_INCOME_YOY":null,"FEE_COMMISSION_INCOME":null,"FEE_COMMISSION_INCOME_YOY":null,"ACCOUNTS_RECE_TDAYS":null,"INVENTORY_TDAYS":null,"CURRENT_ASSETS_TDAYS":0.629482267313,"TOTAL_ASSETS_TDAYS":0.2800961501,"PREMIUM_EXPENSE":null,"LOAN_DEPOSIT":null,"LOAN_EQUITY":null,"LOAN_ASSETS":null,"DEPOSIT_EQUITY":null,"DEPOSIT_ASSETS":null,"EQUITY_MULTIPLIER":3.474030182981,"EQUITY_RATIO":2.467140335505}],"count":17},"success":true,"message":"ok","code":0}