{"version":"2c2db80ae9861f6750c2203ae34aedd6","result":{"pages":9,"data":[{"SECUCODE":"03988.HK","SECURITY_CODE":"03988","SECURITY_NAME_ABBR":"中国银行","ORG_CODE":"10008273","STD_REPORT_DATE":"2024-09-30 00:00:00","REPORT_DATE":"2024-09-30 00:00:00","DATE_TYPE_CODE":"004","REPORT_TYPE":"2024年三季报","PER_NETCASH_OPERATE":0.571148006143,"PER_OI":1.627462191894,"BPS":7.991479504237,"BASIC_EPS":0.55,"DILUTED_EPS":0.55,"OPERATE_INCOME":479105000000,"OPERATE_INCOME_YOY":1.7354947211,"GROSS_PROFIT":null,"GROSS_PROFIT_YOY":null,"HOLDER_PROFIT":175763000000,"HOLDER_PROFIT_YOY":0.5175628224,"GROSS_PROFIT_RATIO":null,"EPS_TTM":0.790824235674,"OPERATE_INCOME_QOQ":1.598913811942,"NET_PROFIT_RATIO":39.1331754,"ROE_AVG":6.544137454327,"GROSS_PROFIT_QOQ":null,"ROA":0.528601353294,"HOLDER_PROFIT_QOQ":1.041187448461,"ROE_YEARLY":8.725516605769,"ROIC_YEARLY":0.539648488382,"TOTAL_ASSETS":34068988000000,"TOTAL_LIABILITIES":31195005000000,"TAX_EBT":15.289455968264,"OCF_SALES":35.094394756891,"TOTAL_PARENT_EQUITY":2742107000000,"DEBT_ASSET_RATIO":91.5642255062,"OPERATE_PROFIT":220563000000,"PRETAX_PROFIT":221329000000,"NETCASH_OPERATE":168139000000,"NETCASH_INVEST":-816714000000,"NETCASH_FINANCE":125006000000,"END_CASH":1989205000000,"DIVI_RATIO":0.447585929966,"DIVIDEND_RATE":9.019920138889,"CURRENT_RATIO":null,"COMMON_ACS":null,"CURRENTDEBT_DEBT":null,"ISSUED_COMMON_SHARES":294387791241,"HK_COMMON_SHARES":83622276395,"PER_SHARES":1000,"TOTAL_MARKET_CAP":1271755258161.12,"HKSK_MARKET_CAP":361248234026.4,"PE_TTM":4.88660772509,"PB_TTM":0.487485802589,"REPORT_DATE_SQ":"2023-09-30 00:00:00","REPORT_TYPE_SQ":"2023年三季报","OPERATE_INCOME_SQ":470932000000,"DPS_HKD":0.38966055,"OPERATE_INCOME_QOQ_SQ":0.779298460928,"NET_PROFIT_RATIO_SQ":39.6029575395,"HOLDER_PROFIT_SQ":174858000000,"HOLDER_PROFIT_QOQ_SQ":0.765427882068,"ROE_AVG_SQ":7.009064267593,"PE_TTM_SQ":3.547036708658,"PB_TTM_SQ":0.38288338408,"ROA_SQ":0.576340845401,"START_DATE":"2024-01-01 00:00:00","FISCAL_YEAR":"12-31","CURRENCY":"HKD","IS_CNY_CODE":0,"DPS_HKD_LY":0.25906963,"ORG_TYPE":"银行","PREMIUM_INCOME":null,"PREMIUM_INCOME_YOY":null,"NET_INTEREST_INCOME":335997000000,"NET_INTEREST_INCOME_YOY":-4.809163333069,"FEE_COMMISSION_INCOME":60693000000,"FEE_COMMISSION_INCOME_YOY":null,"ACCOUNTS_RECE_TDAYS":null,"INVENTORY_TDAYS":null,"CURRENT_ASSETS_TDAYS":null,"TOTAL_ASSETS_TDAYS":0.014408922889,"PREMIUM_EXPENSE":null,"LOAN_DEPOSIT":93.289608922243,"LOAN_EQUITY":7.696480459349,"LOAN_ASSETS":64.925773551008,"DEPOSIT_EQUITY":8.250094033263,"DEPOSIT_ASSETS":69.595932817259,"EQUITY_MULTIPLIER":11.854276103931,"EQUITY_RATIO":11.376290203118},{"SECUCODE":"03988.HK","SECURITY_CODE":"03988","SECURITY_NAME_ABBR":"中国银行","ORG_CODE":"10008273","STD_REPORT_DATE":"2024-06-30 00:00:00","REPORT_DATE":"2024-06-30 00:00:00","DATE_TYPE_CODE":"002","REPORT_TYPE":"2024年中报","PER_NETCASH_OPERATE":-0.22570908841,"PER_OI":1.079966661184,"BPS":7.776504556624,"BASIC_EPS":0.36,"DILUTED_EPS":0.36,"OPERATE_INCOME":317929000000,"OPERATE_INCOME_YOY":-0.5561342104,"GROSS_PROFIT":null,"GROSS_PROFIT_YOY":null,"HOLDER_PROFIT":118601000000,"HOLDER_PROFIT_YOY":-1.2440151547,"GROSS_PROFIT_RATIO":null,"EPS_TTM":0.782675120557,"OPERATE_INCOME_QOQ":0.549470966575,"NET_PROFIT_RATIO":39.8000811502,"ROE_AVG":4.493882630703,"GROSS_PROFIT_QOQ":null,"ROA":0.357558075602,"HOLDER_PROFIT_QOQ":0.078182686878,"ROE_YEARLY":8.987765261406,"ROIC_YEARLY":0.733313717666,"TOTAL_ASSETS":33907267000000,"TOTAL_LIABILITIES":31128291000000,"TAX_EBT":15.19205377908,"OCF_SALES":-20.899634824127,"TOTAL_PARENT_EQUITY":2648821000000,"DEBT_ASSET_RATIO":91.8041875802,"OPERATE_PROFIT":149060000000,"PRETAX_PROFIT":149203000000,"NETCASH_OPERATE":-66446000000,"NETCASH_INVEST":-159087000000,"NETCASH_FINANCE":177112000000,"END_CASH":2460830000000,"DIVI_RATIO":0.45224613849,"DIVIDEND_RATE":9.74151375,"CURRENT_RATIO":null,"COMMON_ACS":null,"CURRENTDEBT_DEBT":null,"ISSUED_COMMON_SHARES":294387791241,"HK_COMMON_SHARES":83622276395,"PER_SHARES":1000,"TOTAL_MARKET_CAP":1177551164964,"HKSK_MARKET_CAP":334489105580,"PE_TTM":4.524636782491,"PB_TTM":0.451375743138,"REPORT_DATE_SQ":"2023-06-30 00:00:00","REPORT_TYPE_SQ":"2023年中报","OPERATE_INCOME_SQ":319707000000,"DPS_HKD":0.38966055,"OPERATE_INCOME_QOQ_SQ":1.352255486765,"NET_PROFIT_RATIO_SQ":39.9390692102,"HOLDER_PROFIT_SQ":120095000000,"HOLDER_PROFIT_QOQ_SQ":0.282797233505,"ROE_AVG_SQ":4.862699939285,"PE_TTM_SQ":3.396836457151,"PB_TTM_SQ":0.366670081171,"ROA_SQ":0.400322691523,"START_DATE":"2024-01-01 00:00:00","FISCAL_YEAR":"12-31","CURRENCY":"HKD","IS_CNY_CODE":0,"DPS_HKD_LY":0.25906963,"ORG_TYPE":"银行","PREMIUM_INCOME":null,"PREMIUM_INCOME_YOY":null,"NET_INTEREST_INCOME":226760000000,"NET_INTEREST_INCOME_YOY":-3.090703955691,"FEE_COMMISSION_INCOME":42860000000,"FEE_COMMISSION_INCOME_YOY":null,"ACCOUNTS_RECE_TDAYS":null,"INVENTORY_TDAYS":null,"CURRENT_ASSETS_TDAYS":null,"TOTAL_ASSETS_TDAYS":0.009584917616,"PREMIUM_EXPENSE":null,"LOAN_DEPOSIT":93.494312019285,"LOAN_EQUITY":7.950182369333,"LOAN_ASSETS":65.158203402238,"DEPOSIT_EQUITY":8.503386139355,"DEPOSIT_ASSETS":69.692157731262,"EQUITY_MULTIPLIER":12.201352944391,"EQUITY_RATIO":11.751753327235},{"SECUCODE":"03988.HK","SECURITY_CODE":"03988","SECURITY_NAME_ABBR":"中国银行","ORG_CODE":"10008273","STD_REPORT_DATE":"2024-03-31 00:00:00","REPORT_DATE":"2024-03-31 00:00:00","DATE_TYPE_CODE":"003","REPORT_TYPE":"2024年一季报","PER_NETCASH_OPERATE":0.011005891197,"PER_OI":0.54702676127,"BPS":7.792354398699,"BASIC_EPS":0.18,"DILUTED_EPS":0.18,"OPERATE_INCOME":161038000000,"OPERATE_INCOME_YOY":-3.1158064458,"GROSS_PROFIT":null,"GROSS_PROFIT_YOY":null,"HOLDER_PROFIT":55989000000,"HOLDER_PROFIT_YOY":-2.903074762,"GROSS_PROFIT_RATIO":null,"EPS_TTM":0.782063682157,"OPERATE_INCOME_QOQ":-0.829784438698,"NET_PROFIT_RATIO":37.2415206349,"ROE_AVG":2.119592345027,"GROSS_PROFIT_QOQ":null,"ROA":0.169429484816,"HOLDER_PROFIT_QOQ":-0.721850420864,"ROE_YEARLY":8.478369380108,"ROIC_YEARLY":0.695482794901,"TOTAL_ASSETS":33659046000000,"TOTAL_LIABILITIES":30874854000000,"TAX_EBT":16.584836641306,"OCF_SALES":2.011947490654,"TOTAL_PARENT_EQUITY":2653487000000,"DEBT_ASSET_RATIO":91.7282504085,"OPERATE_PROFIT":71814000000,"PRETAX_PROFIT":71897000000,"NETCASH_OPERATE":3240000000,"NETCASH_INVEST":-148016000000,"NETCASH_FINANCE":52762000000,"END_CASH":2416045000000,"DIVI_RATIO":0.452599716673,"DIVIDEND_RATE":9.74151375,"CURRENT_RATIO":null,"COMMON_ACS":null,"CURRENTDEBT_DEBT":null,"ISSUED_COMMON_SHARES":294387791241,"HK_COMMON_SHARES":83622276395,"PER_SHARES":1000,"TOTAL_MARKET_CAP":1177551164964,"HKSK_MARKET_CAP":334489105580,"PE_TTM":4.524636782491,"PB_TTM":0.451375743138,"REPORT_DATE_SQ":"2023-03-31 00:00:00","REPORT_TYPE_SQ":"2023年一季报","OPERATE_INCOME_SQ":166217000000,"DPS_HKD":0.38966055,"OPERATE_INCOME_QOQ_SQ":2.838619437638,"NET_PROFIT_RATIO_SQ":37.1351907446,"HOLDER_PROFIT_SQ":57663000000,"HOLDER_PROFIT_QOQ_SQ":0.125748002761,"ROE_AVG_SQ":2.353173548131,"PE_TTM_SQ":3.396836457151,"PB_TTM_SQ":0.366670081171,"ROA_SQ":0.194480396563,"START_DATE":"2024-01-01 00:00:00","FISCAL_YEAR":"12-31","CURRENCY":"HKD","IS_CNY_CODE":0,"DPS_HKD_LY":0.25906963,"ORG_TYPE":"银行","PREMIUM_INCOME":null,"PREMIUM_INCOME_YOY":null,"NET_INTEREST_INCOME":112712000000,"NET_INTEREST_INCOME_YOY":-3.939182163738,"FEE_COMMISSION_INCOME":25127000000,"FEE_COMMISSION_INCOME_YOY":null,"ACCOUNTS_RECE_TDAYS":null,"INVENTORY_TDAYS":null,"CURRENT_ASSETS_TDAYS":null,"TOTAL_ASSETS_TDAYS":0.004873204625,"PREMIUM_EXPENSE":null,"LOAN_DEPOSIT":89.759834776322,"LOAN_EQUITY":7.771552752109,"LOAN_ASSETS":64.284338302399,"DEPOSIT_EQUITY":8.658162942786,"DEPOSIT_ASSETS":71.618155784926,"EQUITY_MULTIPLIER":12.089340821289,"EQUITY_RATIO":11.635577638029},{"SECUCODE":"03988.HK","SECURITY_CODE":"03988","SECURITY_NAME_ABBR":"中国银行","ORG_CODE":"10008273","STD_REPORT_DATE":"2023-12-31 00:00:00","REPORT_DATE":"2023-12-31 00:00:00","DATE_TYPE_CODE":"001","REPORT_TYPE":"2023年年报","PER_NETCASH_OPERATE":2.773369087618,"PER_OI":2.120121888781,"BPS":7.575059382046,"BASIC_EPS":0.74,"DILUTED_EPS":0.74,"OPERATE_INCOME":624138000000,"OPERATE_INCOME_YOY":6.4244681232,"GROSS_PROFIT":null,"GROSS_PROFIT_YOY":null,"HOLDER_PROFIT":231904000000,"HOLDER_PROFIT_YOY":2.3759281659,"GROSS_PROFIT_RATIO":null,"EPS_TTM":0.787750059275,"OPERATE_INCOME_QOQ":-4.030887840911,"NET_PROFIT_RATIO":39.4738022681,"ROE_AVG":9.177986746962,"GROSS_PROFIT_QOQ":null,"ROA":0.756052270903,"HOLDER_PROFIT_QOQ":0.776561488286,"ROE_YEARLY":9.177986746962,"ROIC_YEARLY":0.776965263551,"TOTAL_ASSETS":32432166000000,"TOTAL_LIABILITIES":29675351000000,"TAX_EBT":16.656179805689,"OCF_SALES":130.811775600909,"TOTAL_PARENT_EQUITY":2629510000000,"DEBT_ASSET_RATIO":91.4997505871,"OPERATE_PROFIT":294643000000,"PRETAX_PROFIT":295608000000,"NETCASH_OPERATE":816446000000,"NETCASH_INVEST":-539428000000,"NETCASH_FINANCE":119862000000,"END_CASH":2516725000000,"DIVI_RATIO":0.449332623713,"DIVIDEND_RATE":9.74151375,"CURRENT_RATIO":null,"COMMON_ACS":null,"CURRENTDEBT_DEBT":null,"ISSUED_COMMON_SHARES":294387791241,"HK_COMMON_SHARES":83622276395,"PER_SHARES":1000,"TOTAL_MARKET_CAP":1177551164964,"HKSK_MARKET_CAP":334489105580,"PE_TTM":4.524636782491,"PB_TTM":0.451375743138,"REPORT_DATE_SQ":"2022-12-31 00:00:00","REPORT_TYPE_SQ":"2022年年报","OPERATE_INCOME_SQ":586461000000,"DPS_HKD":0.38966055,"OPERATE_INCOME_QOQ_SQ":0.223874798464,"NET_PROFIT_RATIO_SQ":38.3603681887,"HOLDER_PROFIT_SQ":226522000000,"HOLDER_PROFIT_QOQ_SQ":0.584653077831,"ROE_AVG_SQ":9.77655756541,"PE_TTM_SQ":3.396836457151,"PB_TTM_SQ":0.366670081171,"ROA_SQ":0.817592625961,"START_DATE":"2023-01-01 00:00:00","FISCAL_YEAR":"12-31","CURRENCY":"HKD","IS_CNY_CODE":0,"DPS_HKD_LY":0.25190175,"ORG_TYPE":"银行","PREMIUM_INCOME":null,"PREMIUM_INCOME_YOY":null,"NET_INTEREST_INCOME":466545000000,"NET_INTEREST_INCOME_YOY":1.584920285847,"FEE_COMMISSION_INCOME":78865000000,"FEE_COMMISSION_INCOME_YOY":null,"ACCOUNTS_RECE_TDAYS":null,"INVENTORY_TDAYS":null,"CURRENT_ASSETS_TDAYS":null,"TOTAL_ASSETS_TDAYS":0.020348116128,"PREMIUM_EXPENSE":null,"LOAN_DEPOSIT":90.412161321515,"LOAN_EQUITY":7.512567582518,"LOAN_ASSETS":63.858698182539,"DEPOSIT_EQUITY":8.309244544882,"DEPOSIT_ASSETS":70.630651064132,"EQUITY_MULTIPLIER":11.764360684316,"EQUITY_RATIO":11.285506044852},{"SECUCODE":"03988.HK","SECURITY_CODE":"03988","SECURITY_NAME_ABBR":"中国银行","ORG_CODE":"10008273","STD_REPORT_DATE":"2023-09-30 00:00:00","REPORT_DATE":"2023-09-30 00:00:00","DATE_TYPE_CODE":"004","REPORT_TYPE":"2023年三季报","PER_NETCASH_OPERATE":1.651423783407,"PER_OI":1.599699491663,"BPS":7.357655665234,"BASIC_EPS":0.55,"DILUTED_EPS":0.55,"OPERATE_INCOME":470932000000,"OPERATE_INCOME_YOY":7.0986404923,"GROSS_PROFIT":null,"GROSS_PROFIT_YOY":null,"HOLDER_PROFIT":174858000000,"HOLDER_PROFIT_YOY":1.5553490533,"GROSS_PROFIT_RATIO":null,"EPS_TTM":0.781679834717,"OPERATE_INCOME_QOQ":0.779298460928,"NET_PROFIT_RATIO":39.6029575395,"ROE_AVG":7.009064267593,"GROSS_PROFIT_QOQ":null,"ROA":0.576340845401,"HOLDER_PROFIT_QOQ":0.765427882068,"ROE_YEARLY":9.345419023458,"ROIC_YEARLY":0.594157953089,"TOTAL_ASSETS":31764820000000,"TOTAL_LIABILITIES":29074713000000,"TAX_EBT":16.596009194415,"OCF_SALES":103.233375519183,"TOTAL_PARENT_EQUITY":2565509000000,"DEBT_ASSET_RATIO":91.5311750547,"OPERATE_PROFIT":223006000000,"PRETAX_PROFIT":223614000000,"NETCASH_OPERATE":486159000000,"NETCASH_INVEST":-278812000000,"NETCASH_FINANCE":-24791000000,"END_CASH":2300981000000,"DIVI_RATIO":0.452821967823,"DIVIDEND_RATE":9.74151375,"CURRENT_RATIO":null,"COMMON_ACS":null,"CURRENTDEBT_DEBT":null,"ISSUED_COMMON_SHARES":294387791241,"HK_COMMON_SHARES":83622276395,"PER_SHARES":1000,"TOTAL_MARKET_CAP":1177551164964,"HKSK_MARKET_CAP":334489105580,"PE_TTM":4.524636782491,"PB_TTM":0.451375743138,"REPORT_DATE_SQ":"2022-09-30 00:00:00","REPORT_TYPE_SQ":"2022年三季报","OPERATE_INCOME_SQ":439718000000,"DPS_HKD":0.38966055,"OPERATE_INCOME_QOQ_SQ":0.2081194148,"NET_PROFIT_RATIO_SQ":38.6841362921,"HOLDER_PROFIT_SQ":172180000000,"HOLDER_PROFIT_QOQ_SQ":1.094022443779,"ROE_AVG_SQ":7.51313695313,"PE_TTM_SQ":3.396836457151,"PB_TTM_SQ":0.366670081171,"ROA_SQ":0.625273485575,"START_DATE":"2023-01-01 00:00:00","FISCAL_YEAR":"12-31","CURRENCY":"HKD","IS_CNY_CODE":0,"DPS_HKD_LY":0.25190175,"ORG_TYPE":"银行","PREMIUM_INCOME":null,"PREMIUM_INCOME_YOY":null,"NET_INTEREST_INCOME":352972000000,"NET_INTEREST_INCOME_YOY":3.213921241239,"FEE_COMMISSION_INCOME":63173000000,"FEE_COMMISSION_INCOME_YOY":null,"ACCOUNTS_RECE_TDAYS":null,"INVENTORY_TDAYS":null,"CURRENT_ASSETS_TDAYS":null,"TOTAL_ASSETS_TDAYS":0.015522157808,"PREMIUM_EXPENSE":null,"LOAN_DEPOSIT":90.760444082155,"LOAN_EQUITY":7.654966140752,"LOAN_ASSETS":64.828568208477,"DEPOSIT_EQUITY":8.434253730428,"DEPOSIT_ASSETS":71.428218387512,"EQUITY_MULTIPLIER":11.808013584635,"EQUITY_RATIO":11.332921849037},{"SECUCODE":"03988.HK","SECURITY_CODE":"03988","SECURITY_NAME_ABBR":"中国银行","ORG_CODE":"10008273","STD_REPORT_DATE":"2023-06-30 00:00:00","REPORT_DATE":"2023-06-30 00:00:00","DATE_TYPE_CODE":"002","REPORT_TYPE":"2023年中报","PER_NETCASH_OPERATE":2.157976719489,"PER_OI":1.086006313823,"BPS":7.187658805687,"BASIC_EPS":0.37,"DILUTED_EPS":0.37,"OPERATE_INCOME":319707000000,"OPERATE_INCOME_YOY":8.9209667418,"GROSS_PROFIT":null,"GROSS_PROFIT_YOY":null,"HOLDER_PROFIT":120095000000,"HOLDER_PROFIT_YOY":0.7804304955,"GROSS_PROFIT_RATIO":null,"EPS_TTM":0.775742088479,"OPERATE_INCOME_QOQ":1.352255486765,"NET_PROFIT_RATIO":39.9390692102,"ROE_AVG":4.862699939285,"GROSS_PROFIT_QOQ":null,"ROA":0.400322691523,"HOLDER_PROFIT_QOQ":0.282797233505,"ROE_YEARLY":9.725399878569,"ROIC_YEARLY":0.826483278381,"TOTAL_ASSETS":31085240000000,"TOTAL_LIABILITIES":28423477000000,"TAX_EBT":17.577572796106,"OCF_SALES":198.707566615682,"TOTAL_PARENT_EQUITY":2515464000000,"DEBT_ASSET_RATIO":91.437212645,"OPERATE_PROFIT":154826000000,"PRETAX_PROFIT":154919000000,"NETCASH_OPERATE":635282000000,"NETCASH_INVEST":-258776000000,"NETCASH_FINANCE":-254636000000,"END_CASH":2258245000000,"DIVI_RATIO":0.456287993421,"DIVIDEND_RATE":9.74151375,"CURRENT_RATIO":null,"COMMON_ACS":null,"CURRENTDEBT_DEBT":null,"ISSUED_COMMON_SHARES":294387791241,"HK_COMMON_SHARES":83622276395,"PER_SHARES":1000,"TOTAL_MARKET_CAP":1177551164964,"HKSK_MARKET_CAP":334489105580,"PE_TTM":4.524636782491,"PB_TTM":0.451375743138,"REPORT_DATE_SQ":"2022-06-30 00:00:00","REPORT_TYPE_SQ":"2022年中报","OPERATE_INCOME_SQ":293522000000,"DPS_HKD":0.38966055,"OPERATE_INCOME_QOQ_SQ":1.226761160062,"NET_PROFIT_RATIO_SQ":39.6360459295,"HOLDER_PROFIT_SQ":119165000000,"HOLDER_PROFIT_QOQ_SQ":1.52005482909,"ROE_AVG_SQ":5.282545298451,"PE_TTM_SQ":3.396836457151,"PB_TTM_SQ":0.366670081171,"ROA_SQ":0.437877267227,"START_DATE":"2023-01-01 00:00:00","FISCAL_YEAR":"12-31","CURRENCY":"HKD","IS_CNY_CODE":0,"DPS_HKD_LY":0.25190175,"ORG_TYPE":"银行","PREMIUM_INCOME":null,"PREMIUM_INCOME_YOY":null,"NET_INTEREST_INCOME":233992000000,"NET_INTEREST_INCOME_YOY":4.750649118095,"FEE_COMMISSION_INCOME":46376000000,"FEE_COMMISSION_INCOME_YOY":null,"ACCOUNTS_RECE_TDAYS":null,"INVENTORY_TDAYS":null,"CURRENT_ASSETS_TDAYS":null,"TOTAL_ASSETS_TDAYS":0.010657060389,"PREMIUM_EXPENSE":null,"LOAN_DEPOSIT":89.58956162313,"LOAN_EQUITY":7.555985262399,"LOAN_ASSETS":64.700295059649,"DEPOSIT_EQUITY":8.434001825106,"DEPOSIT_ASSETS":72.218564180299,"EQUITY_MULTIPLIER":11.678440191745,"EQUITY_RATIO":11.299496633623},{"SECUCODE":"03988.HK","SECURITY_CODE":"03988","SECURITY_NAME_ABBR":"中国银行","ORG_CODE":"10008273","STD_REPORT_DATE":"2023-03-31 00:00:00","REPORT_DATE":"2023-03-31 00:00:00","DATE_TYPE_CODE":"003","REPORT_TYPE":"2023年一季报","PER_NETCASH_OPERATE":1.660255671404,"PER_OI":0.564619202785,"BPS":7.158561131616,"BASIC_EPS":0.19,"DILUTED_EPS":0.19,"OPERATE_INCOME":166217000000,"OPERATE_INCOME_YOY":11.8237106605,"GROSS_PROFIT":null,"GROSS_PROFIT_YOY":null,"HOLDER_PROFIT":57663000000,"HOLDER_PROFIT_YOY":0.4984575701,"GROSS_PROFIT_RATIO":null,"EPS_TTM":0.77355449776,"OPERATE_INCOME_QOQ":2.838619437638,"NET_PROFIT_RATIO":37.1351907446,"ROE_AVG":2.353173548131,"GROSS_PROFIT_QOQ":null,"ROA":0.194480396563,"HOLDER_PROFIT_QOQ":0.125748002761,"ROE_YEARLY":9.412694192522,"ROIC_YEARLY":0.802931382546,"TOTAL_ASSETS":30385693000000,"TOTAL_LIABILITIES":27768069000000,"TAX_EBT":22.144019374125,"OCF_SALES":294.04874350999,"TOTAL_PARENT_EQUITY":2476898000000,"DEBT_ASSET_RATIO":91.3853404627,"OPERATE_PROFIT":79510000000,"PRETAX_PROFIT":79281000000,"NETCASH_OPERATE":488759000000,"NETCASH_INVEST":-177221000000,"NETCASH_FINANCE":-90625000000,"END_CASH":2301936000000,"DIVI_RATIO":0.457578363243,"DIVIDEND_RATE":9.74151375,"CURRENT_RATIO":null,"COMMON_ACS":null,"CURRENTDEBT_DEBT":null,"ISSUED_COMMON_SHARES":294387791241,"HK_COMMON_SHARES":83622276395,"PER_SHARES":1000,"TOTAL_MARKET_CAP":1177551164964,"HKSK_MARKET_CAP":334489105580,"PE_TTM":4.524636782491,"PB_TTM":0.451375743138,"REPORT_DATE_SQ":"2022-03-31 00:00:00","REPORT_TYPE_SQ":"2022年一季报","OPERATE_INCOME_SQ":148642000000,"DPS_HKD":0.38966055,"OPERATE_INCOME_QOQ_SQ":0.542332475397,"NET_PROFIT_RATIO_SQ":37.5678711271,"HOLDER_PROFIT_SQ":57377000000,"HOLDER_PROFIT_QOQ_SQ":1.737170932633,"ROE_AVG_SQ":2.569736547606,"PE_TTM_SQ":3.396836457151,"PB_TTM_SQ":0.366670081171,"ROA_SQ":0.21317629655,"START_DATE":"2023-01-01 00:00:00","FISCAL_YEAR":"12-31","CURRENCY":"HKD","IS_CNY_CODE":0,"DPS_HKD_LY":0.25190175,"ORG_TYPE":"银行","PREMIUM_INCOME":null,"PREMIUM_INCOME_YOY":null,"NET_INTEREST_INCOME":117334000000,"NET_INTEREST_INCOME_YOY":7.011655691954,"FEE_COMMISSION_INCOME":26332000000,"FEE_COMMISSION_INCOME_YOY":null,"ACCOUNTS_RECE_TDAYS":null,"INVENTORY_TDAYS":null,"CURRENT_ASSETS_TDAYS":null,"TOTAL_ASSETS_TDAYS":0.005606012187,"PREMIUM_EXPENSE":null,"LOAN_DEPOSIT":89.536897240621,"LOAN_EQUITY":7.497181031348,"LOAN_ASSETS":64.585662074582,"DEPOSIT_EQUITY":8.37328661412,"DEPOSIT_ASSETS":72.1330133889,"EQUITY_MULTIPLIER":11.608119806362,"EQUITY_RATIO":11.210824587851},{"SECUCODE":"03988.HK","SECURITY_CODE":"03988","SECURITY_NAME_ABBR":"中国银行","ORG_CODE":"10008273","STD_REPORT_DATE":"2022-12-31 00:00:00","REPORT_DATE":"2022-12-31 00:00:00","DATE_TYPE_CODE":"001","REPORT_TYPE":"2022年年报","PER_NETCASH_OPERATE":-0.038510428548,"PER_OI":1.992137641061,"BPS":6.991064375748,"BASIC_EPS":0.72,"DILUTED_EPS":0.72,"OPERATE_INCOME":586461000000,"OPERATE_INCOME_YOY":2.2158862967,"GROSS_PROFIT":null,"GROSS_PROFIT_YOY":null,"HOLDER_PROFIT":226522000000,"HOLDER_PROFIT_YOY":5.0240350205,"GROSS_PROFIT_RATIO":null,"EPS_TTM":0.77258299008,"OPERATE_INCOME_QOQ":0.223874798464,"NET_PROFIT_RATIO":38.3603681887,"ROE_AVG":9.77655756541,"GROSS_PROFIT_QOQ":null,"ROA":0.817592625961,"HOLDER_PROFIT_QOQ":0.584653077831,"ROE_YEARLY":9.77655756541,"ROIC_YEARLY":0.843757241101,"TOTAL_ASSETS":28893548000000,"TOTAL_LIABILITIES":26330247000000,"TAX_EBT":16.540627060263,"OCF_SALES":-1.831091241224,"TOTAL_PARENT_EQUITY":2423973000000,"DEBT_ASSET_RATIO":91.1199291053,"OPERATE_PROFIT":282996000000,"PRETAX_PROFIT":283641000000,"NETCASH_OPERATE":-21855000000,"NETCASH_INVEST":-11724000000,"NETCASH_FINANCE":53047000000,"END_CASH":2091466000000,"DIVI_RATIO":0.458153758896,"DIVIDEND_RATE":9.74151375,"CURRENT_RATIO":null,"COMMON_ACS":null,"CURRENTDEBT_DEBT":null,"ISSUED_COMMON_SHARES":294387791241,"HK_COMMON_SHARES":83622276395,"PER_SHARES":1000,"TOTAL_MARKET_CAP":1177551164964,"HKSK_MARKET_CAP":334489105580,"PE_TTM":4.524636782491,"PB_TTM":0.451375743138,"REPORT_DATE_SQ":"2021-12-31 00:00:00","REPORT_TYPE_SQ":"2021年年报","OPERATE_INCOME_SQ":605717000000,"DPS_HKD":0.38966055,"OPERATE_INCOME_QOQ_SQ":2.102851787298,"NET_PROFIT_RATIO_SQ":37.5322138887,"HOLDER_PROFIT_SQ":216559000000,"HOLDER_PROFIT_QOQ_SQ":2.789512155761,"ROE_AVG_SQ":10.15857126372,"PE_TTM_SQ":3.396836457151,"PB_TTM_SQ":0.366670081171,"ROA_SQ":0.847173461895,"START_DATE":"2022-01-01 00:00:00","FISCAL_YEAR":"12-31","CURRENCY":"HKD","IS_CNY_CODE":0,"DPS_HKD_LY":0.25891135,"ORG_TYPE":"银行","PREMIUM_INCOME":null,"PREMIUM_INCOME_YOY":null,"NET_INTEREST_INCOME":459266000000,"NET_INTEREST_INCOME_YOY":8.026494677073,"FEE_COMMISSION_INCOME":74890000000,"FEE_COMMISSION_INCOME_YOY":null,"ACCOUNTS_RECE_TDAYS":null,"INVENTORY_TDAYS":null,"CURRENT_ASSETS_TDAYS":null,"TOTAL_ASSETS_TDAYS":0.022256670177,"PREMIUM_EXPENSE":null,"LOAN_DEPOSIT":90.5368797126,"LOAN_EQUITY":7.135370368131,"LOAN_ASSETS":63.301682437892,"DEPOSIT_EQUITY":7.881175484268,"DEPOSIT_ASSETS":69.918118051823,"EQUITY_MULTIPLIER":11.261171356153,"EQUITY_RATIO":10.862434111271},{"SECUCODE":"03988.HK","SECURITY_CODE":"03988","SECURITY_NAME_ABBR":"中国银行","ORG_CODE":"10008273","STD_REPORT_DATE":"2022-09-30 00:00:00","REPORT_DATE":"2022-09-30 00:00:00","DATE_TYPE_CODE":"004","REPORT_TYPE":"2022年三季报","PER_NETCASH_OPERATE":-1.064470094629,"PER_OI":1.493669279376,"BPS":6.837158536756,"BASIC_EPS":0.55,"DILUTED_EPS":0.55,"OPERATE_INCOME":439718000000,"OPERATE_INCOME_YOY":2.6407280592,"GROSS_PROFIT":null,"GROSS_PROFIT_YOY":null,"HOLDER_PROFIT":172180000000,"HOLDER_PROFIT_YOY":5.8450493203,"GROSS_PROFIT_RATIO":null,"EPS_TTM":0.768092314721,"OPERATE_INCOME_QOQ":0.2081194148,"NET_PROFIT_RATIO":38.6841362921,"ROE_AVG":7.51313695313,"GROSS_PROFIT_QOQ":null,"ROA":0.625273485575,"HOLDER_PROFIT_QOQ":1.094022443779,"ROE_YEARLY":10.017515937506,"ROIC_YEARLY":0.645741945392,"TOTAL_ASSETS":28639287000000,"TOTAL_LIABILITIES":26120329000000,"TAX_EBT":18.040455983071,"OCF_SALES":-66.967918689735,"TOTAL_PARENT_EQUITY":2382270000000,"DEBT_ASSET_RATIO":91.2045366213,"OPERATE_PROFIT":219077000000,"PRETAX_PROFIT":219745000000,"NETCASH_OPERATE":-324855000000,"NETCASH_INVEST":108176000000,"NETCASH_FINANCE":-86788000000,"END_CASH":1774427000000,"DIVI_RATIO":0.460832368949,"DIVIDEND_RATE":9.74151375,"CURRENT_RATIO":null,"COMMON_ACS":null,"CURRENTDEBT_DEBT":null,"ISSUED_COMMON_SHARES":294387791241,"HK_COMMON_SHARES":83622276395,"PER_SHARES":1000,"TOTAL_MARKET_CAP":1177551164964,"HKSK_MARKET_CAP":334489105580,"PE_TTM":4.524636782491,"PB_TTM":0.451375743138,"REPORT_DATE_SQ":"2021-09-30 00:00:00","REPORT_TYPE_SQ":"2021年三季报","OPERATE_INCOME_SQ":455897000000,"DPS_HKD":0.38966055,"OPERATE_INCOME_QOQ_SQ":1.666269650174,"NET_PROFIT_RATIO_SQ":37.806346609,"HOLDER_PROFIT_SQ":163523000000,"HOLDER_PROFIT_QOQ_SQ":2.889151519295,"ROE_AVG_SQ":7.78881421623,"PE_TTM_SQ":3.396836457151,"PB_TTM_SQ":0.366670081171,"ROA_SQ":0.645920090304,"START_DATE":"2022-01-01 00:00:00","FISCAL_YEAR":"12-31","CURRENCY":"HKD","IS_CNY_CODE":0,"DPS_HKD_LY":0.25891135,"ORG_TYPE":"银行","PREMIUM_INCOME":null,"PREMIUM_INCOME_YOY":null,"NET_INTEREST_INCOME":341981000000,"NET_INTEREST_INCOME_YOY":8.216698574435,"FEE_COMMISSION_INCOME":60923000000,"FEE_COMMISSION_INCOME_YOY":null,"ACCOUNTS_RECE_TDAYS":null,"INVENTORY_TDAYS":null,"CURRENT_ASSETS_TDAYS":null,"TOTAL_ASSETS_TDAYS":0.016904684728,"PREMIUM_EXPENSE":null,"LOAN_DEPOSIT":90.603179476625,"LOAN_EQUITY":7.179004175536,"LOAN_ASSETS":63.142668321317,"DEPOSIT_EQUITY":7.923567602159,"DEPOSIT_ASSETS":69.691448673286,"EQUITY_MULTIPLIER":11.369497625579,"EQUITY_RATIO":10.964470442057}],"count":78},"success":true,"message":"ok","code":0}