{"version":"604e57654e7247c2c63315c0248eb9c4","result":{"pages":5,"data":[{"SECUCODE":"03989.HK","SECURITY_CODE":"03989","SECURITY_NAME_ABBR":"首创环境","ORG_CODE":"10097257","STD_REPORT_DATE":"2024-06-30 00:00:00","REPORT_DATE":"2024-06-30 00:00:00","DATE_TYPE_CODE":"002","REPORT_TYPE":"2024年中报","PER_NETCASH_OPERATE":-0.007792660325,"PER_OI":0.124991560117,"BPS":0.461617360948,"BASIC_EPS":0.0119,"DILUTED_EPS":0.0119,"OPERATE_INCOME":1786721000,"OPERATE_INCOME_YOY":-6.3828371425,"GROSS_PROFIT":650477000,"GROSS_PROFIT_YOY":-0.228386142836,"HOLDER_PROFIT":170656000,"HOLDER_PROFIT_YOY":13.4786482784,"GROSS_PROFIT_RATIO":36.406187647652,"EPS_TTM":0.021382001079,"OPERATE_INCOME_QOQ":-2.988252944368,"NET_PROFIT_RATIO":10.903772889,"ROE_AVG":2.619816708316,"GROSS_PROFIT_QOQ":-0.107371883854,"ROA":0.834951989747,"HOLDER_PROFIT_QOQ":7.102810288037,"ROE_YEARLY":5.239633416633,"ROIC_YEARLY":1.745093809044,"TOTAL_ASSETS":20590873000,"TOTAL_LIABILITIES":13665917000,"TAX_EBT":17.492853361567,"OCF_SALES":-6.234549210537,"TOTAL_PARENT_EQUITY":6598697000,"DEBT_ASSET_RATIO":66.3688081608,"OPERATE_PROFIT":447793000,"PRETAX_PROFIT":236125000,"NETCASH_OPERATE":-111394000,"NETCASH_INVEST":-52414000,"NETCASH_FINANCE":10027000,"END_CASH":506743000,"DIVI_RATIO":null,"DIVIDEND_RATE":null,"CURRENT_RATIO":2.021335007881,"COMMON_ACS":33683800000,"CURRENTDEBT_DEBT":25.065299313614,"ISSUED_COMMON_SHARES":14294733167,"HK_COMMON_SHARES":14294733167,"PER_SHARES":2000,"TOTAL_MARKET_CAP":1286525985.03,"HKSK_MARKET_CAP":1286525985.03,"PE_TTM":3.79748282446,"PB_TTM":0.177942181012,"REPORT_DATE_SQ":"2023-06-30 00:00:00","REPORT_TYPE_SQ":"2023年中报","OPERATE_INCOME_SQ":1908540000,"DPS_HKD":null,"OPERATE_INCOME_QOQ_SQ":-11.741823574212,"NET_PROFIT_RATIO_SQ":7.0995630168,"HOLDER_PROFIT_SQ":150386000,"HOLDER_PROFIT_QOQ_SQ":-7.375747699645,"ROE_AVG_SQ":2.351477988336,"PE_TTM_SQ":0.932980282403,"PB_TTM_SQ":0.228119109695,"ROA_SQ":0.746112430807,"START_DATE":"2024-01-01 00:00:00","FISCAL_YEAR":"12-31","CURRENCY":"HKD","IS_CNY_CODE":0,"DPS_HKD_LY":null,"ORG_TYPE":"一般企业","PREMIUM_INCOME":null,"PREMIUM_INCOME_YOY":null,"NET_INTEREST_INCOME":null,"NET_INTEREST_INCOME_YOY":null,"FEE_COMMISSION_INCOME":null,"FEE_COMMISSION_INCOME_YOY":null,"ACCOUNTS_RECE_TDAYS":0.788623249128,"INVENTORY_TDAYS":14.392855785674,"CURRENT_ASSETS_TDAYS":0.269607013955,"TOTAL_ASSETS_TDAYS":0.087417158147,"PREMIUM_EXPENSE":null,"LOAN_DEPOSIT":null,"LOAN_EQUITY":null,"LOAN_ASSETS":null,"DEPOSIT_EQUITY":null,"DEPOSIT_ASSETS":null,"EQUITY_MULTIPLIER":2.973430156092,"EQUITY_RATIO":2.071002350919},{"SECUCODE":"03989.HK","SECURITY_CODE":"03989","SECURITY_NAME_ABBR":"首创环境","ORG_CODE":"10097257","STD_REPORT_DATE":"2023-12-31 00:00:00","REPORT_DATE":"2023-12-31 00:00:00","DATE_TYPE_CODE":"001","REPORT_TYPE":"2023年年报","PER_NETCASH_OPERATE":-0.026948246987,"PER_OI":0.285181678621,"BPS":0.44977334833,"BASIC_EPS":0.02,"DILUTED_EPS":0.02,"OPERATE_INCOME":4076596000,"OPERATE_INCOME_YOY":-11.1650473801,"GROSS_PROFIT":1386769000,"GROSS_PROFIT_YOY":-0.06010364636,"HOLDER_PROFIT":285380000,"HOLDER_PROFIT_YOY":-82.4776411557,"GROSS_PROFIT_RATIO":34.017817806817,"EPS_TTM":0.019963996296,"OPERATE_INCOME_QOQ":0.653510210048,"NET_PROFIT_RATIO":6.3383518995,"ROE_AVG":4.416711071601,"GROSS_PROFIT_QOQ":3.343383729387,"ROA":1.411892919563,"HOLDER_PROFIT_QOQ":-81.082320872687,"ROE_YEARLY":4.416711071601,"ROIC_YEARLY":1.510213414884,"TOTAL_ASSETS":20287166000,"TOTAL_LIABILITIES":13591301000,"TAX_EBT":12.683999945932,"OCF_SALES":-9.449501495856,"TOTAL_PARENT_EQUITY":6429390000,"DEBT_ASSET_RATIO":66.9945767684,"OPERATE_PROFIT":733229000,"PRETAX_PROFIT":295924000,"NETCASH_OPERATE":-385218000,"NETCASH_INVEST":-237413000,"NETCASH_FINANCE":-219553000,"END_CASH":661811000,"DIVI_RATIO":null,"DIVIDEND_RATE":null,"CURRENT_RATIO":1.794288887207,"COMMON_ACS":33683800000,"CURRENTDEBT_DEBT":25.958287584095,"ISSUED_COMMON_SHARES":14294733167,"HK_COMMON_SHARES":14294733167,"PER_SHARES":2000,"TOTAL_MARKET_CAP":1172168119.694,"HKSK_MARKET_CAP":1172168119.694,"PE_TTM":3.459928795619,"PB_TTM":0.162125098255,"REPORT_DATE_SQ":"2022-12-31 00:00:00","REPORT_TYPE_SQ":"2022年年报","OPERATE_INCOME_SQ":4588955000,"DPS_HKD":null,"OPERATE_INCOME_QOQ_SQ":-39.736487360494,"NET_PROFIT_RATIO_SQ":66.5367823393,"HOLDER_PROFIT_SQ":1628662000,"HOLDER_PROFIT_QOQ_SQ":210.902951041235,"ROE_AVG_SQ":25.639652387029,"PE_TTM_SQ":0.88162356961,"PB_TTM_SQ":0.215562094482,"ROA_SQ":7.033550282129,"START_DATE":"2023-01-01 00:00:00","FISCAL_YEAR":"12-31","CURRENCY":"HKD","IS_CNY_CODE":0,"DPS_HKD_LY":0.01,"ORG_TYPE":"一般企业","PREMIUM_INCOME":null,"PREMIUM_INCOME_YOY":null,"NET_INTEREST_INCOME":null,"NET_INTEREST_INCOME_YOY":null,"FEE_COMMISSION_INCOME":null,"FEE_COMMISSION_INCOME_YOY":null,"ACCOUNTS_RECE_TDAYS":2.206667861139,"INVENTORY_TDAYS":37.660515520211,"CURRENT_ASSETS_TDAYS":0.652473181647,"TOTAL_ASSETS_TDAYS":0.201686068692,"PREMIUM_EXPENSE":null,"LOAN_DEPOSIT":null,"LOAN_EQUITY":null,"LOAN_ASSETS":null,"DEPOSIT_EQUITY":null,"DEPOSIT_ASSETS":null,"EQUITY_MULTIPLIER":3.029805111066,"EQUITY_RATIO":2.113933203617},{"SECUCODE":"03989.HK","SECURITY_CODE":"03989","SECURITY_NAME_ABBR":"首创环境","ORG_CODE":"10097257","STD_REPORT_DATE":"2023-06-30 00:00:00","REPORT_DATE":"2023-06-30 00:00:00","DATE_TYPE_CODE":"002","REPORT_TYPE":"2023年中报","PER_NETCASH_OPERATE":-0.027604712546,"PER_OI":0.133513510025,"BPS":0.440540996913,"BASIC_EPS":0.0105,"DILUTED_EPS":0.0105,"OPERATE_INCOME":1908540000,"OPERATE_INCOME_YOY":-22.0165998806,"GROSS_PROFIT":651966000,"GROSS_PROFIT_YOY":-6.550278428759,"HOLDER_PROFIT":150386000,"HOLDER_PROFIT_YOY":-44.4069024664,"GROSS_PROFIT_RATIO":34.160457732088,"EPS_TTM":0.105530896056,"OPERATE_INCOME_QOQ":-11.741823574212,"NET_PROFIT_RATIO":7.0995630168,"ROE_AVG":2.351477988336,"GROSS_PROFIT_QOQ":-3.293377140292,"ROA":0.746112430807,"HOLDER_PROFIT_QOQ":-7.375747699645,"ROE_YEARLY":4.702955976672,"ROIC_YEARLY":1.611785909826,"TOTAL_ASSETS":20173891000,"TOTAL_LIABILITIES":13615203000,"TAX_EBT":-2.763662839201,"OCF_SALES":-20.675594957402,"TOTAL_PARENT_EQUITY":6297416000,"DEBT_ASSET_RATIO":67.4892265453,"OPERATE_PROFIT":352313000,"PRETAX_PROFIT":131854000,"NETCASH_OPERATE":-394602000,"NETCASH_INVEST":-146110000,"NETCASH_FINANCE":58766000,"END_CASH":1025491000,"DIVI_RATIO":null,"DIVIDEND_RATE":null,"CURRENT_RATIO":2.263014623008,"COMMON_ACS":33683800000,"CURRENTDEBT_DEBT":20.136093453766,"ISSUED_COMMON_SHARES":14294733167,"HK_COMMON_SHARES":14294733167,"PER_SHARES":2000,"TOTAL_MARKET_CAP":1172168119.694,"HKSK_MARKET_CAP":1172168119.694,"PE_TTM":3.459928795619,"PB_TTM":0.162125098255,"REPORT_DATE_SQ":"2022-06-30 00:00:00","REPORT_TYPE_SQ":"2022年中报","OPERATE_INCOME_SQ":2447367000,"DPS_HKD":null,"OPERATE_INCOME_QOQ_SQ":-3.641698356643,"NET_PROFIT_RATIO_SQ":14.0309973943,"HOLDER_PROFIT_SQ":270512000,"HOLDER_PROFIT_QOQ_SQ":2.565463067748,"ROE_AVG_SQ":4.310058377589,"PE_TTM_SQ":0.88162356961,"PB_TTM_SQ":0.215562094482,"ROA_SQ":0.952489065699,"START_DATE":"2023-01-01 00:00:00","FISCAL_YEAR":"12-31","CURRENCY":"HKD","IS_CNY_CODE":0,"DPS_HKD_LY":0.01,"ORG_TYPE":"一般企业","PREMIUM_INCOME":null,"PREMIUM_INCOME_YOY":null,"NET_INTEREST_INCOME":null,"NET_INTEREST_INCOME_YOY":null,"FEE_COMMISSION_INCOME":null,"FEE_COMMISSION_INCOME_YOY":null,"ACCOUNTS_RECE_TDAYS":1.037957955018,"INVENTORY_TDAYS":18.022374252399,"CURRENT_ASSETS_TDAYS":0.308583943057,"TOTAL_ASSETS_TDAYS":0.094688695669,"PREMIUM_EXPENSE":null,"LOAN_DEPOSIT":null,"LOAN_EQUITY":null,"LOAN_ASSETS":null,"DEPOSIT_EQUITY":null,"DEPOSIT_ASSETS":null,"EQUITY_MULTIPLIER":3.07590344288,"EQUITY_RATIO":2.162030108857},{"SECUCODE":"03989.HK","SECURITY_CODE":"03989","SECURITY_NAME_ABBR":"首创环境","ORG_CODE":"10097257","STD_REPORT_DATE":"2022-12-31 00:00:00","REPORT_DATE":"2022-12-31 00:00:00","DATE_TYPE_CODE":"001","REPORT_TYPE":"2022年年报","PER_NETCASH_OPERATE":-0.016229194158,"PER_OI":0.321024180472,"BPS":0.454247583648,"BASIC_EPS":0.1139,"DILUTED_EPS":0.1139,"OPERATE_INCOME":4588955000,"OPERATE_INCOME_YOY":-14.9554582026,"GROSS_PROFIT":1387603000,"GROSS_PROFIT_YOY":-15.159076387849,"HOLDER_PROFIT":1628662000,"HOLDER_PROFIT_YOY":218.8790514267,"GROSS_PROFIT_RATIO":30.237886403332,"EPS_TTM":0.113934410735,"OPERATE_INCOME_QOQ":-39.736487360494,"NET_PROFIT_RATIO":66.5367823393,"ROE_AVG":25.639652387029,"GROSS_PROFIT_QOQ":-40.399386814273,"ROA":7.033550282129,"HOLDER_PROFIT_QOQ":210.902951041235,"ROE_YEARLY":25.639652387029,"ROIC_YEARLY":7.864280795417,"TOTAL_ASSETS":20137996000,"TOTAL_LIABILITIES":13453912000,"TAX_EBT":28.070930920122,"OCF_SALES":-5.055442905847,"TOTAL_PARENT_EQUITY":6493348000,"DEBT_ASSET_RATIO":66.8085940627,"OPERATE_PROFIT":694076000,"PRETAX_PROFIT":155588000,"NETCASH_OPERATE":-231992000,"NETCASH_INVEST":7600702000,"NETCASH_FINANCE":-7504001000,"END_CASH":1512806000,"DIVI_RATIO":null,"DIVIDEND_RATE":null,"CURRENT_RATIO":1.331666190772,"COMMON_ACS":33683800000,"CURRENTDEBT_DEBT":34.412875600792,"ISSUED_COMMON_SHARES":14294733167,"HK_COMMON_SHARES":14294733167,"PER_SHARES":2000,"TOTAL_MARKET_CAP":1172168119.694,"HKSK_MARKET_CAP":1172168119.694,"PE_TTM":3.459928795619,"PB_TTM":0.162125098255,"REPORT_DATE_SQ":"2021-12-31 00:00:00","REPORT_TYPE_SQ":"2021年年报","OPERATE_INCOME_SQ":5395943000,"DPS_HKD":null,"OPERATE_INCOME_QOQ_SQ":-5.134437228634,"NET_PROFIT_RATIO_SQ":7.2525334687,"HOLDER_PROFIT_SQ":510746000,"HOLDER_PROFIT_QOQ_SQ":-3.792389602904,"ROE_AVG_SQ":8.632176001433,"PE_TTM_SQ":0.88162356961,"PB_TTM_SQ":0.215562094482,"ROA_SQ":2.033535907479,"START_DATE":"2022-01-01 00:00:00","FISCAL_YEAR":"12-31","CURRENCY":"HKD","IS_CNY_CODE":0,"DPS_HKD_LY":null,"ORG_TYPE":"一般企业","PREMIUM_INCOME":null,"PREMIUM_INCOME_YOY":null,"NET_INTEREST_INCOME":null,"NET_INTEREST_INCOME_YOY":null,"FEE_COMMISSION_INCOME":null,"FEE_COMMISSION_INCOME_YOY":null,"ACCOUNTS_RECE_TDAYS":2.923359328914,"INVENTORY_TDAYS":48.626531278717,"CURRENT_ASSETS_TDAYS":0.740560743441,"TOTAL_ASSETS_TDAYS":0.198178908423,"PREMIUM_EXPENSE":null,"LOAN_DEPOSIT":null,"LOAN_EQUITY":null,"LOAN_ASSETS":null,"DEPOSIT_EQUITY":null,"DEPOSIT_ASSETS":null,"EQUITY_MULTIPLIER":3.012828085345,"EQUITY_RATIO":2.071953020229},{"SECUCODE":"03989.HK","SECURITY_CODE":"03989","SECURITY_NAME_ABBR":"首创环境","ORG_CODE":"10097257","STD_REPORT_DATE":"2022-06-30 00:00:00","REPORT_DATE":"2022-06-30 00:00:00","DATE_TYPE_CODE":"002","REPORT_TYPE":"2022年中报","PER_NETCASH_OPERATE":0.001951837762,"PER_OI":0.171207602927,"BPS":0.347960395055,"BASIC_EPS":0.0189,"DILUTED_EPS":0.0189,"OPERATE_INCOME":2447367000,"OPERATE_INCOME_YOY":-10.5218495764,"GROSS_PROFIT":697665000,"GROSS_PROFIT_YOY":-9.019956105175,"HOLDER_PROFIT":270512000,"HOLDER_PROFIT_YOY":5.0903426065,"GROSS_PROFIT_RATIO":28.506758487795,"EPS_TTM":0.036646294399,"OPERATE_INCOME_QOQ":-3.641698356643,"NET_PROFIT_RATIO":14.0309973943,"ROE_AVG":4.310058377589,"GROSS_PROFIT_QOQ":-2.885201371355,"ROA":0.952489065699,"HOLDER_PROFIT_QOQ":2.565463067748,"ROE_YEARLY":8.620116755178,"ROIC_YEARLY":2.153974002289,"TOTAL_ASSETS":30627833000,"TOTAL_LIABILITIES":22798597000,"TAX_EBT":18.69961273866,"OCF_SALES":1.140041522175,"TOTAL_PARENT_EQUITY":6341695000,"DEBT_ASSET_RATIO":74.4375124417,"OPERATE_PROFIT":481210000,"PRETAX_PROFIT":236791000,"NETCASH_OPERATE":27901000,"NETCASH_INVEST":-437723000,"NETCASH_FINANCE":716490000,"END_CASH":2015009000,"DIVI_RATIO":null,"DIVIDEND_RATE":null,"CURRENT_RATIO":1.343366128113,"COMMON_ACS":33683800000,"CURRENTDEBT_DEBT":54.665912117311,"ISSUED_COMMON_SHARES":14294733167,"HK_COMMON_SHARES":14294733167,"PER_SHARES":2000,"TOTAL_MARKET_CAP":1172168119.694,"HKSK_MARKET_CAP":1172168119.694,"PE_TTM":3.459928795619,"PB_TTM":0.162125098255,"REPORT_DATE_SQ":"2021-06-30 00:00:00","REPORT_TYPE_SQ":"2021年中报","OPERATE_INCOME_SQ":2735156000,"DPS_HKD":null,"OPERATE_INCOME_QOQ_SQ":8.94063668852,"NET_PROFIT_RATIO_SQ":7.8898338923,"HOLDER_PROFIT_SQ":257409000,"HOLDER_PROFIT_QOQ_SQ":14.157461385125,"ROE_AVG_SQ":4.455267793512,"PE_TTM_SQ":0.88162356961,"PB_TTM_SQ":0.215562094482,"ROA_SQ":1.055153689096,"START_DATE":"2022-01-01 00:00:00","FISCAL_YEAR":"12-31","CURRENCY":"HKD","IS_CNY_CODE":0,"DPS_HKD_LY":null,"ORG_TYPE":"一般企业","PREMIUM_INCOME":null,"PREMIUM_INCOME_YOY":null,"NET_INTEREST_INCOME":null,"NET_INTEREST_INCOME_YOY":null,"FEE_COMMISSION_INCOME":null,"FEE_COMMISSION_INCOME_YOY":null,"ACCOUNTS_RECE_TDAYS":1.723608950858,"INVENTORY_TDAYS":26.438331532702,"CURRENT_ASSETS_TDAYS":0.21309068727,"TOTAL_ASSETS_TDAYS":0.086173267997,"PREMIUM_EXPENSE":null,"LOAN_DEPOSIT":null,"LOAN_EQUITY":null,"LOAN_ASSETS":null,"DEPOSIT_EQUITY":null,"DEPOSIT_ASSETS":null,"EQUITY_MULTIPLIER":3.911982344126,"EQUITY_RATIO":3.595032085271},{"SECUCODE":"03989.HK","SECURITY_CODE":"03989","SECURITY_NAME_ABBR":"首创环境","ORG_CODE":"10097257","STD_REPORT_DATE":"2021-12-31 00:00:00","REPORT_DATE":"2021-12-31 00:00:00","DATE_TYPE_CODE":"001","REPORT_TYPE":"2021年年报","PER_NETCASH_OPERATE":-0.031135313601,"PER_OI":0.37747770014,"BPS":0.338810241746,"BASIC_EPS":0.0357,"DILUTED_EPS":0.0357,"OPERATE_INCOME":5395943000,"OPERATE_INCOME_YOY":3.3471480813,"GROSS_PROFIT":1635535000,"GROSS_PROFIT_YOY":-15.447256605235,"HOLDER_PROFIT":510746000,"HOLDER_PROFIT_YOY":9.8281656886,"GROSS_PROFIT_RATIO":30.33603860196,"EPS_TTM":0.035729663089,"OPERATE_INCOME_QOQ":-5.134437228634,"NET_PROFIT_RATIO":7.2525334687,"ROE_AVG":8.632176001433,"GROSS_PROFIT_QOQ":4.473559092912,"ROA":2.033535907479,"HOLDER_PROFIT_QOQ":-3.792389602904,"ROE_YEARLY":8.632176001433,"ROIC_YEARLY":2.391669628864,"TOTAL_ASSETS":26173239000,"TOTAL_LIABILITIES":18456618000,"TAX_EBT":31.406812123956,"OCF_SALES":-5.631953720571,"TOTAL_PARENT_EQUITY":6210896000,"DEBT_ASSET_RATIO":70.5171339321,"OPERATE_PROFIT":1405018000,"PRETAX_PROFIT":901158000,"NETCASH_OPERATE":-445071000,"NETCASH_INVEST":-1327466000,"NETCASH_FINANCE":764835000,"END_CASH":1682745000,"DIVI_RATIO":null,"DIVIDEND_RATE":null,"CURRENT_RATIO":0.874322750419,"COMMON_ACS":33683800000,"CURRENTDEBT_DEBT":38.592812616049,"ISSUED_COMMON_SHARES":14294733167,"HK_COMMON_SHARES":14294733167,"PER_SHARES":2000,"TOTAL_MARKET_CAP":1172168119.694,"HKSK_MARKET_CAP":1172168119.694,"PE_TTM":3.459928795619,"PB_TTM":0.162125098255,"REPORT_DATE_SQ":"2020-12-31 00:00:00","REPORT_TYPE_SQ":"2020年年报","OPERATE_INCOME_SQ":7646659000,"DPS_HKD":null,"OPERATE_INCOME_QOQ_SQ":19.065461830943,"NET_PROFIT_RATIO_SQ":6.4854729366,"HOLDER_PROFIT_SQ":465041000,"HOLDER_PROFIT_QOQ_SQ":43.919399862592,"ROE_AVG_SQ":10.060120687009,"PE_TTM_SQ":0.88162356961,"PB_TTM_SQ":0.215562094482,"ROA_SQ":2.178435724995,"START_DATE":"2021-01-01 00:00:00","FISCAL_YEAR":"12-31","CURRENCY":"HKD","IS_CNY_CODE":0,"DPS_HKD_LY":null,"ORG_TYPE":"一般企业","PREMIUM_INCOME":null,"PREMIUM_INCOME_YOY":null,"NET_INTEREST_INCOME":null,"NET_INTEREST_INCOME_YOY":null,"FEE_COMMISSION_INCOME":null,"FEE_COMMISSION_INCOME_YOY":null,"ACCOUNTS_RECE_TDAYS":4.186440553041,"INVENTORY_TDAYS":60.81622350121,"CURRENT_ASSETS_TDAYS":1.286762034791,"TOTAL_ASSETS_TDAYS":0.314642287881,"PREMIUM_EXPENSE":null,"LOAN_DEPOSIT":null,"LOAN_EQUITY":null,"LOAN_ASSETS":null,"DEPOSIT_EQUITY":null,"DEPOSIT_ASSETS":null,"EQUITY_MULTIPLIER":3.391800504391,"EQUITY_RATIO":2.971651433223},{"SECUCODE":"03989.HK","SECURITY_CODE":"03989","SECURITY_NAME_ABBR":"首创环境","ORG_CODE":"10097257","STD_REPORT_DATE":"2021-06-30 00:00:00","REPORT_DATE":"2021-06-30 00:00:00","DATE_TYPE_CODE":"002","REPORT_TYPE":"2021年中报","PER_NETCASH_OPERATE":-0.024768702981,"PER_OI":0.19134012283,"BPS":0.31934328166,"BASIC_EPS":0.018,"DILUTED_EPS":0.018,"OPERATE_INCOME":2735156000,"OPERATE_INCOME_YOY":20.5865197833,"GROSS_PROFIT":766833000,"GROSS_PROFIT_YOY":-5.171328545936,"HOLDER_PROFIT":257409000,"HOLDER_PROFIT_YOY":34.3674146922,"GROSS_PROFIT_RATIO":29.191566337568,"EPS_TTM":0.037138083922,"OPERATE_INCOME_QOQ":8.94063668852,"NET_PROFIT_RATIO":7.8898338923,"ROE_AVG":4.455267793512,"GROSS_PROFIT_QOQ":18.628915230386,"ROA":1.055153689096,"HOLDER_PROFIT_QOQ":14.157461385125,"ROE_YEARLY":8.910535587025,"ROIC_YEARLY":2.513519643497,"TOTAL_ASSETS":24731739000,"TOTAL_LIABILITIES":17275890000,"TAX_EBT":33.487382221976,"OCF_SALES":-8.841446437084,"TOTAL_PARENT_EQUITY":5932621000,"DEBT_ASSET_RATIO":69.8531146556,"OPERATE_PROFIT":719310000,"PRETAX_PROFIT":468466000,"NETCASH_OPERATE":-354062000,"NETCASH_INVEST":-612918000,"NETCASH_FINANCE":171291000,"END_CASH":1960243000,"DIVI_RATIO":null,"DIVIDEND_RATE":null,"CURRENT_RATIO":0.711529122026,"COMMON_ACS":33683800000,"CURRENTDEBT_DEBT":47.806249055765,"ISSUED_COMMON_SHARES":14294733167,"HK_COMMON_SHARES":14294733167,"PER_SHARES":2000,"TOTAL_MARKET_CAP":1172168119.694,"HKSK_MARKET_CAP":1172168119.694,"PE_TTM":3.459928795619,"PB_TTM":0.162125098255,"REPORT_DATE_SQ":"2020-06-30 00:00:00","REPORT_TYPE_SQ":"2020年中报","OPERATE_INCOME_SQ":3320911000,"DPS_HKD":null,"OPERATE_INCOME_QOQ_SQ":8.153052452007,"NET_PROFIT_RATIO_SQ":6.7161992598,"HOLDER_PROFIT_SQ":191571000,"HOLDER_PROFIT_QOQ_SQ":6.730658069886,"ROE_AVG_SQ":5.218817611763,"PE_TTM_SQ":0.88162356961,"PB_TTM_SQ":0.215562094482,"ROA_SQ":0.962070431856,"START_DATE":"2021-01-01 00:00:00","FISCAL_YEAR":"12-31","CURRENCY":"HKD","IS_CNY_CODE":0,"DPS_HKD_LY":null,"ORG_TYPE":"一般企业","PREMIUM_INCOME":null,"PREMIUM_INCOME_YOY":null,"NET_INTEREST_INCOME":null,"NET_INTEREST_INCOME_YOY":null,"FEE_COMMISSION_INCOME":null,"FEE_COMMISSION_INCOME_YOY":null,"ACCOUNTS_RECE_TDAYS":2.065779426615,"INVENTORY_TDAYS":27.027345946719,"CURRENT_ASSETS_TDAYS":0.671250207117,"TOTAL_ASSETS_TDAYS":0.164152685566,"PREMIUM_EXPENSE":null,"LOAN_DEPOSIT":null,"LOAN_EQUITY":null,"LOAN_ASSETS":null,"DEPOSIT_EQUITY":null,"DEPOSIT_ASSETS":null,"EQUITY_MULTIPLIER":3.317092258706,"EQUITY_RATIO":2.912016459504},{"SECUCODE":"03989.HK","SECURITY_CODE":"03989","SECURITY_NAME_ABBR":"首创环境","ORG_CODE":"10097257","STD_REPORT_DATE":"2020-12-31 00:00:00","REPORT_DATE":"2020-12-31 00:00:00","DATE_TYPE_CODE":"001","REPORT_TYPE":"2020年年报","PER_NETCASH_OPERATE":0.008768544228,"PER_OI":0.534928418087,"BPS":0.301209260061,"BASIC_EPS":0.0325,"DILUTED_EPS":0.0325,"OPERATE_INCOME":7646659000,"OPERATE_INCOME_YOY":28.7729313862,"GROSS_PROFIT":1934337000,"GROSS_PROFIT_YOY":23.40567107847,"HOLDER_PROFIT":465041000,"HOLDER_PROFIT_YOY":53.6061225636,"GROSS_PROFIT_RATIO":25.296498771555,"EPS_TTM":0.032532331633,"OPERATE_INCOME_QOQ":19.065461830943,"NET_PROFIT_RATIO":6.4854729366,"ROE_AVG":10.060120687009,"GROSS_PROFIT_QOQ":21.093141587934,"ROA":2.178435724995,"HOLDER_PROFIT_QOQ":43.919399862592,"ROE_YEARLY":10.060120687009,"ROIC_YEARLY":2.642065617727,"TOTAL_ASSETS":24059068000,"TOTAL_LIABILITIES":16870053000,"TAX_EBT":36.198341153268,"OCF_SALES":1.639199551072,"TOTAL_PARENT_EQUITY":5622644000,"DEBT_ASSET_RATIO":70.1193121862,"OPERATE_PROFIT":1332188000,"PRETAX_PROFIT":777287000,"NETCASH_OPERATE":102780000,"NETCASH_INVEST":-1977889000,"NETCASH_FINANCE":3011353000,"END_CASH":2762052000,"DIVI_RATIO":null,"DIVIDEND_RATE":null,"CURRENT_RATIO":0.710608621973,"COMMON_ACS":33683800000,"CURRENTDEBT_DEBT":50.510422225704,"ISSUED_COMMON_SHARES":14294733167,"HK_COMMON_SHARES":14294733167,"PER_SHARES":2000,"TOTAL_MARKET_CAP":1172168119.694,"HKSK_MARKET_CAP":1172168119.694,"PE_TTM":3.459928795619,"PB_TTM":0.162125098255,"REPORT_DATE_SQ":"2019-12-31 00:00:00","REPORT_TYPE_SQ":"2019年年报","OPERATE_INCOME_SQ":5938095000,"DPS_HKD":null,"OPERATE_INCOME_QOQ_SQ":13.08068133734,"NET_PROFIT_RATIO_SQ":7.1722496861,"HOLDER_PROFIT_SQ":302749000,"HOLDER_PROFIT_QOQ_SQ":13.012008615444,"ROE_AVG_SQ":8.668602732587,"PE_TTM_SQ":0.88162356961,"PB_TTM_SQ":0.215562094482,"ROA_SQ":1.806275196765,"START_DATE":"2020-01-01 00:00:00","FISCAL_YEAR":"12-31","CURRENCY":"HKD","IS_CNY_CODE":0,"DPS_HKD_LY":null,"ORG_TYPE":"一般企业","PREMIUM_INCOME":null,"PREMIUM_INCOME_YOY":null,"NET_INTEREST_INCOME":null,"NET_INTEREST_INCOME_YOY":null,"FEE_COMMISSION_INCOME":null,"FEE_COMMISSION_INCOME_YOY":null,"ACCOUNTS_RECE_TDAYS":6.281131574094,"INVENTORY_TDAYS":57.082976501566,"CURRENT_ASSETS_TDAYS":1.446279899889,"TOTAL_ASSETS_TDAYS":0.358199710186,"PREMIUM_EXPENSE":null,"LOAN_DEPOSIT":null,"LOAN_EQUITY":null,"LOAN_ASSETS":null,"DEPOSIT_EQUITY":null,"DEPOSIT_ASSETS":null,"EQUITY_MULTIPLIER":3.34664317713,"EQUITY_RATIO":3.000377224665},{"SECUCODE":"03989.HK","SECURITY_CODE":"03989","SECURITY_NAME_ABBR":"首创环境","ORG_CODE":"10097257","STD_REPORT_DATE":"2020-06-30 00:00:00","REPORT_DATE":"2020-06-30 00:00:00","DATE_TYPE_CODE":"002","REPORT_TYPE":"2020年中报","PER_NETCASH_OPERATE":-0.004358458411,"PER_OI":0.232317103174,"BPS":0.260162603705,"BASIC_EPS":0.0134,"DILUTED_EPS":0.0134,"OPERATE_INCOME":3320911000,"OPERATE_INCOME_YOY":17.0664222577,"GROSS_PROFIT":808651000,"GROSS_PROFIT_YOY":3.844015219907,"HOLDER_PROFIT":191571000,"HOLDER_PROFIT_YOY":11.9028704277,"GROSS_PROFIT_RATIO":24.350276174219,"EPS_TTM":0.022604549258,"OPERATE_INCOME_QOQ":8.153052452007,"NET_PROFIT_RATIO":6.7161992598,"ROE_AVG":5.218817611763,"GROSS_PROFIT_QOQ":1.909711367803,"ROA":0.962070431856,"HOLDER_PROFIT_QOQ":6.730658069886,"ROE_YEARLY":10.437635223525,"ROIC_YEARLY":2.35374442698,"TOTAL_ASSETS":21188855000,"TOTAL_LIABILITIES":15900366000,"TAX_EBT":34.819367244715,"OCF_SALES":-1.876081593274,"TOTAL_PARENT_EQUITY":3718955000,"DEBT_ASSET_RATIO":75.0411761277,"OPERATE_PROFIT":576816000,"PRETAX_PROFIT":342186000,"NETCASH_OPERATE":-62303000,"NETCASH_INVEST":-855847000,"NETCASH_FINANCE":1914168000,"END_CASH":2540555000,"DIVI_RATIO":null,"DIVIDEND_RATE":null,"CURRENT_RATIO":1.510292395676,"COMMON_ACS":33683800000,"CURRENTDEBT_DEBT":22.606693455987,"ISSUED_COMMON_SHARES":14294733167,"HK_COMMON_SHARES":14294733167,"PER_SHARES":2000,"TOTAL_MARKET_CAP":1172168119.694,"HKSK_MARKET_CAP":1172168119.694,"PE_TTM":3.459928795619,"PB_TTM":0.162125098255,"REPORT_DATE_SQ":"2019-06-30 00:00:00","REPORT_TYPE_SQ":"2019年中报","OPERATE_INCOME_SQ":2836775000,"DPS_HKD":null,"OPERATE_INCOME_QOQ_SQ":12.972903896479,"NET_PROFIT_RATIO_SQ":8.2073833843,"HOLDER_PROFIT_SQ":171194000,"HOLDER_PROFIT_QOQ_SQ":46.602419924152,"ROE_AVG_SQ":4.9782839469,"PE_TTM_SQ":0.88162356961,"PB_TTM_SQ":0.215562094482,"ROA_SQ":1.099142571332,"START_DATE":"2020-01-01 00:00:00","FISCAL_YEAR":"12-31","CURRENCY":"HKD","IS_CNY_CODE":0,"DPS_HKD_LY":null,"ORG_TYPE":"一般企业","PREMIUM_INCOME":null,"PREMIUM_INCOME_YOY":null,"NET_INTEREST_INCOME":null,"NET_INTEREST_INCOME_YOY":null,"FEE_COMMISSION_INCOME":null,"FEE_COMMISSION_INCOME_YOY":null,"ACCOUNTS_RECE_TDAYS":2.840072521712,"INVENTORY_TDAYS":34.135358778211,"CURRENT_ASSETS_TDAYS":0.66766272579,"TOTAL_ASSETS_TDAYS":0.166776301211,"PREMIUM_EXPENSE":null,"LOAN_DEPOSIT":null,"LOAN_EQUITY":null,"LOAN_ASSETS":null,"DEPOSIT_EQUITY":null,"DEPOSIT_ASSETS":null,"EQUITY_MULTIPLIER":4.006599049364,"EQUITY_RATIO":4.275492981227}],"count":40},"success":true,"message":"ok","code":0}