{"version":"d96205cc1570d1ae64d80fceafe6553a","result":{"pages":5,"data":[{"SECUCODE":"03983.HK","SECURITY_CODE":"03983","SECURITY_NAME_ABBR":"中海石油化学","ORG_CODE":"10094115","STD_REPORT_DATE":"2024-06-30 00:00:00","REPORT_DATE":"2024-06-30 00:00:00","DATE_TYPE_CODE":"002","REPORT_TYPE":"2024年中报","PER_NETCASH_OPERATE":0.191672017354,"PER_OI":1.302958785249,"BPS":3.910931019523,"BASIC_EPS":0.15,"DILUTED_EPS":0.15,"OPERATE_INCOME":6006640000,"OPERATE_INCOME_YOY":-2.7375191901,"GROSS_PROFIT":1003143000,"GROSS_PROFIT_YOY":-5.685693252364,"HOLDER_PROFIT":686827000,"HOLDER_PROFIT_YOY":-59.9610702589,"GROSS_PROFIT_RATIO":16.700568038038,"EPS_TTM":0.29351626898,"OPERATE_INCOME_QOQ":-1.301487193984,"NET_PROFIT_RATIO":12.3758707031,"ROE_AVG":3.780997885466,"GROSS_PROFIT_QOQ":-2.934107041488,"ROA":2.835920475707,"HOLDER_PROFIT_QOQ":-43.186765985873,"ROE_YEARLY":7.561995770932,"ROIC_YEARLY":11.060043708644,"TOTAL_ASSETS":24120331000,"TOTAL_LIABILITIES":5015557000,"TAX_EBT":17.285158097247,"OCF_SALES":14.710520357471,"TOTAL_PARENT_EQUITY":18029392000,"DEBT_ASSET_RATIO":20.7938978947,"OPERATE_PROFIT":754619000,"PRETAX_PROFIT":898719000,"NETCASH_OPERATE":883608000,"NETCASH_INVEST":126333000,"NETCASH_FINANCE":-888251000,"END_CASH":719000000,"DIVI_RATIO":0.701779859479,"DIVIDEND_RATE":10.572093023256,"CURRENT_RATIO":5.266188137207,"COMMON_ACS":null,"CURRENTDEBT_DEBT":58.861637899838,"ISSUED_COMMON_SHARES":4610000000,"HK_COMMON_SHARES":1796000122,"PER_SHARES":2000,"TOTAL_MARKET_CAP":9911500000,"HKSK_MARKET_CAP":3861400262.3,"PE_TTM":6.520171726699,"PB_TTM":0.501737819001,"REPORT_DATE_SQ":"2023-06-30 00:00:00","REPORT_TYPE_SQ":"2023年中报","OPERATE_INCOME_SQ":6175701000,"DPS_HKD":0.2273,"OPERATE_INCOME_QOQ_SQ":-8.369490023639,"NET_PROFIT_RATIO_SQ":27.9397108118,"HOLDER_PROFIT_SQ":1715398000,"HOLDER_PROFIT_QOQ_SQ":47.390930598121,"ROE_AVG_SQ":9.977086234341,"PE_TTM_SQ":3.930525681365,"PB_TTM_SQ":0.534916934742,"ROA_SQ":7.269424757044,"START_DATE":"2024-01-01 00:00:00","FISCAL_YEAR":"12-31","CURRENCY":"HKD","IS_CNY_CODE":0,"DPS_HKD_LY":0.2273,"ORG_TYPE":"一般企业","PREMIUM_INCOME":null,"PREMIUM_INCOME_YOY":null,"NET_INTEREST_INCOME":null,"NET_INTEREST_INCOME_YOY":null,"FEE_COMMISSION_INCOME":null,"FEE_COMMISSION_INCOME_YOY":null,"ACCOUNTS_RECE_TDAYS":22.162801380692,"INVENTORY_TDAYS":5.009889619154,"CURRENT_ASSETS_TDAYS":0.385985167629,"TOTAL_ASSETS_TDAYS":0.24801519693,"PREMIUM_EXPENSE":null,"LOAN_DEPOSIT":null,"LOAN_EQUITY":null,"LOAN_ASSETS":null,"DEPOSIT_EQUITY":null,"DEPOSIT_ASSETS":null,"EQUITY_MULTIPLIER":1.262528988828,"EQUITY_RATIO":0.278187805778},{"SECUCODE":"03983.HK","SECURITY_CODE":"03983","SECURITY_NAME_ABBR":"中海石油化学","ORG_CODE":"10094115","STD_REPORT_DATE":"2023-12-31 00:00:00","REPORT_DATE":"2023-12-31 00:00:00","DATE_TYPE_CODE":"001","REPORT_TYPE":"2023年年报","PER_NETCASH_OPERATE":0.334842733189,"PER_OI":2.817750976139,"BPS":3.969863340564,"BASIC_EPS":0.52,"DILUTED_EPS":0.52,"OPERATE_INCOME":12989832000,"OPERATE_INCOME_YOY":-9.0287633901,"GROSS_PROFIT":2061070000,"GROSS_PROFIT_YOY":-18.74825310735,"HOLDER_PROFIT":2381681000,"HOLDER_PROFIT_YOY":44.9965237572,"GROSS_PROFIT_RATIO":15.866794890034,"EPS_TTM":0.51663362256,"OPERATE_INCOME_QOQ":-0.719491102471,"NET_PROFIT_RATIO":18.2765874108,"ROE_AVG":13.590885240644,"GROSS_PROFIT_QOQ":-5.982262680559,"ROA":9.962065255457,"HOLDER_PROFIT_QOQ":-1.624527934817,"ROE_YEARLY":13.590885240644,"ROIC_YEARLY":18.006601112196,"TOTAL_ASSETS":24317346000,"TOTAL_LIABILITIES":4910188000,"TAX_EBT":10.881705415008,"OCF_SALES":11.883333056194,"TOTAL_PARENT_EQUITY":18301070000,"DEBT_ASSET_RATIO":20.1921212948,"OPERATE_PROFIT":1477966000,"PRETAX_PROFIT":2663985000,"NETCASH_OPERATE":1543625000,"NETCASH_INVEST":-691134000,"NETCASH_FINANCE":-784057000,"END_CASH":597269000,"DIVI_RATIO":0.39870383383,"DIVIDEND_RATE":11.252475247525,"CURRENT_RATIO":4.954284472948,"COMMON_ACS":null,"CURRENTDEBT_DEBT":64.031641965644,"ISSUED_COMMON_SHARES":4610000000,"HK_COMMON_SHARES":1796000122,"PER_SHARES":2000,"TOTAL_MARKET_CAP":9312200000,"HKSK_MARKET_CAP":3627920246.44,"PE_TTM":6.125928785084,"PB_TTM":0.471400183434,"REPORT_DATE_SQ":"2022-12-31 00:00:00","REPORT_TYPE_SQ":"2022年年报","OPERATE_INCOME_SQ":14279054000,"DPS_HKD":0.2273,"OPERATE_INCOME_QOQ_SQ":-2.591503710943,"NET_PROFIT_RATIO_SQ":12.5969969719,"HOLDER_PROFIT_SQ":1642578000,"HOLDER_PROFIT_QOQ_SQ":38.17144558743,"ROE_AVG_SQ":10.085134447185,"PE_TTM_SQ":3.399373562262,"PB_TTM_SQ":0.46263086248,"ROA_SQ":7.31184462358,"START_DATE":"2023-01-01 00:00:00","FISCAL_YEAR":"12-31","CURRENCY":"HKD","IS_CNY_CODE":0,"DPS_HKD_LY":0.1988,"ORG_TYPE":"一般企业","PREMIUM_INCOME":null,"PREMIUM_INCOME_YOY":null,"NET_INTEREST_INCOME":null,"NET_INTEREST_INCOME_YOY":null,"FEE_COMMISSION_INCOME":null,"FEE_COMMISSION_INCOME_YOY":null,"ACCOUNTS_RECE_TDAYS":37.923305763892,"INVENTORY_TDAYS":10.09844745348,"CURRENT_ASSETS_TDAYS":0.836397260097,"TOTAL_ASSETS_TDAYS":0.543337054968,"PREMIUM_EXPENSE":null,"LOAN_DEPOSIT":null,"LOAN_EQUITY":null,"LOAN_ASSETS":null,"DEPOSIT_EQUITY":null,"DEPOSIT_ASSETS":null,"EQUITY_MULTIPLIER":1.253009121686,"EQUITY_RATIO":0.268300596632},{"SECUCODE":"03983.HK","SECURITY_CODE":"03983","SECURITY_NAME_ABBR":"中海石油化学","ORG_CODE":"10094115","STD_REPORT_DATE":"2023-06-30 00:00:00","REPORT_DATE":"2023-06-30 00:00:00","DATE_TYPE_CODE":"002","REPORT_TYPE":"2023年中报","PER_NETCASH_OPERATE":0.08210867679,"PER_OI":1.339631453362,"BPS":3.826380260304,"BASIC_EPS":0.37,"DILUTED_EPS":0.37,"OPERATE_INCOME":6175701000,"OPERATE_INCOME_YOY":-16.2137954099,"GROSS_PROFIT":1063617000,"GROSS_PROFIT_YOY":-24.46170235432,"HOLDER_PROFIT":1715398000,"HOLDER_PROFIT_YOY":83.0802644709,"GROSS_PROFIT_RATIO":17.222611651698,"EPS_TTM":0.525165075922,"OPERATE_INCOME_QOQ":-8.369490023639,"NET_PROFIT_RATIO":27.9397108118,"ROE_AVG":9.977086234341,"GROSS_PROFIT_QOQ":-13.578278727785,"ROA":7.269424757044,"HOLDER_PROFIT_QOQ":47.390930598121,"ROE_YEARLY":19.954172468683,"ROIC_YEARLY":27.293252851503,"TOTAL_ASSETS":23697217000,"TOTAL_LIABILITIES":4925578000,"TAX_EBT":6.242535419739,"OCF_SALES":6.129198936283,"TOTAL_PARENT_EQUITY":17639613000,"DEBT_ASSET_RATIO":20.7854702938,"OPERATE_PROFIT":848887000,"PRETAX_PROFIT":1840358000,"NETCASH_OPERATE":378521000,"NETCASH_INVEST":1015214000,"NETCASH_FINANCE":-858245000,"END_CASH":1064373000,"DIVI_RATIO":0.392226778672,"DIVIDEND_RATE":11.252475247525,"CURRENT_RATIO":4.72618174165,"COMMON_ACS":null,"CURRENTDEBT_DEBT":62.702285904314,"ISSUED_COMMON_SHARES":4610000000,"HK_COMMON_SHARES":1796000122,"PER_SHARES":2000,"TOTAL_MARKET_CAP":9312200000,"HKSK_MARKET_CAP":3627920246.44,"PE_TTM":6.125928785084,"PB_TTM":0.471400183434,"REPORT_DATE_SQ":"2022-06-30 00:00:00","REPORT_TYPE_SQ":"2022年中报","OPERATE_INCOME_SQ":7370785000,"DPS_HKD":0.2273,"OPERATE_INCOME_QOQ_SQ":9.41134682111,"NET_PROFIT_RATIO_SQ":14.191514201,"HOLDER_PROFIT_SQ":936965000,"HOLDER_PROFIT_QOQ_SQ":-20.619752430225,"ROE_AVG_SQ":5.877981285302,"PE_TTM_SQ":3.399373562262,"PB_TTM_SQ":0.46263086248,"ROA_SQ":4.31154848606,"START_DATE":"2023-01-01 00:00:00","FISCAL_YEAR":"12-31","CURRENCY":"HKD","IS_CNY_CODE":0,"DPS_HKD_LY":0.1988,"ORG_TYPE":"一般企业","PREMIUM_INCOME":null,"PREMIUM_INCOME_YOY":null,"NET_INTEREST_INCOME":null,"NET_INTEREST_INCOME_YOY":null,"FEE_COMMISSION_INCOME":null,"FEE_COMMISSION_INCOME_YOY":null,"ACCOUNTS_RECE_TDAYS":20.62265329157,"INVENTORY_TDAYS":4.02838419689,"CURRENT_ASSETS_TDAYS":0.410600235389,"TOTAL_ASSETS_TDAYS":0.261710656894,"PREMIUM_EXPENSE":null,"LOAN_DEPOSIT":null,"LOAN_EQUITY":null,"LOAN_ASSETS":null,"DEPOSIT_EQUITY":null,"DEPOSIT_ASSETS":null,"EQUITY_MULTIPLIER":1.262394668893,"EQUITY_RATIO":0.279233903828},{"SECUCODE":"03983.HK","SECURITY_CODE":"03983","SECURITY_NAME_ABBR":"中海石油化学","ORG_CODE":"10094115","STD_REPORT_DATE":"2022-12-31 00:00:00","REPORT_DATE":"2022-12-31 00:00:00","DATE_TYPE_CODE":"001","REPORT_TYPE":"2022年年报","PER_NETCASH_OPERATE":0.464745553145,"PER_OI":3.09740867679,"BPS":3.632785249458,"BASIC_EPS":0.36,"DILUTED_EPS":0.36,"OPERATE_INCOME":14279054000,"OPERATE_INCOME_YOY":6.575947708,"GROSS_PROFIT":2536647000,"GROSS_PROFIT_YOY":-13.613975437345,"HOLDER_PROFIT":1642578000,"HOLDER_PROFIT_YOY":9.680835578,"GROSS_PROFIT_RATIO":17.764811310329,"EPS_TTM":0.356307592191,"OPERATE_INCOME_QOQ":-2.591503710943,"NET_PROFIT_RATIO":12.5969969719,"ROE_AVG":10.085134447185,"GROSS_PROFIT_QOQ":-17.082228480874,"ROA":7.31184462358,"HOLDER_PROFIT_QOQ":38.17144558743,"ROE_YEARLY":10.085134447185,"ROIC_YEARLY":12.929109966914,"TOTAL_ASSETS":23497659000,"TOTAL_LIABILITIES":5721069000,"TAX_EBT":20.787539375427,"OCF_SALES":15.004334320747,"TOTAL_PARENT_EQUITY":16747140000,"DEBT_ASSET_RATIO":24.3473998835,"OPERATE_PROFIT":1979911000,"PRETAX_PROFIT":2270769000,"NETCASH_OPERATE":2142477000,"NETCASH_INVEST":-2344681000,"NETCASH_FINANCE":56354000,"END_CASH":528783000,"DIVI_RATIO":0.57810669914,"DIVIDEND_RATE":11.252475247525,"CURRENT_RATIO":3.774450770368,"COMMON_ACS":null,"CURRENTDEBT_DEBT":71.708958587984,"ISSUED_COMMON_SHARES":4610000000,"HK_COMMON_SHARES":1796000122,"PER_SHARES":2000,"TOTAL_MARKET_CAP":9312200000,"HKSK_MARKET_CAP":3627920246.44,"PE_TTM":6.125928785084,"PB_TTM":0.471400183434,"REPORT_DATE_SQ":"2021-12-31 00:00:00","REPORT_TYPE_SQ":"2021年年报","OPERATE_INCOME_SQ":13398008000,"DPS_HKD":0.2273,"OPERATE_INCOME_QOQ_SQ":15.942118281486,"NET_PROFIT_RATIO_SQ":12.2513361688,"HOLDER_PROFIT_SQ":1497598000,"HOLDER_PROFIT_QOQ_SQ":-10.926823813784,"ROE_AVG_SQ":9.811673082819,"PE_TTM_SQ":3.399373562262,"PB_TTM_SQ":0.46263086248,"ROA_SQ":7.101096351755,"START_DATE":"2022-01-01 00:00:00","FISCAL_YEAR":"12-31","CURRENCY":"HKD","IS_CNY_CODE":0,"DPS_HKD_LY":0.1815,"ORG_TYPE":"一般企业","PREMIUM_INCOME":null,"PREMIUM_INCOME_YOY":null,"NET_INTEREST_INCOME":null,"NET_INTEREST_INCOME_YOY":null,"FEE_COMMISSION_INCOME":null,"FEE_COMMISSION_INCOME_YOY":null,"ACCOUNTS_RECE_TDAYS":45.068290242605,"INVENTORY_TDAYS":9.69830095654,"CURRENT_ASSETS_TDAYS":0.986586952345,"TOTAL_ASSETS_TDAYS":0.635624148258,"PREMIUM_EXPENSE":null,"LOAN_DEPOSIT":null,"LOAN_EQUITY":null,"LOAN_ASSETS":null,"DEPOSIT_EQUITY":null,"DEPOSIT_ASSETS":null,"EQUITY_MULTIPLIER":1.321831633625,"EQUITY_RATIO":0.341614687642},{"SECUCODE":"03983.HK","SECURITY_CODE":"03983","SECURITY_NAME_ABBR":"中海石油化学","ORG_CODE":"10094115","STD_REPORT_DATE":"2022-06-30 00:00:00","REPORT_DATE":"2022-06-30 00:00:00","DATE_TYPE_CODE":"002","REPORT_TYPE":"2022年中报","PER_NETCASH_OPERATE":0.161518004338,"PER_OI":1.598868763557,"BPS":3.48229978308,"BASIC_EPS":0.2,"DILUTED_EPS":null,"OPERATE_INCOME":7370785000,"OPERATE_INCOME_YOY":20.6377012078,"GROSS_PROFIT":1408050000,"GROSS_PROFIT_YOY":9.556521921808,"HOLDER_PROFIT":936965000,"HOLDER_PROFIT_YOY":-24.7880420561,"GROSS_PROFIT_RATIO":19.103121309331,"EPS_TTM":0.257873535792,"OPERATE_INCOME_QOQ":9.41134682111,"NET_PROFIT_RATIO":14.191514201,"ROE_AVG":5.877981285302,"GROSS_PROFIT_QOQ":4.182762006246,"ROA":4.31154848606,"HOLDER_PROFIT_QOQ":-20.619752430225,"ROE_YEARLY":11.755962570603,"ROIC_YEARLY":15.486305512091,"TOTAL_ASSETS":22031461000,"TOTAL_LIABILITIES":4942916000,"TAX_EBT":19.285999787032,"OCF_SALES":10.102017627702,"TOTAL_PARENT_EQUITY":16053402000,"DEBT_ASSET_RATIO":22.4357159064,"OPERATE_PROFIT":1159128000,"PRETAX_PROFIT":1295966000,"NETCASH_OPERATE":744598000,"NETCASH_INVEST":-260002000,"NETCASH_FINANCE":-296870000,"END_CASH":864750000,"DIVI_RATIO":0.79877838324,"DIVIDEND_RATE":11.252475247525,"CURRENT_RATIO":3.975539871526,"COMMON_ACS":null,"CURRENTDEBT_DEBT":70.953603095824,"ISSUED_COMMON_SHARES":4610000000,"HK_COMMON_SHARES":1796000122,"PER_SHARES":2000,"TOTAL_MARKET_CAP":9312200000,"HKSK_MARKET_CAP":3627920246.44,"PE_TTM":6.125928785084,"PB_TTM":0.471400183434,"REPORT_DATE_SQ":"2021-06-30 00:00:00","REPORT_TYPE_SQ":"2021年中报","OPERATE_INCOME_SQ":6109852000,"DPS_HKD":0.2273,"OPERATE_INCOME_QOQ_SQ":10.926621212992,"NET_PROFIT_RATIO_SQ":21.7341598454,"HOLDER_PROFIT_SQ":1245766000,"HOLDER_PROFIT_QOQ_SQ":125.53263982508,"ROE_AVG_SQ":8.229012440033,"PE_TTM_SQ":3.399373562262,"PB_TTM_SQ":0.46263086248,"ROA_SQ":6.016541739606,"START_DATE":"2022-01-01 00:00:00","FISCAL_YEAR":"12-31","CURRENCY":"HKD","IS_CNY_CODE":0,"DPS_HKD_LY":0.1815,"ORG_TYPE":"一般企业","PREMIUM_INCOME":null,"PREMIUM_INCOME_YOY":null,"NET_INTEREST_INCOME":null,"NET_INTEREST_INCOME_YOY":null,"FEE_COMMISSION_INCOME":null,"FEE_COMMISSION_INCOME_YOY":null,"ACCOUNTS_RECE_TDAYS":29.44127450765,"INVENTORY_TDAYS":4.354498832456,"CURRENT_ASSETS_TDAYS":0.537924510518,"TOTAL_ASSETS_TDAYS":0.339174856135,"PREMIUM_EXPENSE":null,"LOAN_DEPOSIT":null,"LOAN_EQUITY":null,"LOAN_ASSETS":null,"DEPOSIT_EQUITY":null,"DEPOSIT_ASSETS":null,"EQUITY_MULTIPLIER":1.289253181004,"EQUITY_RATIO":0.307904579976},{"SECUCODE":"03983.HK","SECURITY_CODE":"03983","SECURITY_NAME_ABBR":"中海石油化学","ORG_CODE":"10094115","STD_REPORT_DATE":"2021-12-31 00:00:00","REPORT_DATE":"2021-12-31 00:00:00","DATE_TYPE_CODE":"001","REPORT_TYPE":"2021年年报","PER_NETCASH_OPERATE":0.637463774403,"PER_OI":2.906292407809,"BPS":3.433210629067,"BASIC_EPS":0.32,"DILUTED_EPS":null,"OPERATE_INCOME":13398008000,"OPERATE_INCOME_YOY":28.6106743724,"GROSS_PROFIT":2936409000,"GROSS_PROFIT_YOY":120.165506010221,"HOLDER_PROFIT":1497598000,"HOLDER_PROFIT_YOY":100.8890856288,"GROSS_PROFIT_RATIO":21.91675807329,"EPS_TTM":0.32485856833,"OPERATE_INCOME_QOQ":15.942118281486,"NET_PROFIT_RATIO":12.2513361688,"ROE_AVG":9.811673082819,"GROSS_PROFIT_QOQ":24.891500734954,"ROA":7.101096351755,"HOLDER_PROFIT_QOQ":-10.926823813784,"ROE_YEARLY":9.811673082819,"ROIC_YEARLY":13.915928574468,"TOTAL_ASSETS":21431578000,"TOTAL_LIABILITIES":4516904000,"TAX_EBT":37.862232293537,"OCF_SALES":21.933917340548,"TOTAL_PARENT_EQUITY":15827101000,"DEBT_ASSET_RATIO":21.0759282401,"OPERATE_PROFIT":1792330000,"PRETAX_PROFIT":2641606000,"NETCASH_OPERATE":2938708000,"NETCASH_INVEST":-3662736000,"NETCASH_FINANCE":-1366718000,"END_CASH":674449000,"DIVI_RATIO":0.634072258149,"DIVIDEND_RATE":11.252475247525,"CURRENT_RATIO":3.910940869642,"COMMON_ACS":null,"CURRENTDEBT_DEBT":76.203501336314,"ISSUED_COMMON_SHARES":4610000000,"HK_COMMON_SHARES":1796000122,"PER_SHARES":2000,"TOTAL_MARKET_CAP":9312200000,"HKSK_MARKET_CAP":3627920246.44,"PE_TTM":6.125928785084,"PB_TTM":0.471400183434,"REPORT_DATE_SQ":"2020-12-31 00:00:00","REPORT_TYPE_SQ":"2020年年报","OPERATE_INCOME_SQ":10417493000,"DPS_HKD":0.2273,"OPERATE_INCOME_QOQ_SQ":-1.358885825733,"NET_PROFIT_RATIO_SQ":7.479313881,"HOLDER_PROFIT_SQ":745485000,"HOLDER_PROFIT_QOQ_SQ":60.509895618024,"ROE_AVG_SQ":5.139466238284,"PE_TTM_SQ":3.399373562262,"PB_TTM_SQ":0.46263086248,"ROA_SQ":3.711896281905,"START_DATE":"2021-01-01 00:00:00","FISCAL_YEAR":"12-31","CURRENCY":"HKD","IS_CNY_CODE":0,"DPS_HKD_LY":0.095078,"ORG_TYPE":"一般企业","PREMIUM_INCOME":null,"PREMIUM_INCOME_YOY":null,"NET_INTEREST_INCOME":null,"NET_INTEREST_INCOME_YOY":null,"FEE_COMMISSION_INCOME":null,"FEE_COMMISSION_INCOME_YOY":null,"ACCOUNTS_RECE_TDAYS":31.593934006023,"INVENTORY_TDAYS":9.369784823448,"CURRENT_ASSETS_TDAYS":1.024819032311,"TOTAL_ASSETS_TDAYS":0.635287612093,"PREMIUM_EXPENSE":null,"LOAN_DEPOSIT":null,"LOAN_EQUITY":null,"LOAN_ASSETS":null,"DEPOSIT_EQUITY":null,"DEPOSIT_ASSETS":null,"EQUITY_MULTIPLIER":1.267040558985,"EQUITY_RATIO":0.285390483071},{"SECUCODE":"03983.HK","SECURITY_CODE":"03983","SECURITY_NAME_ABBR":"中海石油化学","ORG_CODE":"10094115","STD_REPORT_DATE":"2021-06-30 00:00:00","REPORT_DATE":"2021-06-30 00:00:00","DATE_TYPE_CODE":"002","REPORT_TYPE":"2021年中报","PER_NETCASH_OPERATE":0.241738828633,"PER_OI":1.325347505423,"BPS":3.37909978308,"BASIC_EPS":0.27,"DILUTED_EPS":null,"OPERATE_INCOME":6109852000,"OPERATE_INCOME_YOY":22.8957762253,"GROSS_PROFIT":1285227000,"GROSS_PROFIT_YOY":87.534855623666,"HOLDER_PROFIT":1245766000,"HOLDER_PROFIT_YOY":301.9390912405,"GROSS_PROFIT_RATIO":23.647283109313,"EPS_TTM":0.364709761388,"OPERATE_INCOME_QOQ":10.926621212992,"NET_PROFIT_RATIO":21.7341598454,"ROE_AVG":8.229012440033,"GROSS_PROFIT_QOQ":47.716031038883,"ROA":6.016541739606,"HOLDER_PROFIT_QOQ":125.53263982508,"ROE_YEARLY":16.458024880066,"ROIC_YEARLY":24.520343849242,"TOTAL_ASSETS":20663596000,"TOTAL_LIABILITIES":4057400000,"TAX_EBT":22.960826732711,"OCF_SALES":18.239656214259,"TOTAL_PARENT_EQUITY":15577650000,"DEBT_ASSET_RATIO":19.6354981001,"OPERATE_PROFIT":1499811000,"PRETAX_PROFIT":1723701000,"NETCASH_OPERATE":1114416000,"NETCASH_INVEST":-1685832000,"NETCASH_FINANCE":-1453380000,"END_CASH":766840000,"DIVI_RATIO":0.564788299649,"DIVIDEND_RATE":11.252475247525,"CURRENT_RATIO":3.363009425003,"COMMON_ACS":null,"CURRENTDEBT_DEBT":95.196234041504,"ISSUED_COMMON_SHARES":4610000000,"HK_COMMON_SHARES":1796000122,"PER_SHARES":2000,"TOTAL_MARKET_CAP":9312200000,"HKSK_MARKET_CAP":3627920246.44,"PE_TTM":6.125928785084,"PB_TTM":0.471400183434,"REPORT_DATE_SQ":"2020-06-30 00:00:00","REPORT_TYPE_SQ":"2020年中报","OPERATE_INCOME_SQ":4971572000,"DPS_HKD":0.2273,"OPERATE_INCOME_QOQ_SQ":-2.739160845923,"NET_PROFIT_RATIO_SQ":6.0265847503,"HOLDER_PROFIT_SQ":309939000,"HOLDER_PROFIT_QOQ_SQ":-33.953815109703,"ROE_AVG_SQ":2.168988121508,"PE_TTM_SQ":3.399373562262,"PB_TTM_SQ":0.46263086248,"ROA_SQ":1.589577051078,"START_DATE":"2021-01-01 00:00:00","FISCAL_YEAR":"12-31","CURRENCY":"HKD","IS_CNY_CODE":0,"DPS_HKD_LY":0.095078,"ORG_TYPE":"一般企业","PREMIUM_INCOME":null,"PREMIUM_INCOME_YOY":null,"NET_INTEREST_INCOME":null,"NET_INTEREST_INCOME_YOY":null,"FEE_COMMISSION_INCOME":null,"FEE_COMMISSION_INCOME_YOY":null,"ACCOUNTS_RECE_TDAYS":9.802984126322,"INVENTORY_TDAYS":4.29592760431,"CURRENT_ASSETS_TDAYS":0.475936781757,"TOTAL_ASSETS_TDAYS":0.295080934789,"PREMIUM_EXPENSE":null,"LOAN_DEPOSIT":null,"LOAN_EQUITY":null,"LOAN_ASSETS":null,"DEPOSIT_EQUITY":null,"DEPOSIT_ASSETS":null,"EQUITY_MULTIPLIER":1.244330489655,"EQUITY_RATIO":0.260462906793},{"SECUCODE":"03983.HK","SECURITY_CODE":"03983","SECURITY_NAME_ABBR":"中海石油化学","ORG_CODE":"10094115","STD_REPORT_DATE":"2020-12-31 00:00:00","REPORT_DATE":"2020-12-31 00:00:00","DATE_TYPE_CODE":"001","REPORT_TYPE":"2020年年报","PER_NETCASH_OPERATE":0.274014099783,"PER_OI":2.259759869848,"BPS":3.188668546638,"BASIC_EPS":0.16,"DILUTED_EPS":null,"OPERATE_INCOME":10417493000,"OPERATE_INCOME_YOY":-4.0608246032,"GROSS_PROFIT":1333728000,"GROSS_PROFIT_YOY":-30.584025032321,"HOLDER_PROFIT":745485000,"HOLDER_PROFIT_YOY":6.0106624271,"GROSS_PROFIT_RATIO":15.278925553394,"EPS_TTM":0.161710412148,"OPERATE_INCOME_QOQ":-1.358885825733,"NET_PROFIT_RATIO":7.479313881,"ROE_AVG":5.139466238284,"GROSS_PROFIT_QOQ":0.741216605379,"ROA":3.711896281905,"HOLDER_PROFIT_QOQ":60.509895618024,"ROE_YEARLY":5.139466238284,"ROIC_YEARLY":6.643425941554,"TOTAL_ASSETS":20747768000,"TOTAL_LIABILITIES":5119631000,"TAX_EBT":26.049173559602,"OCF_SALES":12.125806084055,"TOTAL_PARENT_EQUITY":14699762000,"DEBT_ASSET_RATIO":24.6755747413,"OPERATE_PROFIT":884918000,"PRETAX_PROFIT":1053615000,"NETCASH_OPERATE":1263205000,"NETCASH_INVEST":1111135000,"NETCASH_FINANCE":-415861000,"END_CASH":2765445000,"DIVI_RATIO":1.273781961622,"DIVIDEND_RATE":11.252475247525,"CURRENT_RATIO":2.587437848162,"COMMON_ACS":null,"CURRENTDEBT_DEBT":95.762975886348,"ISSUED_COMMON_SHARES":4610000000,"HK_COMMON_SHARES":1796000122,"PER_SHARES":2000,"TOTAL_MARKET_CAP":9312200000,"HKSK_MARKET_CAP":3627920246.44,"PE_TTM":6.125928785084,"PB_TTM":0.471400183434,"REPORT_DATE_SQ":"2019-12-31 00:00:00","REPORT_TYPE_SQ":"2019年年报","OPERATE_INCOME_SQ":10858435000,"DPS_HKD":0.2273,"OPERATE_INCOME_QOQ_SQ":-1.55873298527,"NET_PROFIT_RATIO_SQ":6.9530093425,"HOLDER_PROFIT_SQ":703217000,"HOLDER_PROFIT_QOQ_SQ":-40.164221077307,"ROE_AVG_SQ":4.931199958375,"PE_TTM_SQ":3.399373562262,"PB_TTM_SQ":0.46263086248,"ROA_SQ":3.572460208317,"START_DATE":"2020-01-01 00:00:00","FISCAL_YEAR":"12-31","CURRENCY":"HKD","IS_CNY_CODE":0,"DPS_HKD_LY":0.0829,"ORG_TYPE":"一般企业","PREMIUM_INCOME":null,"PREMIUM_INCOME_YOY":null,"NET_INTEREST_INCOME":null,"NET_INTEREST_INCOME_YOY":null,"FEE_COMMISSION_INCOME":null,"FEE_COMMISSION_INCOME_YOY":null,"ACCOUNTS_RECE_TDAYS":20.796761552267,"INVENTORY_TDAYS":8.35670027345,"CURRENT_ASSETS_TDAYS":0.883944744061,"TOTAL_ASSETS_TDAYS":0.5187046491,"PREMIUM_EXPENSE":null,"LOAN_DEPOSIT":null,"LOAN_EQUITY":null,"LOAN_ASSETS":null,"DEPOSIT_EQUITY":null,"DEPOSIT_ASSETS":null,"EQUITY_MULTIPLIER":1.327590614287,"EQUITY_RATIO":0.348279856504},{"SECUCODE":"03983.HK","SECURITY_CODE":"03983","SECURITY_NAME_ABBR":"中海石油化学","ORG_CODE":"10094115","STD_REPORT_DATE":"2020-06-30 00:00:00","REPORT_DATE":"2020-06-30 00:00:00","DATE_TYPE_CODE":"002","REPORT_TYPE":"2020年中报","PER_NETCASH_OPERATE":0.047690238612,"PER_OI":1.078432104121,"BPS":3.095159219089,"BASIC_EPS":0.07,"DILUTED_EPS":null,"OPERATE_INCOME":4971572000,"OPERATE_INCOME_YOY":-5.6449020137,"GROSS_PROFIT":685327000,"GROSS_PROFIT_YOY":-33.250382531438,"HOLDER_PROFIT":309939000,"HOLDER_PROFIT_YOY":-43.5147655948,"GROSS_PROFIT_RATIO":13.784915515656,"EPS_TTM":0.100747939262,"OPERATE_INCOME_QOQ":-2.739160845923,"NET_PROFIT_RATIO":6.0265847503,"ROE_AVG":2.168988121508,"GROSS_PROFIT_QOQ":-17.767972202965,"ROA":1.589577051078,"HOLDER_PROFIT_QOQ":-33.953815109703,"ROE_YEARLY":4.337976243016,"ROIC_YEARLY":4.936927890579,"TOTAL_ASSETS":19576839000,"TOTAL_LIABILITIES":4557326000,"TAX_EBT":30.708442896491,"OCF_SALES":4.422182762313,"TOTAL_PARENT_EQUITY":14268684000,"DEBT_ASSET_RATIO":23.2791718827,"OPERATE_PROFIT":358325000,"PRETAX_PROFIT":432399000,"NETCASH_OPERATE":219852000,"NETCASH_INVEST":379747000,"NETCASH_FINANCE":-420099000,"END_CASH":1002967000,"DIVI_RATIO":2.044546097001,"DIVIDEND_RATE":11.252475247525,"CURRENT_RATIO":2.834066192374,"COMMON_ACS":null,"CURRENTDEBT_DEBT":89.055160855291,"ISSUED_COMMON_SHARES":4610000000,"HK_COMMON_SHARES":1796000122,"PER_SHARES":2000,"TOTAL_MARKET_CAP":9312200000,"HKSK_MARKET_CAP":3627920246.44,"PE_TTM":6.125928785084,"PB_TTM":0.471400183434,"REPORT_DATE_SQ":"2019-06-30 00:00:00","REPORT_TYPE_SQ":"2019年中报","OPERATE_INCOME_SQ":5269002000,"DPS_HKD":0.2273,"OPERATE_INCOME_QOQ_SQ":-2.035793307235,"NET_PROFIT_RATIO_SQ":11.3378017317,"HOLDER_PROFIT_SQ":548708000,"HOLDER_PROFIT_QOQ_SQ":-14.76876328061,"ROE_AVG_SQ":3.88048753545,"PE_TTM_SQ":3.399373562262,"PB_TTM_SQ":0.46263086248,"ROA_SQ":2.745647833842,"START_DATE":"2020-01-01 00:00:00","FISCAL_YEAR":"12-31","CURRENCY":"HKD","IS_CNY_CODE":0,"DPS_HKD_LY":0.0829,"ORG_TYPE":"一般企业","PREMIUM_INCOME":null,"PREMIUM_INCOME_YOY":null,"NET_INTEREST_INCOME":null,"NET_INTEREST_INCOME_YOY":null,"FEE_COMMISSION_INCOME":null,"FEE_COMMISSION_INCOME_YOY":null,"ACCOUNTS_RECE_TDAYS":8.495966546388,"INVENTORY_TDAYS":3.640770905737,"CURRENT_ASSETS_TDAYS":0.444145026729,"TOTAL_ASSETS_TDAYS":0.254975874575,"PREMIUM_EXPENSE":null,"LOAN_DEPOSIT":null,"LOAN_EQUITY":null,"LOAN_ASSETS":null,"DEPOSIT_EQUITY":null,"DEPOSIT_ASSETS":null,"EQUITY_MULTIPLIER":1.303427015244,"EQUITY_RATIO":0.319393575469}],"count":43},"success":true,"message":"ok","code":0}