{"version":"5d466d5f0c8b1f2f8a01c6cc85f856f2","result":{"pages":5,"data":[{"SECUCODE":"03998.HK","SECURITY_CODE":"03998","SECURITY_NAME_ABBR":"波司登","ORG_CODE":"10096948","STD_REPORT_DATE":"2024-06-30 00:00:00","REPORT_DATE":"2024-09-30 00:00:00","DATE_TYPE_CODE":"002","REPORT_TYPE":"2024年中报","PER_NETCASH_OPERATE":-0.315348948926,"PER_OI":0.797097218748,"BPS":1.146032813784,"BASIC_EPS":0.1035,"DILUTED_EPS":0.1013,"OPERATE_INCOME":8804128000,"OPERATE_INCOME_YOY":17.8335484795,"GROSS_PROFIT":4391320000,"GROSS_PROFIT_YOY":17.620116583014,"HOLDER_PROFIT":1129698000,"HOLDER_PROFIT_YOY":22.9754516746,"GROSS_PROFIT_RATIO":49.877966335792,"EPS_TTM":0.279661954676,"OPERATE_INCOME_QOQ":0,"NET_PROFIT_RATIO":12.9720740089,"ROE_AVG":8.37202849711,"GROSS_PROFIT_QOQ":0,"ROA":4.288911246544,"HOLDER_PROFIT_QOQ":0,"ROE_YEARLY":16.744056994221,"ROIC_YEARLY":11.110525385093,"TOTAL_ASSETS":26908738000,"TOTAL_LIABILITIES":13560307000,"TAX_EBT":26.71696456988,"OCF_SALES":-39.562169018897,"TOTAL_PARENT_EQUITY":13252002000,"DEBT_ASSET_RATIO":50.3936936768,"OPERATE_PROFIT":1471805000,"PRETAX_PROFIT":1558448000,"NETCASH_OPERATE":-3483104000,"NETCASH_INVEST":1084402000,"NETCASH_FINANCE":-1877375000,"END_CASH":1962725000,"DIVI_RATIO":0.841792728914,"DIVIDEND_RATE":6.598984771574,"CURRENT_RATIO":1.509426130188,"COMMON_ACS":20000000000,"CURRENTDEBT_DEBT":95.702811153169,"ISSUED_COMMON_SHARES":11563370473,"HK_COMMON_SHARES":11563370473,"PER_SHARES":2000,"TOTAL_MARKET_CAP":45559679663.62,"HKSK_MARKET_CAP":45559679663.62,"PE_TTM":12.507502833161,"PB_TTM":3.100306166861,"REPORT_DATE_SQ":"2023-06-30 00:00:00","REPORT_TYPE_SQ":"2023年中报","OPERATE_INCOME_SQ":7471665000,"DPS_HKD":0.26,"OPERATE_INCOME_QOQ_SQ":0,"NET_PROFIT_RATIO_SQ":12.2621263132,"HOLDER_PROFIT_SQ":918637000,"HOLDER_PROFIT_QOQ_SQ":0,"ROE_AVG_SQ":7.457479426393,"PE_TTM_SQ":15.832431657879,"PB_TTM_SQ":3.163143169501,"ROA_SQ":4.126412260045,"START_DATE":"2024-04-01 00:00:00","FISCAL_YEAR":"3-31","CURRENCY":"HKD","IS_CNY_CODE":0,"DPS_HKD_LY":0.26,"ORG_TYPE":"一般企业","PREMIUM_INCOME":null,"PREMIUM_INCOME_YOY":null,"NET_INTEREST_INCOME":null,"NET_INTEREST_INCOME_YOY":null,"FEE_COMMISSION_INCOME":null,"FEE_COMMISSION_INCOME_YOY":null,"ACCOUNTS_RECE_TDAYS":2.912813230808,"INVENTORY_TDAYS":0.965952892808,"CURRENT_ASSETS_TDAYS":0.456085790749,"TOTAL_ASSETS_TDAYS":0.334249716253,"PREMIUM_EXPENSE":null,"LOAN_DEPOSIT":null,"LOAN_EQUITY":null,"LOAN_ASSETS":null,"DEPOSIT_EQUITY":null,"DEPOSIT_ASSETS":null,"EQUITY_MULTIPLIER":2.015872726916,"EQUITY_RATIO":1.023264786709},{"SECUCODE":"03998.HK","SECURITY_CODE":"03998","SECURITY_NAME_ABBR":"波司登","ORG_CODE":"10096948","STD_REPORT_DATE":"2023-12-31 00:00:00","REPORT_DATE":"2024-03-31 00:00:00","DATE_TYPE_CODE":"001","REPORT_TYPE":"2023年年报","PER_NETCASH_OPERATE":0.671985549847,"PER_OI":2.125624487779,"BPS":1.187840174461,"BASIC_EPS":0.2834,"DILUTED_EPS":0.2752,"OPERATE_INCOME":23214033000,"OPERATE_INCOME_YOY":38.3911323448,"GROSS_PROFIT":13833540000,"GROSS_PROFIT_YOY":38.669927332697,"HOLDER_PROFIT":3074072000,"HOLDER_PROFIT_YOY":43.7440088582,"GROSS_PROFIT_RATIO":59.591282566024,"EPS_TTM":0.21294200466,"OPERATE_INCOME_QOQ":0,"NET_PROFIT_RATIO":13.440732164,"ROE_AVG":23.392496929616,"GROSS_PROFIT_QOQ":0,"ROA":13.161276296221,"HOLDER_PROFIT_QOQ":0,"ROE_YEARLY":23.392496929616,"ROIC_YEARLY":18.500392356809,"TOTAL_ASSETS":25771205000,"TOTAL_LIABILITIES":11951720000,"TAX_EBT":31.292849262642,"OCF_SALES":31.613558919297,"TOTAL_PARENT_EQUITY":13735436000,"DEBT_ASSET_RATIO":46.3762559803,"OPERATE_PROFIT":4397556000,"PRETAX_PROFIT":4541210000,"NETCASH_OPERATE":7338782000,"NETCASH_INVEST":-2426490000,"NETCASH_FINANCE":-2379555000,"END_CASH":6227015000,"DIVI_RATIO":1.105547026177,"DIVIDEND_RATE":6.753246753247,"CURRENT_RATIO":1.700661392741,"COMMON_ACS":20000000000,"CURRENTDEBT_DEBT":93.568691368272,"ISSUED_COMMON_SHARES":11563370473,"HK_COMMON_SHARES":11563370473,"PER_SHARES":2000,"TOTAL_MARKET_CAP":44518976321.05,"HKSK_MARKET_CAP":44518976321.05,"PE_TTM":12.221798453723,"PB_TTM":3.029486990461,"REPORT_DATE_SQ":"2022-12-31 00:00:00","REPORT_TYPE_SQ":"2022年年报","OPERATE_INCOME_SQ":16774220000,"DPS_HKD":0.26,"OPERATE_INCOME_QOQ_SQ":0,"NET_PROFIT_RATIO_SQ":12.8553399204,"HOLDER_PROFIT_SQ":2138574000,"HOLDER_PROFIT_QOQ_SQ":0,"ROE_AVG_SQ":17.288241726608,"PE_TTM_SQ":15.998216282569,"PB_TTM_SQ":3.196265087507,"ROA_SQ":10.129085122104,"START_DATE":"2023-04-01 00:00:00","FISCAL_YEAR":"3-31","CURRENCY":"HKD","IS_CNY_CODE":0,"DPS_HKD_LY":0.185,"ORG_TYPE":"一般企业","PREMIUM_INCOME":null,"PREMIUM_INCOME_YOY":null,"NET_INTEREST_INCOME":null,"NET_INTEREST_INCOME_YOY":null,"FEE_COMMISSION_INCOME":null,"FEE_COMMISSION_INCOME_YOY":null,"ACCOUNTS_RECE_TDAYS":19.178137747146,"INVENTORY_TDAYS":3.18696910705,"CURRENT_ASSETS_TDAYS":1.37602756983,"TOTAL_ASSETS_TDAYS":0.993881412871,"PREMIUM_EXPENSE":null,"LOAN_DEPOSIT":null,"LOAN_EQUITY":null,"LOAN_ASSETS":null,"DEPOSIT_EQUITY":null,"DEPOSIT_ASSETS":null,"EQUITY_MULTIPLIER":1.864845542364,"EQUITY_RATIO":0.870137649799},{"SECUCODE":"03998.HK","SECURITY_CODE":"03998","SECURITY_NAME_ABBR":"波司登","ORG_CODE":"10096948","STD_REPORT_DATE":"2023-06-30 00:00:00","REPORT_DATE":"2023-09-30 00:00:00","DATE_TYPE_CODE":"002","REPORT_TYPE":"2023年中报","PER_NETCASH_OPERATE":-0.053695488503,"PER_OI":0.685169274411,"BPS":1.045504079302,"BASIC_EPS":0.0847,"DILUTED_EPS":0.0835,"OPERATE_INCOME":7471665000,"OPERATE_INCOME_YOY":20.8916319403,"GROSS_PROFIT":3733477000,"GROSS_PROFIT_YOY":20.859191619083,"HOLDER_PROFIT":918637000,"HOLDER_PROFIT_YOY":25.1061575462,"GROSS_PROFIT_RATIO":49.96847422897,"EPS_TTM":0.196140330596,"OPERATE_INCOME_QOQ":0,"NET_PROFIT_RATIO":12.2621263132,"ROE_AVG":7.457479426393,"GROSS_PROFIT_QOQ":0,"ROA":4.126412260045,"HOLDER_PROFIT_QOQ":0,"ROE_YEARLY":14.914958852786,"ROIC_YEARLY":10.223917421765,"TOTAL_ASSETS":23582048000,"TOTAL_LIABILITIES":11449701000,"TAX_EBT":29.553168160156,"OCF_SALES":-7.836820842476,"TOTAL_PARENT_EQUITY":12089551000,"DEBT_ASSET_RATIO":48.5526151079,"OPERATE_PROFIT":1230967000,"PRETAX_PROFIT":1300534000,"NETCASH_OPERATE":-585541000,"NETCASH_INVEST":1161249000,"NETCASH_FINANCE":-1458100000,"END_CASH":2807826000,"DIVI_RATIO":1.20024983788,"DIVIDEND_RATE":6.753246753247,"CURRENT_RATIO":1.898249285628,"COMMON_ACS":20000000000,"CURRENTDEBT_DEBT":79.208662304806,"ISSUED_COMMON_SHARES":11563370473,"HK_COMMON_SHARES":11563370473,"PER_SHARES":2000,"TOTAL_MARKET_CAP":44518976321.05,"HKSK_MARKET_CAP":44518976321.05,"PE_TTM":12.221798453723,"PB_TTM":3.029486990461,"REPORT_DATE_SQ":"2022-06-30 00:00:00","REPORT_TYPE_SQ":"2022年中报","OPERATE_INCOME_SQ":6180465000,"DPS_HKD":0.26,"OPERATE_INCOME_QOQ_SQ":0,"NET_PROFIT_RATIO_SQ":11.7228881646,"HOLDER_PROFIT_SQ":734286000,"HOLDER_PROFIT_QOQ_SQ":0,"ROE_AVG_SQ":6.190584525663,"PE_TTM_SQ":15.998216282569,"PB_TTM_SQ":3.196265087507,"ROA_SQ":3.323456915513,"START_DATE":"2023-04-01 00:00:00","FISCAL_YEAR":"3-31","CURRENCY":"HKD","IS_CNY_CODE":0,"DPS_HKD_LY":0.185,"ORG_TYPE":"一般企业","PREMIUM_INCOME":null,"PREMIUM_INCOME_YOY":null,"NET_INTEREST_INCOME":null,"NET_INTEREST_INCOME_YOY":null,"FEE_COMMISSION_INCOME":null,"FEE_COMMISSION_INCOME_YOY":null,"ACCOUNTS_RECE_TDAYS":2.837497740382,"INVENTORY_TDAYS":1.139342539762,"CURRENT_ASSETS_TDAYS":0.467892095438,"TOTAL_ASSETS_TDAYS":0.335618639995,"PREMIUM_EXPENSE":null,"LOAN_DEPOSIT":null,"LOAN_EQUITY":null,"LOAN_ASSETS":null,"DEPOSIT_EQUITY":null,"DEPOSIT_ASSETS":null,"EQUITY_MULTIPLIER":1.943733393053,"EQUITY_RATIO":0.947074130379},{"SECUCODE":"03998.HK","SECURITY_CODE":"03998","SECURITY_NAME_ABBR":"波司登","ORG_CODE":"10096948","STD_REPORT_DATE":"2022-12-31 00:00:00","REPORT_DATE":"2023-03-31 00:00:00","DATE_TYPE_CODE":"001","REPORT_TYPE":"2022年年报","PER_NETCASH_OPERATE":0.279792639767,"PER_OI":1.538455557907,"BPS":1.085073857081,"BASIC_EPS":0.1975,"DILUTED_EPS":0.1929,"OPERATE_INCOME":16774220000,"OPERATE_INCOME_YOY":3.4576634639,"GROSS_PROFIT":9975876000,"GROSS_PROFIT_YOY":2.451397884336,"HOLDER_PROFIT":2138574000,"HOLDER_PROFIT_YOY":3.6973354804,"GROSS_PROFIT_RATIO":59.471474679598,"EPS_TTM":0.198021371186,"OPERATE_INCOME_QOQ":0,"NET_PROFIT_RATIO":12.8553399204,"ROE_AVG":17.288241726608,"GROSS_PROFIT_QOQ":0,"ROA":10.129085122104,"HOLDER_PROFIT_QOQ":0,"ROE_YEARLY":17.288241726608,"ROIC_YEARLY":12.399490273057,"TOTAL_ASSETS":20942684000,"TOTAL_LIABILITIES":8338315000,"TAX_EBT":25.315232536272,"OCF_SALES":18.186592282681,"TOTAL_PARENT_EQUITY":12547111000,"DEBT_ASSET_RATIO":39.8149301207,"OPERATE_PROFIT":2826372000,"PRETAX_PROFIT":2887313000,"NETCASH_OPERATE":3050659000,"NETCASH_INVEST":616560000,"NETCASH_FINANCE":-2492967000,"END_CASH":3718211000,"DIVI_RATIO":1.188848448984,"DIVIDEND_RATE":6.753246753247,"CURRENT_RATIO":2.431826448463,"COMMON_ACS":20000000000,"CURRENTDEBT_DEBT":72.603421674523,"ISSUED_COMMON_SHARES":11563370473,"HK_COMMON_SHARES":11563370473,"PER_SHARES":2000,"TOTAL_MARKET_CAP":44518976321.05,"HKSK_MARKET_CAP":44518976321.05,"PE_TTM":12.221798453723,"PB_TTM":3.029486990461,"REPORT_DATE_SQ":"2021-12-31 00:00:00","REPORT_TYPE_SQ":"2021年年报","OPERATE_INCOME_SQ":16213608000,"DPS_HKD":0.26,"OPERATE_INCOME_QOQ_SQ":0,"NET_PROFIT_RATIO_SQ":12.6978029813,"HOLDER_PROFIT_SQ":2062323000,"HOLDER_PROFIT_QOQ_SQ":0,"ROE_AVG_SQ":17.73109587964,"PE_TTM_SQ":15.998216282569,"PB_TTM_SQ":3.196265087507,"ROA_SQ":10.250126540906,"START_DATE":"2022-04-01 00:00:00","FISCAL_YEAR":"3-31","CURRENCY":"HKD","IS_CNY_CODE":0,"DPS_HKD_LY":0.18,"ORG_TYPE":"一般企业","PREMIUM_INCOME":null,"PREMIUM_INCOME_YOY":null,"NET_INTEREST_INCOME":null,"NET_INTEREST_INCOME_YOY":null,"FEE_COMMISSION_INCOME":null,"FEE_COMMISSION_INCOME_YOY":null,"ACCOUNTS_RECE_TDAYS":15.533605311397,"INVENTORY_TDAYS":2.528454929261,"CURRENT_ASSETS_TDAYS":1.138827450827,"TOTAL_ASSETS_TDAYS":0.794489703124,"PREMIUM_EXPENSE":null,"LOAN_DEPOSIT":null,"LOAN_EQUITY":null,"LOAN_ASSETS":null,"DEPOSIT_EQUITY":null,"DEPOSIT_ASSETS":null,"EQUITY_MULTIPLIER":1.661541644806,"EQUITY_RATIO":0.66456055103},{"SECUCODE":"03998.HK","SECURITY_CODE":"03998","SECURITY_NAME_ABBR":"波司登","ORG_CODE":"10096948","STD_REPORT_DATE":"2022-06-30 00:00:00","REPORT_DATE":"2022-09-30 00:00:00","DATE_TYPE_CODE":"002","REPORT_TYPE":"2022年中报","PER_NETCASH_OPERATE":-0.152964439875,"PER_OI":0.567688062284,"BPS":0.997076762949,"BASIC_EPS":0.0679,"DILUTED_EPS":0.0674,"OPERATE_INCOME":6180465000,"OPERATE_INCOME_YOY":14.0943345164,"GROSS_PROFIT":3089113000,"GROSS_PROFIT_YOY":12.404056149758,"HOLDER_PROFIT":734286000,"HOLDER_PROFIT_YOY":15.0064058991,"GROSS_PROFIT_RATIO":49.981886476179,"EPS_TTM":0.189447247622,"OPERATE_INCOME_QOQ":0,"NET_PROFIT_RATIO":11.7228881646,"ROE_AVG":6.190584525663,"GROSS_PROFIT_QOQ":0,"ROA":3.323456915513,"HOLDER_PROFIT_QOQ":0,"ROE_YEARLY":12.381169051327,"ROIC_YEARLY":7.413678234626,"TOTAL_ASSETS":22904370000,"TOTAL_LIABILITIES":11351222000,"TAX_EBT":28.06467466578,"OCF_SALES":-26.945157039155,"TOTAL_PARENT_EQUITY":11529568000,"DEBT_ASSET_RATIO":49.5591976553,"OPERATE_PROFIT":945157000,"PRETAX_PROFIT":1007195000,"NETCASH_OPERATE":-1665336000,"NETCASH_INVEST":1817610000,"NETCASH_FINANCE":-845499000,"END_CASH":1766901000,"DIVI_RATIO":1.242654105324,"DIVIDEND_RATE":6.753246753247,"CURRENT_RATIO":1.908627532103,"COMMON_ACS":20000000000,"CURRENTDEBT_DEBT":76.954525248471,"ISSUED_COMMON_SHARES":11563370473,"HK_COMMON_SHARES":11563370473,"PER_SHARES":2000,"TOTAL_MARKET_CAP":44518976321.05,"HKSK_MARKET_CAP":44518976321.05,"PE_TTM":12.221798453723,"PB_TTM":3.029486990461,"REPORT_DATE_SQ":"2021-06-30 00:00:00","REPORT_TYPE_SQ":"2021年中报","OPERATE_INCOME_SQ":5416978000,"DPS_HKD":0.26,"OPERATE_INCOME_QOQ_SQ":0,"NET_PROFIT_RATIO_SQ":11.6361658793,"HOLDER_PROFIT_SQ":638474000,"HOLDER_PROFIT_QOQ_SQ":0,"ROE_AVG_SQ":5.747329284654,"PE_TTM_SQ":15.998216282569,"PB_TTM_SQ":3.196265087507,"ROA_SQ":3.137251703257,"START_DATE":"2022-04-01 00:00:00","FISCAL_YEAR":"3-31","CURRENCY":"HKD","IS_CNY_CODE":0,"DPS_HKD_LY":0.18,"ORG_TYPE":"一般企业","PREMIUM_INCOME":null,"PREMIUM_INCOME_YOY":null,"NET_INTEREST_INCOME":null,"NET_INTEREST_INCOME_YOY":null,"FEE_COMMISSION_INCOME":null,"FEE_COMMISSION_INCOME_YOY":null,"ACCOUNTS_RECE_TDAYS":2.172849475927,"INVENTORY_TDAYS":1.009914394101,"CURRENT_ASSETS_TDAYS":0.393546000076,"TOTAL_ASSETS_TDAYS":0.279734451499,"PREMIUM_EXPENSE":null,"LOAN_DEPOSIT":null,"LOAN_EQUITY":null,"LOAN_ASSETS":null,"DEPOSIT_EQUITY":null,"DEPOSIT_ASSETS":null,"EQUITY_MULTIPLIER":1.98252199314,"EQUITY_RATIO":0.984531423901},{"SECUCODE":"03998.HK","SECURITY_CODE":"03998","SECURITY_NAME_ABBR":"波司登","ORG_CODE":"10096948","STD_REPORT_DATE":"2021-12-31 00:00:00","REPORT_DATE":"2022-03-31 00:00:00","DATE_TYPE_CODE":"001","REPORT_TYPE":"2021年年报","PER_NETCASH_OPERATE":0.245279599137,"PER_OI":1.489427137844,"BPS":1.054459253768,"BASIC_EPS":0.1914,"DILUTED_EPS":0.1878,"OPERATE_INCOME":16213608000,"OPERATE_INCOME_YOY":19.9540739538,"GROSS_PROFIT":9737179000,"GROSS_PROFIT_YOY":22.87799273775,"HOLDER_PROFIT":2062323000,"HOLDER_PROFIT_YOY":20.6343013373,"GROSS_PROFIT_RATIO":60.055596508809,"EPS_TTM":0.171087989812,"OPERATE_INCOME_QOQ":0,"NET_PROFIT_RATIO":12.6978029813,"ROE_AVG":17.73109587964,"GROSS_PROFIT_QOQ":0,"ROA":10.250126540906,"HOLDER_PROFIT_QOQ":0,"ROE_YEARLY":17.73109587964,"ROIC_YEARLY":11.609726041837,"TOTAL_ASSETS":21283716000,"TOTAL_LIABILITIES":9057276000,"TAX_EBT":22.954417195455,"OCF_SALES":16.468049554424,"TOTAL_PARENT_EQUITY":12193103000,"DEBT_ASSET_RATIO":42.5549560988,"OPERATE_PROFIT":2568847000,"PRETAX_PROFIT":2672148000,"NETCASH_OPERATE":2670065000,"NETCASH_INVEST":-685840000,"NETCASH_FINANCE":-1232477000,"END_CASH":2502563000,"DIVI_RATIO":1.37600190556,"DIVIDEND_RATE":6.753246753247,"CURRENT_RATIO":2.229423539909,"COMMON_ACS":20000000000,"CURRENTDEBT_DEBT":72.981125892597,"ISSUED_COMMON_SHARES":11563370473,"HK_COMMON_SHARES":11563370473,"PER_SHARES":2000,"TOTAL_MARKET_CAP":44518976321.05,"HKSK_MARKET_CAP":44518976321.05,"PE_TTM":12.221798453723,"PB_TTM":3.029486990461,"REPORT_DATE_SQ":"2020-12-31 00:00:00","REPORT_TYPE_SQ":"2020年年报","OPERATE_INCOME_SQ":13516513000,"DPS_HKD":0.26,"OPERATE_INCOME_QOQ_SQ":0,"NET_PROFIT_RATIO_SQ":12.6139485827,"HOLDER_PROFIT_SQ":1709566000,"HOLDER_PROFIT_QOQ_SQ":0,"ROE_AVG_SQ":16.065366366661,"PE_TTM_SQ":15.998216282569,"PB_TTM_SQ":3.196265087507,"ROA_SQ":9.410026242199,"START_DATE":"2021-04-01 00:00:00","FISCAL_YEAR":"3-31","CURRENCY":"HKD","IS_CNY_CODE":0,"DPS_HKD_LY":0.145,"ORG_TYPE":"一般企业","PREMIUM_INCOME":null,"PREMIUM_INCOME_YOY":null,"NET_INTEREST_INCOME":null,"NET_INTEREST_INCOME_YOY":null,"FEE_COMMISSION_INCOME":null,"FEE_COMMISSION_INCOME_YOY":null,"ACCOUNTS_RECE_TDAYS":15.348977096678,"INVENTORY_TDAYS":2.428299968917,"CURRENT_ASSETS_TDAYS":1.174333748303,"TOTAL_ASSETS_TDAYS":0.80584628928,"PREMIUM_EXPENSE":null,"LOAN_DEPOSIT":null,"LOAN_EQUITY":null,"LOAN_ASSETS":null,"DEPOSIT_EQUITY":null,"DEPOSIT_ASSETS":null,"EQUITY_MULTIPLIER":1.740794213196,"EQUITY_RATIO":0.742819608758},{"SECUCODE":"03998.HK","SECURITY_CODE":"03998","SECURITY_NAME_ABBR":"波司登","ORG_CODE":"10096948","STD_REPORT_DATE":"2021-06-30 00:00:00","REPORT_DATE":"2021-09-30 00:00:00","DATE_TYPE_CODE":"002","REPORT_TYPE":"2021年中报","PER_NETCASH_OPERATE":-0.112522835229,"PER_OI":0.498065637196,"BPS":0.964164992035,"BASIC_EPS":0.0595,"DILUTED_EPS":0.0588,"OPERATE_INCOME":5416978000,"OPERATE_INCOME_YOY":15.6275235373,"GROSS_PROFIT":2748222000,"GROSS_PROFIT_YOY":23.385721635923,"HOLDER_PROFIT":638474000,"HOLDER_PROFIT_YOY":31.364871788,"GROSS_PROFIT_RATIO":50.482611387666,"EPS_TTM":0.158118290036,"OPERATE_INCOME_QOQ":0,"NET_PROFIT_RATIO":11.6361658793,"ROE_AVG":5.747329284654,"GROSS_PROFIT_QOQ":0,"ROA":3.137251703257,"HOLDER_PROFIT_QOQ":0,"ROE_YEARLY":11.494658569309,"ROIC_YEARLY":6.998859665587,"TOTAL_ASSETS":21746523000,"TOTAL_LIABILITIES":10428391000,"TAX_EBT":23.885194548586,"OCF_SALES":-22.707013761675,"TOTAL_PARENT_EQUITY":11148997000,"DEBT_ASSET_RATIO":47.9542913596,"OPERATE_PROFIT":794606000,"PRETAX_PROFIT":823933000,"NETCASH_OPERATE":-1223802000,"NETCASH_INVEST":2492986000,"NETCASH_FINANCE":-1121803000,"END_CASH":1895404000,"DIVI_RATIO":1.488868871189,"DIVIDEND_RATE":6.753246753247,"CURRENT_RATIO":1.888120105914,"COMMON_ACS":20000000000,"CURRENTDEBT_DEBT":78.923670967074,"ISSUED_COMMON_SHARES":11563370473,"HK_COMMON_SHARES":11563370473,"PER_SHARES":2000,"TOTAL_MARKET_CAP":44518976321.05,"HKSK_MARKET_CAP":44518976321.05,"PE_TTM":12.221798453723,"PB_TTM":3.029486990461,"REPORT_DATE_SQ":"2020-06-30 00:00:00","REPORT_TYPE_SQ":"2020年中报","OPERATE_INCOME_SQ":4661116000,"DPS_HKD":0.26,"OPERATE_INCOME_QOQ_SQ":0,"NET_PROFIT_RATIO_SQ":10.5415741638,"HOLDER_PROFIT_SQ":486031000,"HOLDER_PROFIT_QOQ_SQ":0,"ROE_AVG_SQ":4.764234214616,"PE_TTM_SQ":15.998216282569,"PB_TTM_SQ":3.196265087507,"ROA_SQ":2.706231700519,"START_DATE":"2021-04-01 00:00:00","FISCAL_YEAR":"3-31","CURRENCY":"HKD","IS_CNY_CODE":0,"DPS_HKD_LY":0.145,"ORG_TYPE":"一般企业","PREMIUM_INCOME":null,"PREMIUM_INCOME_YOY":null,"NET_INTEREST_INCOME":null,"NET_INTEREST_INCOME_YOY":null,"FEE_COMMISSION_INCOME":null,"FEE_COMMISSION_INCOME_YOY":null,"ACCOUNTS_RECE_TDAYS":2.426861437611,"INVENTORY_TDAYS":0.862277298709,"CURRENT_ASSETS_TDAYS":0.379321725951,"TOTAL_ASSETS_TDAYS":0.26482396439,"PREMIUM_EXPENSE":null,"LOAN_DEPOSIT":null,"LOAN_EQUITY":null,"LOAN_ASSETS":null,"DEPOSIT_EQUITY":null,"DEPOSIT_ASSETS":null,"EQUITY_MULTIPLIER":1.921387999363,"EQUITY_RATIO":0.935365845017},{"SECUCODE":"03998.HK","SECURITY_CODE":"03998","SECURITY_NAME_ABBR":"波司登","ORG_CODE":"10096948","STD_REPORT_DATE":"2020-12-31 00:00:00","REPORT_DATE":"2021-03-31 00:00:00","DATE_TYPE_CODE":"001","REPORT_TYPE":"2020年年报","PER_NETCASH_OPERATE":0.29014930354,"PER_OI":1.251738487154,"BPS":0.957256712119,"BASIC_EPS":0.1598,"DILUTED_EPS":0.1577,"OPERATE_INCOME":13516513000,"OPERATE_INCOME_YOY":10.8771108077,"GROSS_PROFIT":7924266000,"GROSS_PROFIT_YOY":18.120198919424,"HOLDER_PROFIT":1709566000,"HOLDER_PROFIT_YOY":42.0868296121,"GROSS_PROFIT_RATIO":58.626555532481,"EPS_TTM":0.124780953722,"OPERATE_INCOME_QOQ":0,"NET_PROFIT_RATIO":12.6139485827,"ROE_AVG":16.065366366661,"GROSS_PROFIT_QOQ":0,"ROA":9.410026242199,"HOLDER_PROFIT_QOQ":0,"ROE_YEARLY":16.065366366661,"ROIC_YEARLY":11.283724046209,"TOTAL_ASSETS":18956236000,"TOTAL_LIABILITIES":7705506000,"TAX_EBT":23.963790879754,"OCF_SALES":23.179706186056,"TOTAL_PARENT_EQUITY":11069114000,"DEBT_ASSET_RATIO":40.6489241852,"OPERATE_PROFIT":2224606000,"PRETAX_PROFIT":2242308000,"NETCASH_OPERATE":3133088000,"NETCASH_INVEST":-3862552000,"NETCASH_FINANCE":-1092277000,"END_CASH":1771330000,"DIVI_RATIO":1.886645301046,"DIVIDEND_RATE":6.753246753247,"CURRENT_RATIO":2.366115081514,"COMMON_ACS":20000000000,"CURRENTDEBT_DEBT":70.625770715122,"ISSUED_COMMON_SHARES":11563370473,"HK_COMMON_SHARES":11563370473,"PER_SHARES":2000,"TOTAL_MARKET_CAP":44518976321.05,"HKSK_MARKET_CAP":44518976321.05,"PE_TTM":12.221798453723,"PB_TTM":3.029486990461,"REPORT_DATE_SQ":"2019-12-31 00:00:00","REPORT_TYPE_SQ":"2019年年报","OPERATE_INCOME_SQ":12190535000,"DPS_HKD":0.26,"OPERATE_INCOME_QOQ_SQ":0,"NET_PROFIT_RATIO_SQ":9.8049511363,"HOLDER_PROFIT_SQ":1203184000,"HOLDER_PROFIT_QOQ_SQ":0,"ROE_AVG_SQ":11.964412162377,"PE_TTM_SQ":15.998216282569,"PB_TTM_SQ":3.196265087507,"ROA_SQ":7.413000593288,"START_DATE":"2020-04-01 00:00:00","FISCAL_YEAR":"3-31","CURRENCY":"HKD","IS_CNY_CODE":0,"DPS_HKD_LY":0.095,"ORG_TYPE":"一般企业","PREMIUM_INCOME":null,"PREMIUM_INCOME_YOY":null,"NET_INTEREST_INCOME":null,"NET_INTEREST_INCOME_YOY":null,"FEE_COMMISSION_INCOME":null,"FEE_COMMISSION_INCOME_YOY":null,"ACCOUNTS_RECE_TDAYS":13.042685286236,"INVENTORY_TDAYS":2.082054724495,"CURRENT_ASSETS_TDAYS":1.066551057004,"TOTAL_ASSETS_TDAYS":0.743994335598,"PREMIUM_EXPENSE":null,"LOAN_DEPOSIT":null,"LOAN_EQUITY":null,"LOAN_ASSETS":null,"DEPOSIT_EQUITY":null,"DEPOSIT_ASSETS":null,"EQUITY_MULTIPLIER":1.684889424954,"EQUITY_RATIO":0.696126718001},{"SECUCODE":"03998.HK","SECURITY_CODE":"03998","SECURITY_NAME_ABBR":"波司登","ORG_CODE":"10096948","STD_REPORT_DATE":"2020-06-30 00:00:00","REPORT_DATE":"2020-09-30 00:00:00","DATE_TYPE_CODE":"002","REPORT_TYPE":"2020年中报","PER_NETCASH_OPERATE":-0.06405107775,"PER_OI":0.433004251464,"BPS":0.881214350417,"BASIC_EPS":0.0454,"DILUTED_EPS":0.0451,"OPERATE_INCOME":4661116000,"OPERATE_INCOME_YOY":5.0680490852,"GROSS_PROFIT":2227342000,"GROSS_PROFIT_YOY":15.429526764966,"HOLDER_PROFIT":486031000,"HOLDER_PROFIT_YOY":41.8389442719,"GROSS_PROFIT_RATIO":47.78559469449,"EPS_TTM":0.111994473632,"OPERATE_INCOME_QOQ":0,"NET_PROFIT_RATIO":10.5415741638,"ROE_AVG":4.764234214616,"GROSS_PROFIT_QOQ":0,"ROA":2.706231700519,"HOLDER_PROFIT_QOQ":0,"ROE_YEARLY":9.528468429233,"ROIC_YEARLY":6.592918856451,"TOTAL_ASSETS":18540640000,"TOTAL_LIABILITIES":8172899000,"TAX_EBT":24.140363986686,"OCF_SALES":-14.792251469391,"TOTAL_PARENT_EQUITY":10189808000,"DEBT_ASSET_RATIO":44.080997204,"OPERATE_PROFIT":666364000,"PRETAX_PROFIT":647716000,"NETCASH_OPERATE":-689484000,"NETCASH_INVEST":-507635000,"NETCASH_FINANCE":-680175000,"END_CASH":1717606000,"DIVI_RATIO":2.10204479172,"DIVIDEND_RATE":6.753246753247,"CURRENT_RATIO":2.31144265202,"COMMON_ACS":20000000000,"CURRENTDEBT_DEBT":72.658000545461,"ISSUED_COMMON_SHARES":11563370473,"HK_COMMON_SHARES":11563370473,"PER_SHARES":2000,"TOTAL_MARKET_CAP":44518976321.05,"HKSK_MARKET_CAP":44518976321.05,"PE_TTM":12.221798453723,"PB_TTM":3.029486990461,"REPORT_DATE_SQ":"2019-06-30 00:00:00","REPORT_TYPE_SQ":"2019年中报","OPERATE_INCOME_SQ":4436283000,"DPS_HKD":0.26,"OPERATE_INCOME_QOQ_SQ":0,"NET_PROFIT_RATIO_SQ":8.1254735101,"HOLDER_PROFIT_SQ":342664000,"HOLDER_PROFIT_QOQ_SQ":0,"ROE_AVG_SQ":3.501645241064,"PE_TTM_SQ":15.998216282569,"PB_TTM_SQ":3.196265087507,"ROA_SQ":2.180547630769,"START_DATE":"2020-04-01 00:00:00","FISCAL_YEAR":"3-31","CURRENCY":"HKD","IS_CNY_CODE":0,"DPS_HKD_LY":0.095,"ORG_TYPE":"一般企业","PREMIUM_INCOME":null,"PREMIUM_INCOME_YOY":null,"NET_INTEREST_INCOME":null,"NET_INTEREST_INCOME_YOY":null,"FEE_COMMISSION_INCOME":null,"FEE_COMMISSION_INCOME_YOY":null,"ACCOUNTS_RECE_TDAYS":1.859366981281,"INVENTORY_TDAYS":0.913087838465,"CURRENT_ASSETS_TDAYS":0.355870186887,"TOTAL_ASSETS_TDAYS":0.259532002671,"PREMIUM_EXPENSE":null,"LOAN_DEPOSIT":null,"LOAN_EQUITY":null,"LOAN_ASSETS":null,"DEPOSIT_EQUITY":null,"DEPOSIT_ASSETS":null,"EQUITY_MULTIPLIER":1.788300845865,"EQUITY_RATIO":0.802066044817}],"count":38},"success":true,"message":"ok","code":0}