{"version":"386e1a77863dc45e82c0d472d5c13b01","result":{"pages":8,"data":[{"SECUCODE":"03993.HK","SECURITY_CODE":"03993","SECURITY_NAME_ABBR":"洛阳钼业","ORG_CODE":"10074835","STD_REPORT_DATE":"2024-09-30 00:00:00","REPORT_DATE":"2024-09-30 00:00:00","DATE_TYPE_CODE":"004","REPORT_TYPE":"2024年三季报","PER_NETCASH_OPERATE":0.800068944109,"PER_OI":7.164816940423,"BPS":2.922539978731,"BASIC_EPS":0.39,"DILUTED_EPS":0.39,"OPERATE_INCOME":154754604829.36,"OPERATE_INCOME_YOY":17.5212400164,"GROSS_PROFIT":27278270314.71,"GROSS_PROFIT_YOY":194.939720595862,"HOLDER_PROFIT":8272917557.72,"HOLDER_PROFIT_YOY":238.6216903068,"GROSS_PROFIT_RATIO":17.62679071475,"EPS_TTM":0.651852286321,"OPERATE_INCOME_QOQ":3.449370537483,"NET_PROFIT_RATIO":6.1529679985,"ROE_AVG":13.379571136386,"GROSS_PROFIT_QOQ":8.584753100651,"ROA":4.66474181647,"HOLDER_PROFIT_QOQ":8.606157407502,"ROE_YEARLY":17.839428181848,"ROIC_YEARLY":6.233073244827,"TOTAL_ASSETS":181725381241.54,"TOTAL_LIABILITIES":103695305328.14,"TAX_EBT":43.081910519492,"OCF_SALES":11.166634831865,"TOTAL_PARENT_EQUITY":64124644114.04,"DEBT_ASSET_RATIO":57.0615423227,"OPERATE_PROFIT":19292983296.38,"PRETAX_PROFIT":16729305917.13,"NETCASH_OPERATE":17280881606.79,"NETCASH_INVEST":-8603887742.39,"NETCASH_FINANCE":-7400407731.72,"END_CASH":27119410836.92,"DIVI_RATIO":0.235740103433,"DIVIDEND_RATE":2.969702276708,"CURRENT_RATIO":1.462805387543,"COMMON_ACS":null,"CURRENTDEBT_DEBT":61.297220941324,"ISSUED_COMMON_SHARES":21599240583,"HK_COMMON_SHARES":3933468000,"PER_SHARES":3000,"TOTAL_MARKET_CAP":123331663728.93,"HKSK_MARKET_CAP":22460102280,"PE_TTM":7.898332974445,"PB_TTM":1.76189921694,"REPORT_DATE_SQ":"2023-09-30 00:00:00","REPORT_TYPE_SQ":"2023年三季报","OPERATE_INCOME_SQ":131682242978.12,"DPS_HKD":0.16957,"OPERATE_INCOME_QOQ_SQ":2.533056501233,"NET_PROFIT_RATIO_SQ":1.7268162739,"HOLDER_PROFIT_SQ":2443115073.41,"HOLDER_PROFIT_QOQ_SQ":22.194329932175,"ROE_AVG_SQ":4.604992174658,"PE_TTM_SQ":27.753685765438,"PB_TTM_SQ":1.710783978848,"ROA_SQ":1.397254621428,"START_DATE":"2024-01-01 00:00:00","FISCAL_YEAR":"12-31","CURRENCY":"HKD","IS_CNY_CODE":0,"DPS_HKD_LY":0.16957,"ORG_TYPE":"一般企业","PREMIUM_INCOME":null,"PREMIUM_INCOME_YOY":null,"NET_INTEREST_INCOME":null,"NET_INTEREST_INCOME_YOY":null,"FEE_COMMISSION_INCOME":null,"FEE_COMMISSION_INCOME_YOY":null,"ACCOUNTS_RECE_TDAYS":162.871309612703,"INVENTORY_TDAYS":4.013268624707,"CURRENT_ASSETS_TDAYS":1.752333190794,"TOTAL_ASSETS_TDAYS":0.872594548903,"PREMIUM_EXPENSE":null,"LOAN_DEPOSIT":null,"LOAN_EQUITY":null,"LOAN_ASSETS":null,"DEPOSIT_EQUITY":null,"DEPOSIT_ASSETS":null,"EQUITY_MULTIPLIER":2.328914577034,"EQUITY_RATIO":1.617089759496},{"SECUCODE":"03993.HK","SECURITY_CODE":"03993","SECURITY_NAME_ABBR":"洛阳钼业","ORG_CODE":"10074835","STD_REPORT_DATE":"2024-06-30 00:00:00","REPORT_DATE":"2024-06-30 00:00:00","DATE_TYPE_CODE":"002","REPORT_TYPE":"2024年中报","PER_NETCASH_OPERATE":0.499058851084,"PER_OI":4.760279941022,"BPS":2.824155604313,"BASIC_EPS":0.25,"DILUTED_EPS":0.25,"OPERATE_INCOME":102818431688.56,"OPERATE_INCOME_YOY":18.5551375567,"GROSS_PROFIT":18894467784.62,"GROSS_PROFIT_YOY":407.612382738165,"HOLDER_PROFIT":5417259340.41,"HOLDER_PROFIT_YOY":670.4336087729,"GROSS_PROFIT_RATIO":18.376537624939,"EPS_TTM":0.600198277778,"OPERATE_INCOME_QOQ":7.577774697515,"NET_PROFIT_RATIO":6.1568645226,"ROE_AVG":8.914372913353,"GROSS_PROFIT_QOQ":49.796308360821,"ROA":3.01919616841,"HOLDER_PROFIT_QOQ":29.582793413026,"ROE_YEARLY":17.828745826705,"ROIC_YEARLY":8.119144098295,"TOTAL_ASSETS":185879882077.2,"TOTAL_LIABILITIES":109964951566.63,"TAX_EBT":43.241053724452,"OCF_SALES":10.483813079625,"TOTAL_PARENT_EQUITY":61999616341.39,"DEBT_ASSET_RATIO":59.1591464002,"OPERATE_PROFIT":12900681337.98,"PRETAX_PROFIT":11153116748.57,"NETCASH_OPERATE":10779292189.63,"NETCASH_INVEST":-7006192020.61,"NETCASH_FINANCE":982556136.16,"END_CASH":30917698244.02,"DIVI_RATIO":0.256028267807,"DIVIDEND_RATE":2.903595890411,"CURRENT_RATIO":1.515994298461,"COMMON_ACS":null,"CURRENTDEBT_DEBT":57.39326506455,"ISSUED_COMMON_SHARES":21599240583,"HK_COMMON_SHARES":3933468000,"PER_SHARES":3000,"TOTAL_MARKET_CAP":126139565004.72,"HKSK_MARKET_CAP":22971453120,"PE_TTM":8.07815491607,"PB_TTM":1.802012509094,"REPORT_DATE_SQ":"2023-06-30 00:00:00","REPORT_TYPE_SQ":"2023年中报","OPERATE_INCOME_SQ":86726255654.19,"DPS_HKD":0.16957,"OPERATE_INCOME_QOQ_SQ":-2.778140843642,"NET_PROFIT_RATIO_SQ":0.7093544546,"HOLDER_PROFIT_SQ":703144213.69,"HOLDER_PROFIT_QOQ_SQ":-42.897272275022,"ROE_AVG_SQ":1.346003966638,"PE_TTM_SQ":23.780273052815,"PB_TTM_SQ":1.465856120705,"ROA_SQ":0.406982909338,"START_DATE":"2024-01-01 00:00:00","FISCAL_YEAR":"12-31","CURRENCY":"HKD","IS_CNY_CODE":0,"DPS_HKD_LY":0.16957,"ORG_TYPE":"一般企业","PREMIUM_INCOME":null,"PREMIUM_INCOME_YOY":null,"NET_INTEREST_INCOME":null,"NET_INTEREST_INCOME_YOY":null,"FEE_COMMISSION_INCOME":null,"FEE_COMMISSION_INCOME_YOY":null,"ACCOUNTS_RECE_TDAYS":84.575353255672,"INVENTORY_TDAYS":2.65167087982,"CURRENT_ASSETS_TDAYS":1.146722530993,"TOTAL_ASSETS_TDAYS":0.573037020178,"PREMIUM_EXPENSE":null,"LOAN_DEPOSIT":null,"LOAN_EQUITY":null,"LOAN_ASSETS":null,"DEPOSIT_EQUITY":null,"DEPOSIT_ASSETS":null,"EQUITY_MULTIPLIER":2.448528646828,"EQUITY_RATIO":1.773639226429},{"SECUCODE":"03993.HK","SECURITY_CODE":"03993","SECURITY_NAME_ABBR":"洛阳钼业","ORG_CODE":"10074835","STD_REPORT_DATE":"2024-03-31 00:00:00","REPORT_DATE":"2024-03-31 00:00:00","DATE_TYPE_CODE":"003","REPORT_TYPE":"2024年一季报","PER_NETCASH_OPERATE":0.253611819541,"PER_OI":2.135324125801,"BPS":2.823078534474,"BASIC_EPS":0.1,"DILUTED_EPS":0.1,"OPERATE_INCOME":46121379515.86,"OPERATE_INCOME_YOY":4.1502211423,"GROSS_PROFIT":5899735231.78,"GROSS_PROFIT_YOY":229.289047017867,"HOLDER_PROFIT":2071690611.96,"HOLDER_PROFIT_YOY":553.2801513525,"GROSS_PROFIT_RATIO":12.791757951974,"EPS_TTM":0.463177449698,"OPERATE_INCOME_QOQ":0.986672021422,"NET_PROFIT_RATIO":5.0563744163,"ROE_AVG":3.409723830653,"GROSS_PROFIT_QOQ":22.683054252488,"ROA":1.181900535445,"HOLDER_PROFIT_QOQ":21.268249403796,"ROE_YEARLY":13.638895322611,"ROIC_YEARLY":6.287734383519,"TOTAL_ASSETS":177594836148.41,"TOTAL_LIABILITIES":102914175370.79,"TAX_EBT":34.140985762888,"OCF_SALES":11.876970642381,"TOTAL_PARENT_EQUITY":61976352450.81,"DEBT_ASSET_RATIO":57.9488557228,"OPERATE_PROFIT":4272501746.4,"PRETAX_PROFIT":3541002945.92,"NETCASH_OPERATE":5477822704.96,"NETCASH_INVEST":-2953578573.4,"NETCASH_FINANCE":-2150097140.16,"END_CASH":26523250015.3,"DIVI_RATIO":0.331768581351,"DIVIDEND_RATE":2.903595890411,"CURRENT_RATIO":1.642594874177,"COMMON_ACS":null,"CURRENTDEBT_DEBT":52.039124508314,"ISSUED_COMMON_SHARES":21599240583,"HK_COMMON_SHARES":3933468000,"PER_SHARES":3000,"TOTAL_MARKET_CAP":126139565004.72,"HKSK_MARKET_CAP":22971453120,"PE_TTM":8.07815491607,"PB_TTM":1.802012509094,"REPORT_DATE_SQ":"2023-03-31 00:00:00","REPORT_TYPE_SQ":"2023年一季报","OPERATE_INCOME_SQ":44283515685.33,"DPS_HKD":0.16957,"OPERATE_INCOME_QOQ_SQ":-0.139503246771,"NET_PROFIT_RATIO_SQ":0.6164264814,"HOLDER_PROFIT_SQ":317121315.82,"HOLDER_PROFIT_QOQ_SQ":-24.311091667855,"ROE_AVG_SQ":0.618912838517,"PE_TTM_SQ":23.780273052815,"PB_TTM_SQ":1.465856120705,"ROA_SQ":0.193352646019,"START_DATE":"2024-01-01 00:00:00","FISCAL_YEAR":"12-31","CURRENCY":"HKD","IS_CNY_CODE":0,"DPS_HKD_LY":0.16957,"ORG_TYPE":"一般企业","PREMIUM_INCOME":null,"PREMIUM_INCOME_YOY":null,"NET_INTEREST_INCOME":null,"NET_INTEREST_INCOME_YOY":null,"FEE_COMMISSION_INCOME":null,"FEE_COMMISSION_INCOME_YOY":null,"ACCOUNTS_RECE_TDAYS":31.635705787981,"INVENTORY_TDAYS":1.304698656494,"CURRENT_ASSETS_TDAYS":0.537489473846,"TOTAL_ASSETS_TDAYS":0.263122701964,"PREMIUM_EXPENSE":null,"LOAN_DEPOSIT":null,"LOAN_EQUITY":null,"LOAN_ASSETS":null,"DEPOSIT_EQUITY":null,"DEPOSIT_ASSETS":null,"EQUITY_MULTIPLIER":2.378056571797,"EQUITY_RATIO":1.660539404162},{"SECUCODE":"03993.HK","SECURITY_CODE":"03993","SECURITY_NAME_ABBR":"洛阳钼业","ORG_CODE":"10074835","STD_REPORT_DATE":"2023-12-31 00:00:00","REPORT_DATE":"2023-12-31 00:00:00","DATE_TYPE_CODE":"001","REPORT_TYPE":"2023年年报","PER_NETCASH_OPERATE":0.719562497395,"PER_OI":8.623866714423,"BPS":2.710292960629,"BASIC_EPS":0.38,"DILUTED_EPS":0.38,"OPERATE_INCOME":186268971920.54,"OPERATE_INCOME_YOY":7.6756164531,"GROSS_PROFIT":18110774133.6,"GROSS_PROFIT_YOY":12.737098254219,"HOLDER_PROFIT":8249711872.51,"HOLDER_PROFIT_YOY":35.9779880245,"GROSS_PROFIT_RATIO":9.722915173079,"EPS_TTM":0.381944533689,"OPERATE_INCOME_QOQ":8.167257617722,"NET_PROFIT_RATIO":4.5797335653,"ROE_AVG":14.832431699411,"GROSS_PROFIT_QOQ":50.834366222254,"ROA":4.881576577448,"HOLDER_PROFIT_QOQ":157.471083627791,"ROE_YEARLY":14.832431699411,"ROIC_YEARLY":6.550786681719,"TOTAL_ASSETS":172974530702.61,"TOTAL_LIABILITIES":101012356495.3,"TAX_EBT":35.413035004472,"OCF_SALES":8.34384993673,"TOTAL_PARENT_EQUITY":59540269707.03,"DEBT_ASSET_RATIO":58.3972426952,"OPERATE_PROFIT":16211806539.23,"PRETAX_PROFIT":13207963293.26,"NETCASH_OPERATE":15542003495.74,"NETCASH_INVEST":-10658686268.22,"NETCASH_FINANCE":-8606467554.41,"END_CASH":26118763976.52,"DIVI_RATIO":0.402329950676,"DIVIDEND_RATE":2.903595890411,"CURRENT_RATIO":1.707781097208,"COMMON_ACS":null,"CURRENTDEBT_DEBT":48.489386946308,"ISSUED_COMMON_SHARES":21599240583,"HK_COMMON_SHARES":3933468000,"PER_SHARES":3000,"TOTAL_MARKET_CAP":126139565004.72,"HKSK_MARKET_CAP":22971453120,"PE_TTM":8.07815491607,"PB_TTM":1.802012509094,"REPORT_DATE_SQ":"2022-12-31 00:00:00","REPORT_TYPE_SQ":"2022年年报","OPERATE_INCOME_SQ":172990857221.36,"DPS_HKD":0.16957,"OPERATE_INCOME_QOQ_SQ":-3.772347784302,"NET_PROFIT_RATIO_SQ":4.1572722067,"HOLDER_PROFIT_SQ":6066946564.19,"HOLDER_PROFIT_QOQ_SQ":-11.480407401438,"ROE_AVG_SQ":13.254733444737,"PE_TTM_SQ":23.780273052815,"PB_TTM_SQ":1.465856120705,"ROA_SQ":4.011615551615,"START_DATE":"2023-01-01 00:00:00","FISCAL_YEAR":"12-31","CURRENCY":"HKD","IS_CNY_CODE":0,"DPS_HKD_LY":0.09383,"ORG_TYPE":"一般企业","PREMIUM_INCOME":null,"PREMIUM_INCOME_YOY":null,"NET_INTEREST_INCOME":null,"NET_INTEREST_INCOME_YOY":null,"FEE_COMMISSION_INCOME":null,"FEE_COMMISSION_INCOME_YOY":null,"ACCOUNTS_RECE_TDAYS":144.340793267975,"INVENTORY_TDAYS":5.280917672512,"CURRENT_ASSETS_TDAYS":2.200078647599,"TOTAL_ASSETS_TDAYS":1.102203645999,"PREMIUM_EXPENSE":null,"LOAN_DEPOSIT":null,"LOAN_EQUITY":null,"LOAN_ASSETS":null,"DEPOSIT_EQUITY":null,"DEPOSIT_ASSETS":null,"EQUITY_MULTIPLIER":2.403686834201,"EQUITY_RATIO":1.696538443516},{"SECUCODE":"03993.HK","SECURITY_CODE":"03993","SECURITY_NAME_ABBR":"洛阳钼业","ORG_CODE":"10074835","STD_REPORT_DATE":"2023-09-30 00:00:00","REPORT_DATE":"2023-09-30 00:00:00","DATE_TYPE_CODE":"004","REPORT_TYPE":"2023年三季报","PER_NETCASH_OPERATE":0.467598890305,"PER_OI":6.096614483833,"BPS":2.472710963103,"BASIC_EPS":0.11,"DILUTED_EPS":0.11,"OPERATE_INCOME":131682242978.12,"OPERATE_INCOME_YOY":-0.5935576221,"GROSS_PROFIT":9248761156.89,"GROSS_PROFIT_YOY":-30.493415712897,"HOLDER_PROFIT":2443115073.41,"HOLDER_PROFIT_YOY":-53.9550093865,"GROSS_PROFIT_RATIO":7.023544669137,"EPS_TTM":0.148344632845,"OPERATE_INCOME_QOQ":2.533056501233,"NET_PROFIT_RATIO":1.7268162739,"ROE_AVG":4.604992174658,"GROSS_PROFIT_QOQ":44.293307647972,"ROA":1.397254621428,"HOLDER_PROFIT_QOQ":22.194329932175,"ROE_YEARLY":6.13998956621,"ROIC_YEARLY":1.89594371369,"TOTAL_ASSETS":184682980181.04,"TOTAL_LIABILITIES":117649207467.34,"TAX_EBT":54.850946100807,"OCF_SALES":7.669812344948,"TOTAL_PARENT_EQUITY":54408678984.29,"DEBT_ASSET_RATIO":63.7033295391,"OPERATE_PROFIT":7075494614.6,"PRETAX_PROFIT":5036451941.29,"NETCASH_OPERATE":10099780928.04,"NETCASH_INVEST":-10689622750.15,"NETCASH_FINANCE":2187051444.66,"END_CASH":31121986478.31,"DIVI_RATIO":1.035883283764,"DIVIDEND_RATE":2.903595890411,"CURRENT_RATIO":1.556392389805,"COMMON_ACS":null,"CURRENTDEBT_DEBT":50.274250057247,"ISSUED_COMMON_SHARES":21599240583,"HK_COMMON_SHARES":3933468000,"PER_SHARES":3000,"TOTAL_MARKET_CAP":126139565004.72,"HKSK_MARKET_CAP":22971453120,"PE_TTM":8.07815491607,"PB_TTM":1.802012509094,"REPORT_DATE_SQ":"2022-09-30 00:00:00","REPORT_TYPE_SQ":"2022年三季报","OPERATE_INCOME_SQ":132468519975.36,"DPS_HKD":0.16957,"OPERATE_INCOME_QOQ_SQ":-0.575711207868,"NET_PROFIT_RATIO_SQ":4.6998312802,"HOLDER_PROFIT_SQ":5305930223.59,"HOLDER_PROFIT_QOQ_SQ":0.123301283269,"ROE_AVG_SQ":11.699798954449,"PE_TTM_SQ":23.780273052815,"PB_TTM_SQ":1.465856120705,"ROA_SQ":3.442624990039,"START_DATE":"2023-01-01 00:00:00","FISCAL_YEAR":"12-31","CURRENCY":"HKD","IS_CNY_CODE":0,"DPS_HKD_LY":0.09383,"ORG_TYPE":"一般企业","PREMIUM_INCOME":null,"PREMIUM_INCOME_YOY":null,"NET_INTEREST_INCOME":null,"NET_INTEREST_INCOME_YOY":null,"FEE_COMMISSION_INCOME":null,"FEE_COMMISSION_INCOME_YOY":null,"ACCOUNTS_RECE_TDAYS":112.933694004458,"INVENTORY_TDAYS":3.647781848276,"CURRENT_ASSETS_TDAYS":1.481755670988,"TOTAL_ASSETS_TDAYS":0.753110750139,"PREMIUM_EXPENSE":null,"LOAN_DEPOSIT":null,"LOAN_EQUITY":null,"LOAN_ASSETS":null,"DEPOSIT_EQUITY":null,"DEPOSIT_ASSETS":null,"EQUITY_MULTIPLIER":2.755073639818,"EQUITY_RATIO":2.16232427737},{"SECUCODE":"03993.HK","SECURITY_CODE":"03993","SECURITY_NAME_ABBR":"洛阳钼业","ORG_CODE":"10074835","STD_REPORT_DATE":"2023-06-30 00:00:00","REPORT_DATE":"2023-06-30 00:00:00","DATE_TYPE_CODE":"002","REPORT_TYPE":"2023年中报","PER_NETCASH_OPERATE":0.405659500207,"PER_OI":4.01524559722,"BPS":2.397316268147,"BASIC_EPS":0.03,"DILUTED_EPS":0.03,"OPERATE_INCOME":86726255654.19,"OPERATE_INCOME_YOY":-5.4927845519,"GROSS_PROFIT":3722223575.93,"GROSS_PROFIT_YOY":-67.535572933021,"HOLDER_PROFIT":703144213.69,"HOLDER_PROFIT_YOY":-83.0483117793,"GROSS_PROFIT_RATIO":4.291922380198,"EPS_TTM":0.121400586203,"OPERATE_INCOME_QOQ":-2.778140843642,"NET_PROFIT_RATIO":0.7093544546,"ROE_AVG":1.346003966638,"GROSS_PROFIT_QOQ":-22.272822051662,"ROA":0.406982909338,"HOLDER_PROFIT_QOQ":-42.897272275022,"ROE_YEARLY":2.692007933277,"ROIC_YEARLY":1.095867756144,"TOTAL_ASSETS":180520702436.56,"TOTAL_LIABILITIES":117116128924.27,"TAX_EBT":62.183590549723,"OCF_SALES":10.102981010361,"TOTAL_PARENT_EQUITY":52780210829.25,"DEBT_ASSET_RATIO":64.8768409072,"OPERATE_PROFIT":2996886962.39,"PRETAX_PROFIT":1626797907.9,"NETCASH_OPERATE":8761937139.74,"NETCASH_INVEST":-8594656967.42,"NETCASH_FINANCE":211127744.34,"END_CASH":30082269910.09,"DIVI_RATIO":1.265790637475,"DIVIDEND_RATE":2.903595890411,"CURRENT_RATIO":1.6184048875,"COMMON_ACS":null,"CURRENTDEBT_DEBT":46.659726574566,"ISSUED_COMMON_SHARES":21599240583,"HK_COMMON_SHARES":3933468000,"PER_SHARES":3000,"TOTAL_MARKET_CAP":126139565004.72,"HKSK_MARKET_CAP":22971453120,"PE_TTM":8.07815491607,"PB_TTM":1.802012509094,"REPORT_DATE_SQ":"2022-06-30 00:00:00","REPORT_TYPE_SQ":"2022年中报","OPERATE_INCOME_SQ":91766808748.95,"DPS_HKD":0.16957,"OPERATE_INCOME_QOQ_SQ":1.312048287061,"NET_PROFIT_RATIO_SQ":5.2503392713,"HOLDER_PROFIT_SQ":4147930309.56,"HOLDER_PROFIT_QOQ_SQ":16.207719634946,"ROE_AVG_SQ":9.608924321522,"PE_TTM_SQ":23.780273052815,"PB_TTM_SQ":1.465856120705,"ROA_SQ":2.832809044421,"START_DATE":"2023-01-01 00:00:00","FISCAL_YEAR":"12-31","CURRENCY":"HKD","IS_CNY_CODE":0,"DPS_HKD_LY":0.09383,"ORG_TYPE":"一般企业","PREMIUM_INCOME":null,"PREMIUM_INCOME_YOY":null,"NET_INTEREST_INCOME":null,"NET_INTEREST_INCOME_YOY":null,"FEE_COMMISSION_INCOME":null,"FEE_COMMISSION_INCOME_YOY":null,"ACCOUNTS_RECE_TDAYS":79.764094719244,"INVENTORY_TDAYS":2.553264839677,"CURRENT_ASSETS_TDAYS":0.996159339818,"TOTAL_ASSETS_TDAYS":0.501975315375,"PREMIUM_EXPENSE":null,"LOAN_DEPOSIT":null,"LOAN_EQUITY":null,"LOAN_ASSETS":null,"DEPOSIT_EQUITY":null,"DEPOSIT_ASSETS":null,"EQUITY_MULTIPLIER":2.847124307235,"EQUITY_RATIO":2.218940149806},{"SECUCODE":"03993.HK","SECURITY_CODE":"03993","SECURITY_NAME_ABBR":"洛阳钼业","ORG_CODE":"10074835","STD_REPORT_DATE":"2023-03-31 00:00:00","REPORT_DATE":"2023-03-31 00:00:00","DATE_TYPE_CODE":"003","REPORT_TYPE":"2023年一季报","PER_NETCASH_OPERATE":0.214961392592,"PER_OI":2.050234845765,"BPS":2.304633268023,"BASIC_EPS":0.015,"DILUTED_EPS":0.015,"OPERATE_INCOME":44283515685.33,"OPERATE_INCOME_YOY":-0.5420072104,"GROSS_PROFIT":1791658509.51,"GROSS_PROFIT_YOY":-74.943607536118,"HOLDER_PROFIT":317121315.82,"HOLDER_PROFIT_YOY":-82.3041127799,"GROSS_PROFIT_RATIO":4.045881366424,"EPS_TTM":0.212600327585,"OPERATE_INCOME_QOQ":-0.139503246771,"NET_PROFIT_RATIO":0.6164264814,"ROE_AVG":0.618912838517,"GROSS_PROFIT_QOQ":-33.358086185547,"ROA":0.193352646019,"HOLDER_PROFIT_QOQ":-24.311091667855,"ROE_YEARLY":2.475651354069,"ROIC_YEARLY":1.037905503281,"TOTAL_ASSETS":163004546723.53,"TOTAL_LIABILITIES":102063104132.84,"TAX_EBT":36.69247601469,"OCF_SALES":10.484720471727,"TOTAL_PARENT_EQUITY":50778328411.61,"DEBT_ASSET_RATIO":62.6136547626,"OPERATE_PROFIT":1074238334.78,"PRETAX_PROFIT":431189375.9,"NETCASH_OPERATE":4643002834.66,"NETCASH_INVEST":-5168503033,"NETCASH_FINANCE":-1871061492.15,"END_CASH":26654930129.13,"DIVI_RATIO":0.722800981286,"DIVIDEND_RATE":2.903595890411,"CURRENT_RATIO":1.732271979168,"COMMON_ACS":null,"CURRENTDEBT_DEBT":46.598752055589,"ISSUED_COMMON_SHARES":21599240583,"HK_COMMON_SHARES":3933468000,"PER_SHARES":3000,"TOTAL_MARKET_CAP":126139565004.72,"HKSK_MARKET_CAP":22971453120,"PE_TTM":8.07815491607,"PB_TTM":1.802012509094,"REPORT_DATE_SQ":"2022-03-31 00:00:00","REPORT_TYPE_SQ":"2022年一季报","OPERATE_INCOME_SQ":44524843547.77,"DPS_HKD":0.16957,"OPERATE_INCOME_QOQ_SQ":2.651083221755,"NET_PROFIT_RATIO_SQ":4.231578615,"HOLDER_PROFIT_SQ":1792062256.48,"HOLDER_PROFIT_QOQ_SQ":15.366135726416,"ROE_AVG_SQ":4.434380416859,"PE_TTM_SQ":23.780273052815,"PB_TTM_SQ":1.465856120705,"ROA_SQ":1.178875489143,"START_DATE":"2023-01-01 00:00:00","FISCAL_YEAR":"12-31","CURRENCY":"HKD","IS_CNY_CODE":0,"DPS_HKD_LY":0.09383,"ORG_TYPE":"一般企业","PREMIUM_INCOME":null,"PREMIUM_INCOME_YOY":null,"NET_INTEREST_INCOME":null,"NET_INTEREST_INCOME_YOY":null,"FEE_COMMISSION_INCOME":null,"FEE_COMMISSION_INCOME_YOY":null,"ACCOUNTS_RECE_TDAYS":34.479176261143,"INVENTORY_TDAYS":1.375308181404,"CURRENT_ASSETS_TDAYS":0.526968660398,"TOTAL_ASSETS_TDAYS":0.270001873278,"PREMIUM_EXPENSE":null,"LOAN_DEPOSIT":null,"LOAN_EQUITY":null,"LOAN_ASSETS":null,"DEPOSIT_EQUITY":null,"DEPOSIT_ASSETS":null,"EQUITY_MULTIPLIER":2.674773352811,"EQUITY_RATIO":2.009973690065},{"SECUCODE":"03993.HK","SECURITY_CODE":"03993","SECURITY_NAME_ABBR":"洛阳钼业","ORG_CODE":"10074835","STD_REPORT_DATE":"2022-12-31 00:00:00","REPORT_DATE":"2022-12-31 00:00:00","DATE_TYPE_CODE":"001","REPORT_TYPE":"2022年年报","PER_NETCASH_OPERATE":0.715477056394,"PER_OI":8.009117568583,"BPS":2.347238175567,"BASIC_EPS":0.28,"DILUTED_EPS":0.28,"OPERATE_INCOME":172990857221.36,"OPERATE_INCOME_YOY":-0.5013896047,"GROSS_PROFIT":16064609089.69,"GROSS_PROFIT_YOY":-1.583250767812,"HOLDER_PROFIT":6066946564.19,"HOLDER_PROFIT_YOY":18.8195469652,"GROSS_PROFIT_RATIO":9.286391979163,"EPS_TTM":0.28088703123,"OPERATE_INCOME_QOQ":-3.772347784302,"NET_PROFIT_RATIO":4.1572722067,"ROE_AVG":13.254733444737,"GROSS_PROFIT_QOQ":-10.46408224494,"ROA":4.011615551615,"HOLDER_PROFIT_QOQ":-11.480407401438,"ROE_YEARLY":13.254733444737,"ROIC_YEARLY":5.351324116086,"TOTAL_ASSETS":165019219538.77,"TOTAL_LIABILITIES":102981802839.63,"TAX_EBT":26.648730184142,"OCF_SALES":8.933281978541,"TOTAL_PARENT_EQUITY":51698562059.68,"DEBT_ASSET_RATIO":62.4059446696,"OPERATE_PROFIT":11612932072.87,"PRETAX_PROFIT":9804466705.79,"NETCASH_OPERATE":15453761072.68,"NETCASH_INVEST":-7371654238.67,"NETCASH_FINANCE":-2096545911.51,"END_CASH":29045548650.93,"DIVI_RATIO":0.547080172149,"DIVIDEND_RATE":2.903595890411,"CURRENT_RATIO":1.711543766437,"COMMON_ACS":null,"CURRENTDEBT_DEBT":48.611614264394,"ISSUED_COMMON_SHARES":21599240583,"HK_COMMON_SHARES":3933468000,"PER_SHARES":3000,"TOTAL_MARKET_CAP":126139565004.72,"HKSK_MARKET_CAP":22971453120,"PE_TTM":8.07815491607,"PB_TTM":1.802012509094,"REPORT_DATE_SQ":"2021-12-31 00:00:00","REPORT_TYPE_SQ":"2021年年报","OPERATE_INCOME_SQ":173862586154.82,"DPS_HKD":0.16957,"OPERATE_INCOME_QOQ_SQ":9.187354355749,"NET_PROFIT_RATIO_SQ":3.1217833938,"HOLDER_PROFIT_SQ":5106017249.81,"HOLDER_PROFIT_QOQ_SQ":19.370834260748,"ROE_AVG_SQ":12.969792798945,"PE_TTM_SQ":23.780273052815,"PB_TTM_SQ":1.465856120705,"ROA_SQ":3.929352542029,"START_DATE":"2022-01-01 00:00:00","FISCAL_YEAR":"12-31","CURRENCY":"HKD","IS_CNY_CODE":0,"DPS_HKD_LY":0.08382,"ORG_TYPE":"一般企业","PREMIUM_INCOME":null,"PREMIUM_INCOME_YOY":null,"NET_INTEREST_INCOME":null,"NET_INTEREST_INCOME_YOY":null,"FEE_COMMISSION_INCOME":null,"FEE_COMMISSION_INCOME_YOY":null,"ACCOUNTS_RECE_TDAYS":133.196777779911,"INVENTORY_TDAYS":5.300247502816,"CURRENT_ASSETS_TDAYS":2.20880268373,"TOTAL_ASSETS_TDAYS":1.143858456266,"PREMIUM_EXPENSE":null,"LOAN_DEPOSIT":null,"LOAN_EQUITY":null,"LOAN_ASSETS":null,"DEPOSIT_EQUITY":null,"DEPOSIT_ASSETS":null,"EQUITY_MULTIPLIER":2.659995021052,"EQUITY_RATIO":1.991966482951},{"SECUCODE":"03993.HK","SECURITY_CODE":"03993","SECURITY_NAME_ABBR":"洛阳钼业","ORG_CODE":"10074835","STD_REPORT_DATE":"2022-09-30 00:00:00","REPORT_DATE":"2022-09-30 00:00:00","DATE_TYPE_CODE":"004","REPORT_TYPE":"2022年三季报","PER_NETCASH_OPERATE":0.500282445506,"PER_OI":6.133017476532,"BPS":2.354524163642,"BASIC_EPS":0.248,"DILUTED_EPS":0.248,"OPERATE_INCOME":132468519975.36,"OPERATE_INCOME_YOY":4.669706208,"GROSS_PROFIT":13306309397.52,"GROSS_PROFIT_YOY":13.853018614923,"HOLDER_PROFIT":5305930223.59,"HOLDER_PROFIT_YOY":49.1201430351,"GROSS_PROFIT_RATIO":10.044884173232,"EPS_TTM":0.31731622682,"OPERATE_INCOME_QOQ":-0.575711207868,"NET_PROFIT_RATIO":4.6998312802,"ROE_AVG":11.699798954449,"GROSS_PROFIT_QOQ":-4.509124307206,"ROA":3.442624990039,"HOLDER_PROFIT_QOQ":0.123301283269,"ROE_YEARLY":15.599731939265,"ROIC_YEARLY":4.684614773325,"TOTAL_ASSETS":170799324443.34,"TOTAL_LIABILITIES":109637476363.43,"TAX_EBT":33.77518756564,"OCF_SALES":8.157199085443,"TOTAL_PARENT_EQUITY":50855933868.99,"DEBT_ASSET_RATIO":64.1908138225,"OPERATE_PROFIT":10596392219.96,"PRETAX_PROFIT":9401003505.13,"NETCASH_OPERATE":10805720899.93,"NETCASH_INVEST":-8023849970.69,"NETCASH_FINANCE":9432221927.2,"END_CASH":34282380732.67,"DIVI_RATIO":0.484273139574,"DIVIDEND_RATE":2.903595890411,"CURRENT_RATIO":1.686827385962,"COMMON_ACS":null,"CURRENTDEBT_DEBT":51.510592199582,"ISSUED_COMMON_SHARES":21599240583,"HK_COMMON_SHARES":3933468000,"PER_SHARES":3000,"TOTAL_MARKET_CAP":126139565004.72,"HKSK_MARKET_CAP":22971453120,"PE_TTM":8.07815491607,"PB_TTM":1.802012509094,"REPORT_DATE_SQ":"2021-09-30 00:00:00","REPORT_TYPE_SQ":"2021年三季报","OPERATE_INCOME_SQ":126558604943.52,"DPS_HKD":0.16957,"OPERATE_INCOME_QOQ_SQ":5.415427446527,"NET_PROFIT_RATIO_SQ":3.3316949389,"HOLDER_PROFIT_SQ":3558157949.42,"HOLDER_PROFIT_QOQ_SQ":14.690075556269,"ROE_AVG_SQ":9.081771718036,"PE_TTM_SQ":23.780273052815,"PB_TTM_SQ":1.465856120705,"ROA_SQ":2.692140961421,"START_DATE":"2022-01-01 00:00:00","FISCAL_YEAR":"12-31","CURRENCY":"HKD","IS_CNY_CODE":0,"DPS_HKD_LY":0.08382,"ORG_TYPE":"一般企业","PREMIUM_INCOME":null,"PREMIUM_INCOME_YOY":null,"NET_INTEREST_INCOME":null,"NET_INTEREST_INCOME_YOY":null,"FEE_COMMISSION_INCOME":null,"FEE_COMMISSION_INCOME_YOY":null,"ACCOUNTS_RECE_TDAYS":101.424755747682,"INVENTORY_TDAYS":4.19919039009,"CURRENT_ASSETS_TDAYS":1.593900472532,"TOTAL_ASSETS_TDAYS":0.859490076279,"PREMIUM_EXPENSE":null,"LOAN_DEPOSIT":null,"LOAN_EQUITY":null,"LOAN_ASSETS":null,"DEPOSIT_EQUITY":null,"DEPOSIT_ASSETS":null,"EQUITY_MULTIPLIER":2.792579521476,"EQUITY_RATIO":2.155844323808}],"count":67},"success":true,"message":"ok","code":0}