{"version":"7fe9a886908e208b48d891461075b2bc","result":{"pages":11,"data":[{"SECUCODE":"03991.HK","SECURITY_CODE":"03991","SECURITY_NAME_ABBR":"长虹佳华","ORG_CODE":"10010653","STD_REPORT_DATE":"2024-06-30 00:00:00","REPORT_DATE":"2024-06-30 00:00:00","DATE_TYPE_CODE":"002","REPORT_TYPE":"2024年中报","PER_NETCASH_OPERATE":-2.003466780371,"PER_OI":12.10056101825,"BPS":1.751169912419,"BASIC_EPS":0.05841152,"DILUTED_EPS":0.05841152,"OPERATE_INCOME":17602105286.32,"OPERATE_INCOME_YOY":13.7103921611,"GROSS_PROFIT":587444656.64,"GROSS_PROFIT_YOY":7.639078344974,"HOLDER_PROFIT":150121257.12,"HOLDER_PROFIT_YOY":0.0036479043,"GROSS_PROFIT_RATIO":3.337354521431,"EPS_TTM":0.223561641877,"OPERATE_INCOME_QOQ":5.832314266529,"NET_PROFIT_RATIO":0.8528596704,"ROE_AVG":5.841569741632,"GROSS_PROFIT_QOQ":3.537166883746,"ROA":1.049244728659,"HOLDER_PROFIT_QOQ":-0.466494060268,"ROE_YEARLY":11.683139483264,"ROIC_YEARLY":2.252310031947,"TOTAL_ASSETS":12727664855,"TOTAL_LIABILITIES":10154861005.6,"TAX_EBT":8.153624515596,"OCF_SALES":-16.556809038433,"TOTAL_PARENT_EQUITY":2572803849.4,"DEBT_ASSET_RATIO":79.7857354141,"OPERATE_PROFIT":309367488.88,"PRETAX_PROFIT":163448210.48,"NETCASH_OPERATE":-2914346959,"NETCASH_INVEST":2787359401.84,"NETCASH_FINANCE":95612356.8,"END_CASH":961440841.68,"DIVI_RATIO":0.202677881677,"DIVIDEND_RATE":7.8125,"CURRENT_RATIO":1.246000987474,"COMMON_ACS":5000000000,"CURRENTDEBT_DEBT":99.772011123075,"ISSUED_COMMON_SHARES":1454652000,"HK_COMMON_SHARES":1454652000,"PER_SHARES":2000,"TOTAL_MARKET_CAP":930977280,"HKSK_MARKET_CAP":930977280,"PE_TTM":2.58213176682,"PB_TTM":0.333557124216,"REPORT_DATE_SQ":"2023-06-30 00:00:00","REPORT_TYPE_SQ":"2023年中报","OPERATE_INCOME_SQ":15637503632.32,"DPS_HKD":0.05,"OPERATE_INCOME_QOQ_SQ":0.946321437365,"NET_PROFIT_RATIO_SQ":0.9697547,"HOLDER_PROFIT_SQ":151645426.44,"HOLDER_PROFIT_QOQ_SQ":0.558397837254,"ROE_AVG_SQ":6.345671624862,"PE_TTM_SQ":1.761456812652,"PB_TTM_SQ":0.247616807372,"ROA_SQ":1.104468232,"START_DATE":"2024-01-01 00:00:00","FISCAL_YEAR":"12-31","CURRENCY":"HKD","IS_CNY_CODE":0,"DPS_HKD_LY":0.05,"ORG_TYPE":"一般企业","PREMIUM_INCOME":null,"PREMIUM_INCOME_YOY":null,"NET_INTEREST_INCOME":null,"NET_INTEREST_INCOME_YOY":null,"FEE_COMMISSION_INCOME":null,"FEE_COMMISSION_INCOME_YOY":null,"ACCOUNTS_RECE_TDAYS":3.931947704303,"INVENTORY_TDAYS":3.93170847548,"CURRENT_ASSETS_TDAYS":1.238549986113,"TOTAL_ASSETS_TDAYS":1.230266555136,"PREMIUM_EXPENSE":null,"LOAN_DEPOSIT":null,"LOAN_EQUITY":null,"LOAN_ASSETS":null,"DEPOSIT_EQUITY":null,"DEPOSIT_ASSETS":null,"EQUITY_MULTIPLIER":4.947001637139,"EQUITY_RATIO":3.947001637131},{"SECUCODE":"03991.HK","SECURITY_CODE":"03991","SECURITY_NAME_ABBR":"长虹佳华","ORG_CODE":"10010653","STD_REPORT_DATE":"2023-12-31 00:00:00","REPORT_DATE":"2023-12-31 00:00:00","DATE_TYPE_CODE":"001","REPORT_TYPE":"2023年年报","PER_NETCASH_OPERATE":-1.824919547713,"PER_OI":23.156583245367,"BPS":1.734781728248,"BASIC_EPS":0.127142666,"DILUTED_EPS":0.127142666,"OPERATE_INCOME":33684770131.04,"OPERATE_INCOME_YOY":-3.0477416677,"GROSS_PROFIT":1178643325.3,"GROSS_PROFIT_YOY":3.690294325352,"HOLDER_PROFIT":326728558.8,"HOLDER_PROFIT_YOY":-1.4422551228,"GROSS_PROFIT_RATIO":3.499039241517,"EPS_TTM":0.224609431534,"OPERATE_INCOME_QOQ":-2.56425141363,"NET_PROFIT_RATIO":0.9699592947,"ROE_AVG":13.249036427868,"GROSS_PROFIT_QOQ":-2.51920944101,"ROA":2.161625676329,"HOLDER_PROFIT_QOQ":-0.568656748125,"ROE_YEARLY":13.249036427868,"ROIC_YEARLY":2.259395087605,"TOTAL_ASSETS":15774991119.86,"TOTAL_LIABILITIES":13226206589.96,"TAX_EBT":15.889027827028,"OCF_SALES":-7.880780719575,"TOTAL_PARENT_EQUITY":2548784529.9,"DEBT_ASSET_RATIO":83.8428781954,"OPERATE_PROFIT":633035449.9,"PRETAX_PROFIT":388449390.56,"NETCASH_OPERATE":-2654622869.92,"NETCASH_INVEST":163627083.2,"NETCASH_FINANCE":3163245188.46,"END_CASH":985788834.66,"DIVI_RATIO":0.201732401398,"DIVIDEND_RATE":8.064516129032,"CURRENT_RATIO":1.186801359645,"COMMON_ACS":5000000000,"CURRENTDEBT_DEBT":99.942027766103,"ISSUED_COMMON_SHARES":1454652000,"HK_COMMON_SHARES":1454652000,"PER_SHARES":2000,"TOTAL_MARKET_CAP":901884240,"HKSK_MARKET_CAP":901884240,"PE_TTM":2.501440149107,"PB_TTM":0.323133464084,"REPORT_DATE_SQ":"2022-12-31 00:00:00","REPORT_TYPE_SQ":"2022年年报","OPERATE_INCOME_SQ":34247175896.43,"DPS_HKD":0.05,"OPERATE_INCOME_QOQ_SQ":3.153606637215,"NET_PROFIT_RATIO_SQ":0.954158846,"HOLDER_PROFIT_SQ":326772458.32,"HOLDER_PROFIT_QOQ_SQ":-2.019327864944,"ROE_AVG_SQ":13.777799203951,"PE_TTM_SQ":1.700010644769,"PB_TTM_SQ":0.238979011766,"ROA_SQ":2.57415600596,"START_DATE":"2023-01-01 00:00:00","FISCAL_YEAR":"12-31","CURRENCY":"HKD","IS_CNY_CODE":0,"DPS_HKD_LY":0.05,"ORG_TYPE":"一般企业","PREMIUM_INCOME":null,"PREMIUM_INCOME_YOY":null,"NET_INTEREST_INCOME":null,"NET_INTEREST_INCOME_YOY":null,"FEE_COMMISSION_INCOME":null,"FEE_COMMISSION_INCOME_YOY":null,"ACCOUNTS_RECE_TDAYS":8.047610212172,"INVENTORY_TDAYS":6.925194325745,"CURRENT_ASSETS_TDAYS":2.239344775365,"TOTAL_ASSETS_TDAYS":2.228573598951,"PREMIUM_EXPENSE":null,"LOAN_DEPOSIT":null,"LOAN_EQUITY":null,"LOAN_ASSETS":null,"DEPOSIT_EQUITY":null,"DEPOSIT_ASSETS":null,"EQUITY_MULTIPLIER":6.189221150238,"EQUITY_RATIO":5.189221150239},{"SECUCODE":"03991.HK","SECURITY_CODE":"03991","SECURITY_NAME_ABBR":"长虹佳华","ORG_CODE":"10010653","STD_REPORT_DATE":"2023-06-30 00:00:00","REPORT_DATE":"2023-06-30 00:00:00","DATE_TYPE_CODE":"002","REPORT_TYPE":"2023年中报","PER_NETCASH_OPERATE":-1.603573052056,"PER_OI":10.74999630999,"BPS":1.601068215876,"BASIC_EPS":0.05900672,"DILUTED_EPS":0.05900672,"OPERATE_INCOME":15637503632.32,"OPERATE_INCOME_YOY":-5.2811367168,"GROSS_PROFIT":545754075.26,"GROSS_PROFIT_YOY":15.29687407824,"HOLDER_PROFIT":151645426.44,"HOLDER_PROFIT_YOY":-6.1145042525,"GROSS_PROFIT_RATIO":3.490033243746,"EPS_TTM":0.225893992969,"OPERATE_INCOME_QOQ":0.946321437365,"NET_PROFIT_RATIO":0.9697547,"ROE_AVG":6.345671624862,"GROSS_PROFIT_QOQ":6.369976823899,"ROA":1.104468232,"HOLDER_PROFIT_QOQ":0.558397837254,"ROE_YEARLY":12.691343249723,"ROIC_YEARLY":2.309089366727,"TOTAL_ASSETS":12754065579.14,"TOTAL_LIABILITIES":10399348020.72,"TAX_EBT":20.062791907037,"OCF_SALES":-14.916963744129,"TOTAL_PARENT_EQUITY":2354717558.42,"DEBT_ASSET_RATIO":81.5375141063,"OPERATE_PROFIT":311371085.6,"PRETAX_PROFIT":189705682.82,"NETCASH_OPERATE":-2332640747.32,"NETCASH_INVEST":1500451457.54,"NETCASH_FINANCE":1367364566.52,"END_CASH":863111577,"DIVI_RATIO":0.200585236484,"DIVIDEND_RATE":8.064516129032,"CURRENT_RATIO":1.2209810083,"COMMON_ACS":5000000000,"CURRENTDEBT_DEBT":99.911165203996,"ISSUED_COMMON_SHARES":1454652000,"HK_COMMON_SHARES":1454652000,"PER_SHARES":2000,"TOTAL_MARKET_CAP":901884240,"HKSK_MARKET_CAP":901884240,"PE_TTM":2.501440149107,"PB_TTM":0.323133464084,"REPORT_DATE_SQ":"2022-06-30 00:00:00","REPORT_TYPE_SQ":"2022年中报","OPERATE_INCOME_SQ":15313415265.12,"DPS_HKD":0.05,"OPERATE_INCOME_QOQ_SQ":-8.867750795582,"NET_PROFIT_RATIO_SQ":0.9783626546,"HOLDER_PROFIT_SQ":149820736.1,"HOLDER_PROFIT_QOQ_SQ":-1.29152580866,"ROE_AVG_SQ":6.663889887388,"PE_TTM_SQ":1.700010644769,"PB_TTM_SQ":0.238979011766,"ROA_SQ":1.425800469483,"START_DATE":"2023-01-01 00:00:00","FISCAL_YEAR":"12-31","CURRENCY":"HKD","IS_CNY_CODE":0,"DPS_HKD_LY":0.05,"ORG_TYPE":"一般企业","PREMIUM_INCOME":null,"PREMIUM_INCOME_YOY":null,"NET_INTEREST_INCOME":null,"NET_INTEREST_INCOME_YOY":null,"FEE_COMMISSION_INCOME":null,"FEE_COMMISSION_INCOME_YOY":null,"ACCOUNTS_RECE_TDAYS":3.802612291824,"INVENTORY_TDAYS":3.56216010067,"CURRENT_ASSETS_TDAYS":1.144212903082,"TOTAL_ASSETS_TDAYS":1.138915059632,"PREMIUM_EXPENSE":null,"LOAN_DEPOSIT":null,"LOAN_EQUITY":null,"LOAN_ASSETS":null,"DEPOSIT_EQUITY":null,"DEPOSIT_ASSETS":null,"EQUITY_MULTIPLIER":5.416388701704,"EQUITY_RATIO":4.416388701708},{"SECUCODE":"03991.HK","SECURITY_CODE":"03991","SECURITY_NAME_ABBR":"长虹佳华","ORG_CODE":"10010653","STD_REPORT_DATE":"2022-12-31 00:00:00","REPORT_DATE":"2022-12-31 00:00:00","DATE_TYPE_CODE":"001","REPORT_TYPE":"2022年年报","PER_NETCASH_OPERATE":-1.30123527113,"PER_OI":23.543208888745,"BPS":1.597872473341,"BASIC_EPS":0.127112321,"DILUTED_EPS":0.127112321,"OPERATE_INCOME":34247175896.43,"OPERATE_INCOME_YOY":-13.9571790791,"GROSS_PROFIT":1136695900.97,"GROSS_PROFIT_YOY":5.449139605576,"HOLDER_PROFIT":326772458.32,"HOLDER_PROFIT_YOY":-11.4776392811,"GROSS_PROFIT_RATIO":3.31909382662,"EPS_TTM":0.224639610244,"OPERATE_INCOME_QOQ":3.153606637215,"NET_PROFIT_RATIO":0.954158846,"ROE_AVG":13.777799203951,"GROSS_PROFIT_QOQ":6.884242697398,"ROA":2.57415600596,"HOLDER_PROFIT_QOQ":-2.019327864944,"ROE_YEARLY":13.777799203951,"ROIC_YEARLY":2.674175962366,"TOTAL_ASSETS":14248338958.28,"TOTAL_LIABILITIES":11899071016,"TAX_EBT":17.127264571756,"OCF_SALES":-5.527008987089,"TOTAL_PARENT_EQUITY":2349267942.28,"DEBT_ASSET_RATIO":83.5119872628,"OPERATE_PROFIT":582511192.97,"PRETAX_PROFIT":394306350.13,"NETCASH_OPERATE":-1892844489.62,"NETCASH_INVEST":-2517848536.49,"NETCASH_FINANCE":4149288279.85,"END_CASH":317724526.49,"DIVI_RATIO":0.201705300107,"DIVIDEND_RATE":8.064516129032,"CURRENT_RATIO":1.193093036192,"COMMON_ACS":5000000000,"CURRENTDEBT_DEBT":99.959694612936,"ISSUED_COMMON_SHARES":1454652000,"HK_COMMON_SHARES":1454652000,"PER_SHARES":2000,"TOTAL_MARKET_CAP":901884240,"HKSK_MARKET_CAP":901884240,"PE_TTM":2.501440149107,"PB_TTM":0.323133464084,"REPORT_DATE_SQ":"2021-12-31 00:00:00","REPORT_TYPE_SQ":"2021年年报","OPERATE_INCOME_SQ":36430762244.8,"DPS_HKD":0.05,"OPERATE_INCOME_QOQ_SQ":-0.50367413191,"NET_PROFIT_RATIO_SQ":0.9274325498,"HOLDER_PROFIT_SQ":337870747.2,"HOLDER_PROFIT_QOQ_SQ":9.450689594989,"ROE_AVG_SQ":16.568285285291,"PE_TTM_SQ":1.700010644769,"PB_TTM_SQ":0.238979011766,"ROA_SQ":3.527327361572,"START_DATE":"2022-01-01 00:00:00","FISCAL_YEAR":"12-31","CURRENCY":"HKD","IS_CNY_CODE":0,"DPS_HKD_LY":0.05,"ORG_TYPE":"一般企业","PREMIUM_INCOME":null,"PREMIUM_INCOME_YOY":null,"NET_INTEREST_INCOME":null,"NET_INTEREST_INCOME_YOY":null,"FEE_COMMISSION_INCOME":null,"FEE_COMMISSION_INCOME_YOY":null,"ACCOUNTS_RECE_TDAYS":8.798251002907,"INVENTORY_TDAYS":8.280720982563,"CURRENT_ASSETS_TDAYS":2.711111615538,"TOTAL_ASSETS_TDAYS":2.697827533391,"PREMIUM_EXPENSE":null,"LOAN_DEPOSIT":null,"LOAN_EQUITY":null,"LOAN_ASSETS":null,"DEPOSIT_EQUITY":null,"DEPOSIT_ASSETS":null,"EQUITY_MULTIPLIER":6.065012296745,"EQUITY_RATIO":5.065012296746},{"SECUCODE":"03991.HK","SECURITY_CODE":"03991","SECURITY_NAME_ABBR":"长虹佳华","ORG_CODE":"10010653","STD_REPORT_DATE":"2022-06-30 00:00:00","REPORT_DATE":"2022-06-30 00:00:00","DATE_TYPE_CODE":"002","REPORT_TYPE":"2022年中报","PER_NETCASH_OPERATE":-1.457594143733,"PER_OI":10.527201877233,"BPS":1.498988187051,"BASIC_EPS":0.058323958,"DILUTED_EPS":0.058323958,"OPERATE_INCOME":15313415265.12,"OPERATE_INCOME_YOY":-19.6527520644,"GROSS_PROFIT":473346809.81,"GROSS_PROFIT_YOY":-2.966954438539,"HOLDER_PROFIT":149820736.1,"HOLDER_PROFIT_YOY":-5.4560172693,"GROSS_PROFIT_RATIO":3.091059712122,"EPS_TTM":0.229269309292,"OPERATE_INCOME_QOQ":-8.867750795582,"NET_PROFIT_RATIO":0.9783626546,"ROE_AVG":6.663889887388,"GROSS_PROFIT_QOQ":-1.342670402676,"ROA":1.425800469483,"HOLDER_PROFIT_QOQ":-1.29152580866,"ROE_YEARLY":13.327779774777,"ROIC_YEARLY":2.947230170997,"TOTAL_ASSETS":10350211490.99,"TOTAL_LIABILITIES":8145848091.29,"TAX_EBT":18.29510582134,"OCF_SALES":-13.845978833993,"TOTAL_PARENT_EQUITY":2204363399.7,"DEBT_ASSET_RATIO":78.702238098,"OPERATE_PROFIT":253821247.19,"PRETAX_PROFIT":183368129.42,"NETCASH_OPERATE":-2120292236.37,"NETCASH_INVEST":721689709.86,"NETCASH_FINANCE":870638152.16,"END_CASH":76967100,"DIVI_RATIO":0.197632208776,"DIVIDEND_RATE":8.064516129032,"CURRENT_RATIO":1.264330518126,"COMMON_ACS":5000000000,"CURRENTDEBT_DEBT":99.956284341175,"ISSUED_COMMON_SHARES":1454652000,"HK_COMMON_SHARES":1454652000,"PER_SHARES":2000,"TOTAL_MARKET_CAP":901884240,"HKSK_MARKET_CAP":901884240,"PE_TTM":2.501440149107,"PB_TTM":0.323133464084,"REPORT_DATE_SQ":"2021-06-30 00:00:00","REPORT_TYPE_SQ":"2021年中报","OPERATE_INCOME_SQ":18544004473.92,"DPS_HKD":0.05,"OPERATE_INCOME_QOQ_SQ":7.734435357956,"NET_PROFIT_RATIO_SQ":0.8314516113,"HOLDER_PROFIT_SQ":154184424,"HOLDER_PROFIT_QOQ_SQ":6.19055824022,"ROE_AVG_SQ":7.876618070101,"PE_TTM_SQ":1.700010644769,"PB_TTM_SQ":0.238979011766,"ROA_SQ":1.757811101142,"START_DATE":"2022-01-01 00:00:00","FISCAL_YEAR":"12-31","CURRENCY":"HKD","IS_CNY_CODE":0,"DPS_HKD_LY":0.05,"ORG_TYPE":"一般企业","PREMIUM_INCOME":null,"PREMIUM_INCOME_YOY":null,"NET_INTEREST_INCOME":null,"NET_INTEREST_INCOME_YOY":null,"FEE_COMMISSION_INCOME":null,"FEE_COMMISSION_INCOME_YOY":null,"ACCOUNTS_RECE_TDAYS":3.607962182023,"INVENTORY_TDAYS":4.681145177702,"CURRENT_ASSETS_TDAYS":1.46569201323,"TOTAL_ASSETS_TDAYS":1.457333293291,"PREMIUM_EXPENSE":null,"LOAN_DEPOSIT":null,"LOAN_EQUITY":null,"LOAN_ASSETS":null,"DEPOSIT_EQUITY":null,"DEPOSIT_ASSETS":null,"EQUITY_MULTIPLIER":4.695329042561,"EQUITY_RATIO":3.69532904257},{"SECUCODE":"03991.HK","SECURITY_CODE":"03991","SECURITY_NAME_ABBR":"长虹佳华","ORG_CODE":"10010653","STD_REPORT_DATE":"2021-12-31 00:00:00","REPORT_DATE":"2021-12-31 00:00:00","DATE_TYPE_CODE":"001","REPORT_TYPE":"2021年年报","PER_NETCASH_OPERATE":0.259604856144,"PER_OI":25.044314547259,"BPS":1.490784042369,"BASIC_EPS":0.13147008,"DILUTED_EPS":0.13147008,"OPERATE_INCOME":36430762244.8,"OPERATE_INCOME_YOY":10.3435795692,"GROSS_PROFIT":1077956544,"GROSS_PROFIT_YOY":18.726822065431,"HOLDER_PROFIT":337870747.2,"HOLDER_PROFIT_YOY":19.643715366,"GROSS_PROFIT_RATIO":2.958918445781,"EPS_TTM":0.232269124987,"OPERATE_INCOME_QOQ":-0.50367413191,"NET_PROFIT_RATIO":0.9274325498,"ROE_AVG":16.568285285291,"GROSS_PROFIT_QOQ":10.769508968448,"ROA":3.527327361572,"HOLDER_PROFIT_QOQ":9.450689594989,"ROE_YEARLY":16.568285285291,"ROIC_YEARLY":3.697262958766,"TOTAL_ASSETS":10196653432,"TOTAL_LIABILITIES":8005272856,"TAX_EBT":18.370156742289,"OCF_SALES":1.036581998099,"TOTAL_PARENT_EQUITY":2191380576,"DEBT_ASSET_RATIO":78.5088255611,"OPERATE_PROFIT":559525377.6,"PRETAX_PROFIT":413905912,"NETCASH_OPERATE":377634723.2,"NETCASH_INVEST":273178147.2,"NETCASH_FINANCE":-389780988.8,"END_CASH":578341624,"DIVI_RATIO":0.195079737794,"DIVIDEND_RATE":8.064516129032,"CURRENT_RATIO":1.266921746268,"COMMON_ACS":5000000000,"CURRENTDEBT_DEBT":99.933337997393,"ISSUED_COMMON_SHARES":1454652000,"HK_COMMON_SHARES":1454652000,"PER_SHARES":2000,"TOTAL_MARKET_CAP":901884240,"HKSK_MARKET_CAP":901884240,"PE_TTM":2.501440149107,"PB_TTM":0.323133464084,"REPORT_DATE_SQ":"2020-12-31 00:00:00","REPORT_TYPE_SQ":"2020年年报","OPERATE_INCOME_SQ":33986518173.64,"DPS_HKD":0.05,"OPERATE_INCOME_QOQ_SQ":8.465305970758,"NET_PROFIT_RATIO_SQ":0.8553414364,"HOLDER_PROFIT_SQ":290700772.72,"HOLDER_PROFIT_QOQ_SQ":15.456145464498,"ROE_AVG_SQ":16.420391068092,"PE_TTM_SQ":1.700010644769,"PB_TTM_SQ":0.238979011766,"ROA_SQ":3.786751380462,"START_DATE":"2021-01-01 00:00:00","FISCAL_YEAR":"12-31","CURRENCY":"HKD","IS_CNY_CODE":0,"DPS_HKD_LY":0.05,"ORG_TYPE":"一般企业","PREMIUM_INCOME":null,"PREMIUM_INCOME_YOY":null,"NET_INTEREST_INCOME":null,"NET_INTEREST_INCOME_YOY":null,"FEE_COMMISSION_INCOME":null,"FEE_COMMISSION_INCOME_YOY":null,"ACCOUNTS_RECE_TDAYS":11.176892232506,"INVENTORY_TDAYS":12.718322277041,"CURRENT_ASSETS_TDAYS":3.826600896128,"TOTAL_ASSETS_TDAYS":3.803324955888,"PREMIUM_EXPENSE":null,"LOAN_DEPOSIT":null,"LOAN_EQUITY":null,"LOAN_ASSETS":null,"DEPOSIT_EQUITY":null,"DEPOSIT_ASSETS":null,"EQUITY_MULTIPLIER":4.653072836215,"EQUITY_RATIO":3.653072836217},{"SECUCODE":"03991.HK","SECURITY_CODE":"03991","SECURITY_NAME_ABBR":"长虹佳华","ORG_CODE":"10010653","STD_REPORT_DATE":"2021-06-30 00:00:00","REPORT_DATE":"2021-06-30 00:00:00","DATE_TYPE_CODE":"002","REPORT_TYPE":"2021年中报","PER_NETCASH_OPERATE":-1.78591413237,"PER_OI":12.748069279745,"BPS":1.355109330232,"BASIC_EPS":0.059992968,"DILUTED_EPS":0.059992968,"OPERATE_INCOME":18544004473.92,"OPERATE_INCOME_YOY":27.9094309249,"GROSS_PROFIT":487820213.28,"GROSS_PROFIT_YOY":15.433757289767,"HOLDER_PROFIT":154184424,"HOLDER_PROFIT_YOY":24.2840087462,"GROSS_PROFIT_RATIO":2.630608798472,"EPS_TTM":0.212213487047,"OPERATE_INCOME_QOQ":7.734435357956,"NET_PROFIT_RATIO":0.8314516113,"ROE_AVG":7.876618070101,"GROSS_PROFIT_QOQ":7.183667392847,"ROA":1.757811101142,"HOLDER_PROFIT_QOQ":6.19055824022,"ROE_YEARLY":15.753236140202,"ROIC_YEARLY":3.718537047656,"TOTAL_ASSETS":8423408777.28,"TOTAL_LIABILITIES":6428983744.08,"TAX_EBT":22.233040675519,"OCF_SALES":-14.009291079139,"TOTAL_PARENT_EQUITY":1994425033.2,"DEBT_ASSET_RATIO":76.3228274214,"OPERATE_PROFIT":261871385.52,"PRETAX_PROFIT":198264694.08,"NETCASH_OPERATE":-700710377.52,"NETCASH_INVEST":1591068428.64,"NETCASH_FINANCE":-548134364.16,"END_CASH":649752966.24,"DIVI_RATIO":0.213516118276,"DIVIDEND_RATE":8.064516129032,"CURRENT_RATIO":1.302558769238,"COMMON_ACS":5000000000,"CURRENTDEBT_DEBT":99.957121045102,"ISSUED_COMMON_SHARES":1454652000,"HK_COMMON_SHARES":1454652000,"PER_SHARES":2000,"TOTAL_MARKET_CAP":901884240,"HKSK_MARKET_CAP":901884240,"PE_TTM":2.501440149107,"PB_TTM":0.323133464084,"REPORT_DATE_SQ":"2020-06-30 00:00:00","REPORT_TYPE_SQ":"2020年中报","OPERATE_INCOME_SQ":15915339195.36,"DPS_HKD":0.05,"OPERATE_INCOME_QOQ_SQ":16.59985333234,"NET_PROFIT_RATIO_SQ":0.8557054404,"HOLDER_PROFIT_SQ":136188423.36,"HOLDER_PROFIT_QOQ_SQ":-2.796804449841,"ROE_AVG_SQ":7.845297762343,"PE_TTM_SQ":1.700010644769,"PB_TTM_SQ":0.238979011766,"ROA_SQ":2.120459007538,"START_DATE":"2021-01-01 00:00:00","FISCAL_YEAR":"12-31","CURRENCY":"HKD","IS_CNY_CODE":0,"DPS_HKD_LY":0.05,"ORG_TYPE":"一般企业","PREMIUM_INCOME":null,"PREMIUM_INCOME_YOY":null,"NET_INTEREST_INCOME":null,"NET_INTEREST_INCOME_YOY":null,"FEE_COMMISSION_INCOME":null,"FEE_COMMISSION_INCOME_YOY":null,"ACCOUNTS_RECE_TDAYS":5.221841629558,"INVENTORY_TDAYS":7.645732917294,"CURRENT_ASSETS_TDAYS":2.127367169873,"TOTAL_ASSETS_TDAYS":2.114147206197,"PREMIUM_EXPENSE":null,"LOAN_DEPOSIT":null,"LOAN_EQUITY":null,"LOAN_ASSETS":null,"DEPOSIT_EQUITY":null,"DEPOSIT_ASSETS":null,"EQUITY_MULTIPLIER":4.223477261402,"EQUITY_RATIO":3.223477261396},{"SECUCODE":"03991.HK","SECURITY_CODE":"03991","SECURITY_NAME_ABBR":"长虹佳华","ORG_CODE":"10010653","STD_REPORT_DATE":"2020-12-31 00:00:00","REPORT_DATE":"2020-12-31 00:00:00","DATE_TYPE_CODE":"001","REPORT_TYPE":"2020年年报","PER_NETCASH_OPERATE":-1.796978340249,"PER_OI":23.364019829925,"BPS":1.319320452534,"BASIC_EPS":0.113116416,"DILUTED_EPS":0.113116416,"OPERATE_INCOME":33986518173.64,"OPERATE_INCOME_YOY":34.6058218176,"GROSS_PROFIT":907930091.32,"GROSS_PROFIT_YOY":5.667718601624,"HOLDER_PROFIT":290700772.72,"HOLDER_PROFIT_YOY":19.4462696168,"GROSS_PROFIT_RATIO":2.671441913177,"EPS_TTM":0.199842142808,"OPERATE_INCOME_QOQ":8.465305970758,"NET_PROFIT_RATIO":0.8553414364,"ROE_AVG":16.420391068092,"GROSS_PROFIT_QOQ":1.820475489773,"ROA":3.786751380462,"HOLDER_PROFIT_QOQ":15.456145464498,"ROE_YEARLY":16.420391068092,"ROIC_YEARLY":4.025356630424,"TOTAL_ASSETS":9224141265.72,"TOTAL_LIABILITIES":7281509899.72,"TAX_EBT":16.867118998164,"OCF_SALES":-7.691220745959,"TOTAL_PARENT_EQUITY":1942631366,"DEBT_ASSET_RATIO":78.9397049542,"OPERATE_PROFIT":470987635.48,"PRETAX_PROFIT":349682062.28,"NETCASH_OPERATE":-1894255582.08,"NETCASH_INVEST":-1421492086.2,"NETCASH_FINANCE":3005280980.16,"END_CASH":311062569.24,"DIVI_RATIO":0.22673395793,"DIVIDEND_RATE":8.064516129032,"CURRENT_RATIO":1.259929789316,"COMMON_ACS":5000000000,"CURRENTDEBT_DEBT":99.925447083438,"ISSUED_COMMON_SHARES":1454652000,"HK_COMMON_SHARES":1454652000,"PER_SHARES":2000,"TOTAL_MARKET_CAP":901884240,"HKSK_MARKET_CAP":901884240,"PE_TTM":2.501440149107,"PB_TTM":0.323133464084,"REPORT_DATE_SQ":"2019-12-31 00:00:00","REPORT_TYPE_SQ":"2019年年报","OPERATE_INCOME_SQ":26873103496.82,"DPS_HKD":0.05,"OPERATE_INCOME_QOQ_SQ":16.648903267806,"NET_PROFIT_RATIO_SQ":0.9638973017,"HOLDER_PROFIT_SQ":259029119.48,"HOLDER_PROFIT_QOQ_SQ":0.616866009011,"ROE_AVG_SQ":15.923101977929,"PE_TTM_SQ":1.700010644769,"PB_TTM_SQ":0.238979011766,"ROA_SQ":4.33862346538,"START_DATE":"2020-01-01 00:00:00","FISCAL_YEAR":"12-31","CURRENCY":"HKD","IS_CNY_CODE":0,"DPS_HKD_LY":0.04,"ORG_TYPE":"一般企业","PREMIUM_INCOME":null,"PREMIUM_INCOME_YOY":null,"NET_INTEREST_INCOME":null,"NET_INTEREST_INCOME_YOY":null,"FEE_COMMISSION_INCOME":null,"FEE_COMMISSION_INCOME_YOY":null,"ACCOUNTS_RECE_TDAYS":13.467418767868,"INVENTORY_TDAYS":14.980961685139,"CURRENT_ASSETS_TDAYS":4.463355298273,"TOTAL_ASSETS_TDAYS":4.427181029033,"PREMIUM_EXPENSE":null,"LOAN_DEPOSIT":null,"LOAN_EQUITY":null,"LOAN_ASSETS":null,"DEPOSIT_EQUITY":null,"DEPOSIT_ASSETS":null,"EQUITY_MULTIPLIER":4.748271559469,"EQUITY_RATIO":3.748271559474},{"SECUCODE":"03991.HK","SECURITY_CODE":"03991","SECURITY_NAME_ABBR":"长虹佳华","ORG_CODE":"10010653","STD_REPORT_DATE":"2020-06-30 00:00:00","REPORT_DATE":"2020-06-30 00:00:00","DATE_TYPE_CODE":"002","REPORT_TYPE":"2020年中报","PER_NETCASH_OPERATE":-1.524608479059,"PER_OI":10.94099426898,"BPS":1.176869416685,"BASIC_EPS":0.05297952,"DILUTED_EPS":0.05297952,"OPERATE_INCOME":15915339195.36,"OPERATE_INCOME_YOY":33.8063505092,"GROSS_PROFIT":422597535.36,"GROSS_PROFIT_YOY":8.321721608959,"HOLDER_PROFIT":136188423.36,"HOLDER_PROFIT_YOY":-8.5621416087,"GROSS_PROFIT_RATIO":2.655284503664,"EPS_TTM":0.173089221023,"OPERATE_INCOME_QOQ":16.59985333234,"NET_PROFIT_RATIO":0.8557054404,"ROE_AVG":7.845297762343,"GROSS_PROFIT_QOQ":3.778457224193,"ROA":2.120459007538,"HOLDER_PROFIT_QOQ":-2.796804449841,"ROE_YEARLY":15.690595524685,"ROIC_YEARLY":4.720843934683,"TOTAL_ASSETS":6192854648.64,"TOTAL_LIABILITIES":4455436962.24,"TAX_EBT":23.045874969031,"OCF_SALES":-13.934825680163,"TOTAL_PARENT_EQUITY":1737417686.4,"DEBT_ASSET_RATIO":71.9448011462,"OPERATE_PROFIT":176973519.36,"PRETAX_PROFIT":176973519.36,"NETCASH_OPERATE":-2217774773.28,"NETCASH_INVEST":415823464.32,"NETCASH_FINANCE":1807542475.2,"END_CASH":655722951.84,"DIVI_RATIO":0.261778288285,"DIVIDEND_RATE":8.064516129032,"CURRENT_RATIO":1.375031844621,"COMMON_ACS":5000000000,"CURRENTDEBT_DEBT":99.789611628232,"ISSUED_COMMON_SHARES":1454652000,"HK_COMMON_SHARES":1454652000,"PER_SHARES":2000,"TOTAL_MARKET_CAP":901884240,"HKSK_MARKET_CAP":901884240,"PE_TTM":2.501440149107,"PB_TTM":0.323133464084,"REPORT_DATE_SQ":"2019-06-30 00:00:00","REPORT_TYPE_SQ":"2019年中报","OPERATE_INCOME_SQ":11454443429.04,"DPS_HKD":0.05,"OPERATE_INCOME_QOQ_SQ":6.258145091728,"NET_PROFIT_RATIO_SQ":1.2522036726,"HOLDER_PROFIT_SQ":143432961.3,"HOLDER_PROFIT_QOQ_SQ":-1.321307034127,"ROE_AVG_SQ":9.199158927593,"PE_TTM_SQ":1.700010644769,"PB_TTM_SQ":0.238979011766,"ROA_SQ":2.653932953504,"START_DATE":"2020-01-01 00:00:00","FISCAL_YEAR":"12-31","CURRENCY":"HKD","IS_CNY_CODE":0,"DPS_HKD_LY":0.04,"ORG_TYPE":"一般企业","PREMIUM_INCOME":null,"PREMIUM_INCOME_YOY":null,"NET_INTEREST_INCOME":null,"NET_INTEREST_INCOME_YOY":null,"FEE_COMMISSION_INCOME":null,"FEE_COMMISSION_INCOME_YOY":null,"ACCOUNTS_RECE_TDAYS":6.567591824057,"INVENTORY_TDAYS":8.274998255802,"CURRENT_ASSETS_TDAYS":2.507855472491,"TOTAL_ASSETS_TDAYS":2.478024454811,"PREMIUM_EXPENSE":null,"LOAN_DEPOSIT":null,"LOAN_EQUITY":null,"LOAN_ASSETS":null,"DEPOSIT_EQUITY":null,"DEPOSIT_ASSETS":null,"EQUITY_MULTIPLIER":3.564401753882,"EQUITY_RATIO":2.564401753888}],"count":93},"success":true,"message":"ok","code":0}