{"version":"38f3afcee83ea02609faf033f481e433","result":{"pages":5,"data":[{"SECUCODE":"03997.HK","SECURITY_CODE":"03997","SECURITY_NAME_ABBR":"电讯首科","ORG_CODE":"10321430","STD_REPORT_DATE":"2024-06-30 00:00:00","REPORT_DATE":"2024-09-30 00:00:00","DATE_TYPE_CODE":"002","REPORT_TYPE":"2024年中报","PER_NETCASH_OPERATE":0.013933471272,"PER_OI":0.165824468997,"BPS":0.484376084524,"BASIC_EPS":-0.01262506,"DILUTED_EPS":-0.01262506,"OPERATE_INCOME":21282244,"OPERATE_INCOME_YOY":-12.5861174902,"GROSS_PROFIT":3013782.18,"GROSS_PROFIT_YOY":-56.717041828738,"HOLDER_PROFIT":-1621418.42,"HOLDER_PROFIT_YOY":21.6557734205,"GROSS_PROFIT_RATIO":14.161016949153,"EPS_TTM":-0.064800998114,"OPERATE_INCOME_QOQ":0,"NET_PROFIT_RATIO":-7.6186440678,"ROE_AVG":-2.574640223384,"GROSS_PROFIT_QOQ":0,"ROA":-2.196392687649,"HOLDER_PROFIT_QOQ":0,"ROE_YEARLY":-5.149280446767,"ROIC_YEARLY":-4.880332774637,"TOTAL_ASSETS":70436111.53,"TOTAL_LIABILITIES":8270316.09,"TAX_EBT":-1.295774647887,"OCF_SALES":8.402542372881,"TOTAL_PARENT_EQUITY":62165795.44,"DEBT_ASSET_RATIO":11.7415852612,"OPERATE_PROFIT":-1492462.45,"PRETAX_PROFIT":-1600677.25,"NETCASH_OPERATE":1788249.57,"NETCASH_INVEST":9439937.72,"NETCASH_FINANCE":-3351953.43,"END_CASH":11312955.55,"DIVI_RATIO":-0.278325959859,"DIVIDEND_RATE":2.985074626866,"CURRENT_RATIO":3.201688555347,"COMMON_ACS":1000000000,"CURRENTDEBT_DEBT":92.988768945589,"ISSUED_COMMON_SHARES":128342000,"HK_COMMON_SHARES":128342000,"PER_SHARES":2000,"TOTAL_MARKET_CAP":85989140,"HKSK_MARKET_CAP":85989140,"PE_TTM":-9.910008067304,"PB_TTM":1.247376407102,"REPORT_DATE_SQ":"2023-06-30 00:00:00","REPORT_TYPE_SQ":"2023年中报","OPERATE_INCOME_SQ":24774174.74,"DPS_HKD":0.02,"OPERATE_INCOME_QOQ_SQ":0,"NET_PROFIT_RATIO_SQ":-8.5006296763,"HOLDER_PROFIT_SQ":-2105960.85,"HOLDER_PROFIT_QOQ_SQ":0,"ROE_AVG_SQ":-2.909279905686,"PE_TTM_SQ":-8.136830020562,"PB_TTM_SQ":0.610853636574,"ROA_SQ":-2.497279651795,"START_DATE":"2024-04-01 00:00:00","FISCAL_YEAR":"3-31","CURRENCY":"HKD","IS_CNY_CODE":0,"DPS_HKD_LY":0.02,"ORG_TYPE":"一般企业","PREMIUM_INCOME":null,"PREMIUM_INCOME_YOY":null,"NET_INTEREST_INCOME":null,"NET_INTEREST_INCOME_YOY":null,"FEE_COMMISSION_INCOME":null,"FEE_COMMISSION_INCOME_YOY":null,"ACCOUNTS_RECE_TDAYS":1.830947670585,"INVENTORY_TDAYS":5.763300142248,"CURRENT_ASSETS_TDAYS":0.804444898933,"TOTAL_ASSETS_TDAYS":0.288291809947,"PREMIUM_EXPENSE":null,"LOAN_DEPOSIT":null,"LOAN_EQUITY":null,"LOAN_ASSETS":null,"DEPOSIT_EQUITY":null,"DEPOSIT_ASSETS":null,"EQUITY_MULTIPLIER":1.133036439596,"EQUITY_RATIO":0.133036439596},{"SECUCODE":"03997.HK","SECURITY_CODE":"03997","SECURITY_NAME_ABBR":"电讯首科","ORG_CODE":"10321430","STD_REPORT_DATE":"2023-12-31 00:00:00","REPORT_DATE":"2024-03-31 00:00:00","DATE_TYPE_CODE":"001","REPORT_TYPE":"2023年年报","PER_NETCASH_OPERATE":0.001518663025,"PER_OI":0.384165237023,"BPS":0.499633071793,"BASIC_EPS":-0.064818325,"DILUTED_EPS":-0.064818325,"OPERATE_INCOME":49304534.85,"OPERATE_INCOME_YOY":5.8504116308,"GROSS_PROFIT":10199594.05,"GROSS_PROFIT_YOY":2.338335403836,"HOLDER_PROFIT":-8316689.7,"HOLDER_PROFIT_YOY":-28.9388615601,"GROSS_PROFIT_RATIO":20.686928861677,"EPS_TTM":-0.039753427872,"OPERATE_INCOME_QOQ":0,"NET_PROFIT_RATIO":-16.8680015445,"ROE_AVG":-12.169771899686,"GROSS_PROFIT_QOQ":0,"ROA":-10.501193317422,"HOLDER_PROFIT_QOQ":0,"ROE_YEARLY":-12.169771899686,"ROIC_YEARLY":-11.031812360584,"TOTAL_ASSETS":77615184.8,"TOTAL_LIABILITIES":13491277.1,"TAX_EBT":0.649772579597,"OCF_SALES":0.395315056907,"TOTAL_PARENT_EQUITY":64123907.7,"DEBT_ASSET_RATIO":17.3822649972,"OPERATE_PROFIT":-8139912.45,"PRETAX_PROFIT":-8371082.7,"NETCASH_OPERATE":194908.25,"NETCASH_INVEST":-243861.95,"NETCASH_FINANCE":-659968.4,"END_CASH":3454862.05,"DIVI_RATIO":-0.453691693151,"DIVIDEND_RATE":3.225806451613,"CURRENT_RATIO":2.48200015824,"COMMON_ACS":1000000000,"CURRENTDEBT_DEBT":84.928101061685,"ISSUED_COMMON_SHARES":128342000,"HK_COMMON_SHARES":128342000,"PER_SHARES":2000,"TOTAL_MARKET_CAP":79572040,"HKSK_MARKET_CAP":79572040,"PE_TTM":-9.170455226461,"PB_TTM":1.154288615527,"REPORT_DATE_SQ":"2022-12-31 00:00:00","REPORT_TYPE_SQ":"2022年年报","OPERATE_INCOME_SQ":44979441.21,"DPS_HKD":0.02,"OPERATE_INCOME_QOQ_SQ":0,"NET_PROFIT_RATIO_SQ":-13.8475311886,"HOLDER_PROFIT_SQ":-6228542.15,"HOLDER_PROFIT_QOQ_SQ":0,"ROE_AVG_SQ":-8.503238759949,"PE_TTM_SQ":-7.485865073788,"PB_TTM_SQ":0.685146646428,"ROA_SQ":-7.644208558505,"START_DATE":"2023-04-01 00:00:00","FISCAL_YEAR":"3-31","CURRENCY":"HKD","IS_CNY_CODE":0,"DPS_HKD_LY":null,"ORG_TYPE":"一般企业","PREMIUM_INCOME":null,"PREMIUM_INCOME_YOY":null,"NET_INTEREST_INCOME":null,"NET_INTEREST_INCOME_YOY":null,"FEE_COMMISSION_INCOME":null,"FEE_COMMISSION_INCOME_YOY":null,"ACCOUNTS_RECE_TDAYS":4.464904359248,"INVENTORY_TDAYS":8.134263624364,"CURRENT_ASSETS_TDAYS":1.625530515871,"TOTAL_ASSETS_TDAYS":0.622551123779,"PREMIUM_EXPENSE":null,"LOAN_DEPOSIT":null,"LOAN_EQUITY":null,"LOAN_ASSETS":null,"DEPOSIT_EQUITY":null,"DEPOSIT_ASSETS":null,"EQUITY_MULTIPLIER":1.210393869992,"EQUITY_RATIO":0.210393869992},{"SECUCODE":"03997.HK","SECURITY_CODE":"03997","SECURITY_NAME_ABBR":"电讯首科","ORG_CODE":"10321430","STD_REPORT_DATE":"2023-06-30 00:00:00","REPORT_DATE":"2023-09-30 00:00:00","DATE_TYPE_CODE":"002","REPORT_TYPE":"2023年中报","PER_NETCASH_OPERATE":-0.023387260055,"PER_OI":0.193032481495,"BPS":0.555817432641,"BASIC_EPS":-0.016425577,"DILUTED_EPS":-0.016425577,"OPERATE_INCOME":24774174.74,"OPERATE_INCOME_YOY":1.5229571692,"GROSS_PROFIT":6962976.44,"GROSS_PROFIT_YOY":27.208533224782,"HOLDER_PROFIT":-2105960.85,"HOLDER_PROFIT_YOY":35.7862339116,"GROSS_PROFIT_RATIO":28.105785613749,"EPS_TTM":-0.048530817269,"OPERATE_INCOME_QOQ":0,"NET_PROFIT_RATIO":-8.5006296763,"ROE_AVG":-2.909279905686,"GROSS_PROFIT_QOQ":0,"ROA":-2.497279651795,"HOLDER_PROFIT_QOQ":0,"ROE_YEARLY":-5.818559811372,"ROIC_YEARLY":-5.175913396482,"TOTAL_ASSETS":86893137.59,"TOTAL_LIABILITIES":15558416.65,"TAX_EBT":1.247848537005,"OCF_SALES":-12.115712274983,"TOTAL_PARENT_EQUITY":71334720.94,"DEBT_ASSET_RATIO":17.9052305873,"OPERATE_PROFIT":-2084855.36,"PRETAX_PROFIT":-2132572.12,"NETCASH_OPERATE":-3001567.73,"NETCASH_INVEST":-285382.93,"NETCASH_FINANCE":767138.68,"END_CASH":1694862.61,"DIVI_RATIO":-0.371636024587,"DIVIDEND_RATE":3.225806451613,"CURRENT_RATIO":2.784073963615,"COMMON_ACS":1000000000,"CURRENTDEBT_DEBT":79.103509289295,"ISSUED_COMMON_SHARES":128342000,"HK_COMMON_SHARES":128342000,"PER_SHARES":2000,"TOTAL_MARKET_CAP":79572040,"HKSK_MARKET_CAP":79572040,"PE_TTM":-9.170455226461,"PB_TTM":1.154288615527,"REPORT_DATE_SQ":"2022-06-30 00:00:00","REPORT_TYPE_SQ":"2022年中报","OPERATE_INCOME_SQ":24051772.92,"DPS_HKD":0.02,"OPERATE_INCOME_QOQ_SQ":0,"NET_PROFIT_RATIO_SQ":-13.4396269695,"HOLDER_PROFIT_SQ":-3232468.56,"HOLDER_PROFIT_QOQ_SQ":0,"ROE_AVG_SQ":-4.17874848003,"PE_TTM_SQ":-7.485865073788,"PB_TTM_SQ":0.685146646428,"ROA_SQ":-3.753649673367,"START_DATE":"2023-04-01 00:00:00","FISCAL_YEAR":"3-31","CURRENCY":"HKD","IS_CNY_CODE":0,"DPS_HKD_LY":null,"ORG_TYPE":"一般企业","PREMIUM_INCOME":null,"PREMIUM_INCOME_YOY":null,"NET_INTEREST_INCOME":null,"NET_INTEREST_INCOME_YOY":null,"FEE_COMMISSION_INCOME":null,"FEE_COMMISSION_INCOME_YOY":null,"ACCOUNTS_RECE_TDAYS":1.921497455607,"INVENTORY_TDAYS":3.188762937408,"CURRENT_ASSETS_TDAYS":0.740828142579,"TOTAL_ASSETS_TDAYS":0.293775843308,"PREMIUM_EXPENSE":null,"LOAN_DEPOSIT":null,"LOAN_EQUITY":null,"LOAN_ASSETS":null,"DEPOSIT_EQUITY":null,"DEPOSIT_ASSETS":null,"EQUITY_MULTIPLIER":1.218104401966,"EQUITY_RATIO":0.218104401966},{"SECUCODE":"03997.HK","SECURITY_CODE":"03997","SECURITY_NAME_ABBR":"电讯首科","ORG_CODE":"10321430","STD_REPORT_DATE":"2022-12-31 00:00:00","REPORT_DATE":"2023-03-31 00:00:00","DATE_TYPE_CODE":"001","REPORT_TYPE":"2022年年报","PER_NETCASH_OPERATE":0.002796575556,"PER_OI":0.350465484487,"BPS":0.545898369435,"BASIC_EPS":-0.048497714,"DILUTED_EPS":-0.048497714,"OPERATE_INCOME":44979441.21,"OPERATE_INCOME_YOY":47.829214259,"GROSS_PROFIT":9966542.85,"GROSS_PROFIT_YOY":-8.529583141601,"HOLDER_PROFIT":-6228542.15,"HOLDER_PROFIT_YOY":-606.5541211519,"GROSS_PROFIT_RATIO":22.157996146436,"EPS_TTM":-0.033140011298,"OPERATE_INCOME_QOQ":0,"NET_PROFIT_RATIO":-13.8475311886,"ROE_AVG":-8.503238759949,"GROSS_PROFIT_QOQ":0,"ROA":-7.644208558505,"HOLDER_PROFIT_QOQ":0,"ROE_YEARLY":-8.503238759949,"ROIC_YEARLY":-8.036188260275,"TOTAL_ASSETS":78005158.87,"TOTAL_LIABILITIES":7943470.34,"TAX_EBT":3.302527860832,"OCF_SALES":0.797960335533,"TOTAL_PARENT_EQUITY":70061688.53,"DEBT_ASSET_RATIO":10.1832628189,"OPERATE_PROFIT":-6412378.25,"PRETAX_PROFIT":-6441266.78,"NETCASH_OPERATE":358918.1,"NETCASH_INVEST":882413.28,"NETCASH_FINANCE":-1148537.92,"END_CASH":4020758.13,"DIVI_RATIO":-0.544230351579,"DIVIDEND_RATE":3.076923076923,"CURRENT_RATIO":4.139995341253,"COMMON_ACS":1000000000,"CURRENTDEBT_DEBT":94.621996914261,"ISSUED_COMMON_SHARES":128342000,"HK_COMMON_SHARES":128342000,"PER_SHARES":2000,"TOTAL_MARKET_CAP":83422300,"HKSK_MARKET_CAP":83422300,"PE_TTM":-9.614186930967,"PB_TTM":1.210141290472,"REPORT_DATE_SQ":"2021-12-31 00:00:00","REPORT_TYPE_SQ":"2021年年报","OPERATE_INCOME_SQ":28188274.57,"DPS_HKD":0.02,"OPERATE_INCOME_QOQ_SQ":0,"NET_PROFIT_RATIO_SQ":-2.8972581063,"HOLDER_PROFIT_SQ":-816687.07,"HOLDER_PROFIT_QOQ_SQ":0,"ROE_AVG_SQ":-1.099969414952,"PE_TTM_SQ":-7.39567392832,"PB_TTM_SQ":0.676891867555,"ROA_SQ":-1.021458748586,"START_DATE":"2022-04-01 00:00:00","FISCAL_YEAR":"3-31","CURRENCY":"HKD","IS_CNY_CODE":0,"DPS_HKD_LY":null,"ORG_TYPE":"一般企业","PREMIUM_INCOME":null,"PREMIUM_INCOME_YOY":null,"NET_INTEREST_INCOME":null,"NET_INTEREST_INCOME_YOY":null,"FEE_COMMISSION_INCOME":null,"FEE_COMMISSION_INCOME_YOY":null,"ACCOUNTS_RECE_TDAYS":5.127076784912,"INVENTORY_TDAYS":9.703056768559,"CURRENT_ASSETS_TDAYS":1.495285489785,"TOTAL_ASSETS_TDAYS":0.552026816507,"PREMIUM_EXPENSE":null,"LOAN_DEPOSIT":null,"LOAN_EQUITY":null,"LOAN_ASSETS":null,"DEPOSIT_EQUITY":null,"DEPOSIT_ASSETS":null,"EQUITY_MULTIPLIER":1.11337823148,"EQUITY_RATIO":0.11337823148},{"SECUCODE":"03997.HK","SECURITY_CODE":"03997","SECURITY_NAME_ABBR":"电讯首科","ORG_CODE":"10321430","STD_REPORT_DATE":"2022-06-30 00:00:00","REPORT_DATE":"2022-09-30 00:00:00","DATE_TYPE_CODE":"002","REPORT_TYPE":"2022年中报","PER_NETCASH_OPERATE":0.009217617927,"PER_OI":0.187403756526,"BPS":0.590131913481,"BASIC_EPS":-0.025143432,"DILUTED_EPS":-0.025143432,"OPERATE_INCOME":24051772.92,"OPERATE_INCOME_YOY":81.1388869968,"GROSS_PROFIT":5473670.88,"GROSS_PROFIT_YOY":-1.476080375686,"HOLDER_PROFIT":-3232468.56,"HOLDER_PROFIT_YOY":-1558.7755102041,"GROSS_PROFIT_RATIO":22.757868612041,"EPS_TTM":-0.006363365617,"OPERATE_INCOME_QOQ":0,"NET_PROFIT_RATIO":-13.4396269695,"ROE_AVG":-4.17874848003,"GROSS_PROFIT_QOQ":0,"ROA":-3.753649673367,"HOLDER_PROFIT_QOQ":0,"ROE_YEARLY":-8.35749696006,"ROIC_YEARLY":-7.963813004145,"TOTAL_ASSETS":84457511.64,"TOTAL_LIABILITIES":8718801.6,"TAX_EBT":1.024646912213,"OCF_SALES":4.91858759824,"TOTAL_PARENT_EQUITY":75738710.04,"DEBT_ASSET_RATIO":10.3232991722,"OPERATE_PROFIT":-3246939.6,"PRETAX_PROFIT":-3265932.84,"NETCASH_OPERATE":1183007.52,"NETCASH_INVEST":409711.32,"NETCASH_FINANCE":163703.64,"END_CASH":5814644.76,"DIVI_RATIO":-2.834317731515,"DIVIDEND_RATE":3.076923076923,"CURRENT_RATIO":3.627955114936,"COMMON_ACS":1000000000,"CURRENTDEBT_DEBT":95.217842323652,"ISSUED_COMMON_SHARES":128342000,"HK_COMMON_SHARES":128342000,"PER_SHARES":2000,"TOTAL_MARKET_CAP":83422300,"HKSK_MARKET_CAP":83422300,"PE_TTM":-9.614186930967,"PB_TTM":1.210141290472,"REPORT_DATE_SQ":"2021-06-30 00:00:00","REPORT_TYPE_SQ":"2021年中报","OPERATE_INCOME_SQ":12230153.86,"DPS_HKD":0.02,"OPERATE_INCOME_QOQ_SQ":0,"NET_PROFIT_RATIO_SQ":1.6688236496,"HOLDER_PROFIT_SQ":204099.7,"HOLDER_PROFIT_QOQ_SQ":0,"ROE_AVG_SQ":0.258930458677,"PE_TTM_SQ":-7.39567392832,"PB_TTM_SQ":0.676891867555,"ROA_SQ":0.241218893839,"START_DATE":"2022-04-01 00:00:00","FISCAL_YEAR":"3-31","CURRENCY":"HKD","IS_CNY_CODE":0,"DPS_HKD_LY":null,"ORG_TYPE":"一般企业","PREMIUM_INCOME":null,"PREMIUM_INCOME_YOY":null,"NET_INTEREST_INCOME":null,"NET_INTEREST_INCOME_YOY":null,"FEE_COMMISSION_INCOME":null,"FEE_COMMISSION_INCOME_YOY":null,"ACCOUNTS_RECE_TDAYS":2.772703576269,"INVENTORY_TDAYS":6.473684210526,"CURRENT_ASSETS_TDAYS":0.800042118564,"TOTAL_ASSETS_TDAYS":0.279297162182,"PREMIUM_EXPENSE":null,"LOAN_DEPOSIT":null,"LOAN_EQUITY":null,"LOAN_ASSETS":null,"DEPOSIT_EQUITY":null,"DEPOSIT_ASSETS":null,"EQUITY_MULTIPLIER":1.115116848378,"EQUITY_RATIO":0.115116848378},{"SECUCODE":"03997.HK","SECURITY_CODE":"03997","SECURITY_NAME_ABBR":"电讯首科","ORG_CODE":"10321430","STD_REPORT_DATE":"2021-12-31 00:00:00","REPORT_DATE":"2022-03-31 00:00:00","DATE_TYPE_CODE":"001","REPORT_TYPE":"2021年年报","PER_NETCASH_OPERATE":0.010319142058,"PER_OI":0.219634060323,"BPS":0.551754983949,"BASIC_EPS":-0.006325878,"DILUTED_EPS":-0.006325878,"OPERATE_INCOME":28188274.57,"OPERATE_INCOME_YOY":-9.368970013,"GROSS_PROFIT":10895919.35,"GROSS_PROFIT_YOY":-15.877109799907,"HOLDER_PROFIT":-816687.07,"HOLDER_PROFIT_YOY":-110.5191684947,"GROSS_PROFIT_RATIO":38.654084069396,"EPS_TTM":0.029604309735,"OPERATE_INCOME_QOQ":0,"NET_PROFIT_RATIO":-2.8972581063,"ROE_AVG":-1.099969414952,"GROSS_PROFIT_QOQ":0,"ROA":-1.021458748586,"HOLDER_PROFIT_QOQ":0,"ROE_YEARLY":-1.099969414952,"ROIC_YEARLY":-1.956213454553,"TOTAL_ASSETS":78706087.47,"TOTAL_LIABILITIES":7892749.32,"TAX_EBT":-116.094420600858,"OCF_SALES":4.698334148517,"TOTAL_PARENT_EQUITY":70813338.15,"DEBT_ASSET_RATIO":10.0281306996,"OPERATE_PROFIT":1313836.2,"PRETAX_PROFIT":-377930.66,"NETCASH_OPERATE":1324379.33,"NETCASH_INVEST":-62551579.28,"NETCASH_FINANCE":-7904103.46,"END_CASH":3639001.87,"DIVI_RATIO":0.609228864361,"DIVIDEND_RATE":3.076923076923,"CURRENT_RATIO":4.213079365079,"COMMON_ACS":1000000000,"CURRENTDEBT_DEBT":80.918618988903,"ISSUED_COMMON_SHARES":128342000,"HK_COMMON_SHARES":128342000,"PER_SHARES":2000,"TOTAL_MARKET_CAP":83422300,"HKSK_MARKET_CAP":83422300,"PE_TTM":-9.614186930967,"PB_TTM":1.210141290472,"REPORT_DATE_SQ":"2020-12-31 00:00:00","REPORT_TYPE_SQ":"2020年年报","OPERATE_INCOME_SQ":32412653,"DPS_HKD":0.02,"OPERATE_INCOME_QOQ_SQ":0,"NET_PROFIT_RATIO_SQ":24.962190352,"HOLDER_PROFIT_SQ":8090908.14,"HOLDER_PROFIT_QOQ_SQ":0,"ROE_AVG_SQ":9.972290512105,"PE_TTM_SQ":-7.39567392832,"PB_TTM_SQ":0.676891867555,"ROA_SQ":9.432177588602,"START_DATE":"2021-04-01 00:00:00","FISCAL_YEAR":"3-31","CURRENCY":"HKD","IS_CNY_CODE":0,"DPS_HKD_LY":0.06,"ORG_TYPE":"一般企业","PREMIUM_INCOME":null,"PREMIUM_INCOME_YOY":null,"NET_INTEREST_INCOME":null,"NET_INTEREST_INCOME_YOY":null,"FEE_COMMISSION_INCOME":null,"FEE_COMMISSION_INCOME_YOY":null,"ACCOUNTS_RECE_TDAYS":4.126929470435,"INVENTORY_TDAYS":15.695252116305,"CURRENT_ASSETS_TDAYS":0.529747525167,"TOTAL_ASSETS_TDAYS":0.35256049379,"PREMIUM_EXPENSE":null,"LOAN_DEPOSIT":null,"LOAN_EQUITY":null,"LOAN_ASSETS":null,"DEPOSIT_EQUITY":null,"DEPOSIT_ASSETS":null,"EQUITY_MULTIPLIER":1.111458512284,"EQUITY_RATIO":0.111458512283},{"SECUCODE":"03997.HK","SECURITY_CODE":"03997","SECURITY_NAME_ABBR":"电讯首科","ORG_CODE":"10321430","STD_REPORT_DATE":"2021-06-30 00:00:00","REPORT_DATE":"2021-09-30 00:00:00","DATE_TYPE_CODE":"002","REPORT_TYPE":"2021年中报","PER_NETCASH_OPERATE":0.004154200496,"PER_OI":0.095293464805,"BPS":0.606636600178,"BASIC_EPS":0.001582814,"DILUTED_EPS":0.001582814,"OPERATE_INCOME":12230153.86,"OPERATE_INCOME_YOY":-31.0686449432,"GROSS_PROFIT":5555677.14,"GROSS_PROFIT_YOY":-30.038001647109,"HOLDER_PROFIT":204099.7,"HOLDER_PROFIT_YOY":-95.2111024238,"GROSS_PROFIT_RATIO":45.426060895034,"EPS_TTM":0.063041780088,"OPERATE_INCOME_QOQ":0,"NET_PROFIT_RATIO":1.6688236496,"ROE_AVG":0.258930458677,"GROSS_PROFIT_QOQ":0,"ROA":0.241218893839,"HOLDER_PROFIT_QOQ":0,"ROE_YEARLY":0.517860917354,"ROIC_YEARLY":0.983333500567,"TOTAL_ASSETS":85816009.78,"TOTAL_LIABILITIES":7959055.24,"TAX_EBT":56.093189964158,"OCF_SALES":4.359376064301,"TOTAL_PARENT_EQUITY":77856954.54,"DEBT_ASSET_RATIO":9.2745575801,"OPERATE_PROFIT":488173.16,"PRETAX_PROFIT":464847.48,"NETCASH_OPERATE":533158.4,"NETCASH_INVEST":-61397355.06,"NETCASH_FINANCE":-2433368.26,"END_CASH":11451242.76,"DIVI_RATIO":0.286092809799,"DIVIDEND_RATE":3.076923076923,"CURRENT_RATIO":6.157524613221,"COMMON_ACS":1000000000,"CURRENTDEBT_DEBT":66.977182332008,"ISSUED_COMMON_SHARES":128342000,"HK_COMMON_SHARES":128342000,"PER_SHARES":2000,"TOTAL_MARKET_CAP":83422300,"HKSK_MARKET_CAP":83422300,"PE_TTM":-9.614186930967,"PB_TTM":1.210141290472,"REPORT_DATE_SQ":"2020-06-30 00:00:00","REPORT_TYPE_SQ":"2020年中报","OPERATE_INCOME_SQ":18714978.56,"DPS_HKD":0.02,"OPERATE_INCOME_QOQ_SQ":0,"NET_PROFIT_RATIO_SQ":24.021034839,"HOLDER_PROFIT_SQ":4495531.52,"HOLDER_PROFIT_QOQ_SQ":0,"ROE_AVG_SQ":5.31797675724,"PE_TTM_SQ":-7.39567392832,"PB_TTM_SQ":0.676891867555,"ROA_SQ":4.921809986964,"START_DATE":"2021-04-01 00:00:00","FISCAL_YEAR":"3-31","CURRENCY":"HKD","IS_CNY_CODE":0,"DPS_HKD_LY":0.06,"ORG_TYPE":"一般企业","PREMIUM_INCOME":null,"PREMIUM_INCOME_YOY":null,"NET_INTEREST_INCOME":null,"NET_INTEREST_INCOME_YOY":null,"FEE_COMMISSION_INCOME":null,"FEE_COMMISSION_INCOME_YOY":null,"ACCOUNTS_RECE_TDAYS":1.967962466488,"INVENTORY_TDAYS":11.174337517434,"CURRENT_ASSETS_TDAYS":0.213627269089,"TOTAL_ASSETS_TDAYS":0.14454426859,"PREMIUM_EXPENSE":null,"LOAN_DEPOSIT":null,"LOAN_EQUITY":null,"LOAN_ASSETS":null,"DEPOSIT_EQUITY":null,"DEPOSIT_ASSETS":null,"EQUITY_MULTIPLIER":1.102226644839,"EQUITY_RATIO":0.102226644839},{"SECUCODE":"03997.HK","SECURITY_CODE":"03997","SECURITY_NAME_ABBR":"电讯首科","ORG_CODE":"10321430","STD_REPORT_DATE":"2020-12-31 00:00:00","REPORT_DATE":"2021-03-31 00:00:00","DATE_TYPE_CODE":"001","REPORT_TYPE":"2020年年报","PER_NETCASH_OPERATE":0.039538582226,"PER_OI":0.252549072011,"BPS":0.630753654922,"BASIC_EPS":0.063050428,"DILUTED_EPS":0.063050428,"OPERATE_INCOME":32412653,"OPERATE_INCOME_YOY":-13.478025449,"GROSS_PROFIT":12952383.5,"GROSS_PROFIT_YOY":-15.221871936624,"HOLDER_PROFIT":8090908.14,"HOLDER_PROFIT_YOY":281.8508177104,"GROSS_PROFIT_RATIO":39.960886571056,"EPS_TTM":0.029942799629,"OPERATE_INCOME_QOQ":0,"NET_PROFIT_RATIO":24.962190352,"ROE_AVG":9.972290512105,"GROSS_PROFIT_QOQ":0,"ROA":9.432177588602,"HOLDER_PROFIT_QOQ":0,"ROE_YEARLY":9.972290512105,"ROIC_YEARLY":82.451229490547,"TOTAL_ASSETS":84621111.96,"TOTAL_LIABILITIES":3668926.38,"TAX_EBT":2.33625790655,"OCF_SALES":15.655801825293,"TOTAL_PARENT_EQUITY":80952185.58,"DEBT_ASSET_RATIO":4.3357104333,"OPERATE_PROFIT":8325023,"PRETAX_PROFIT":8284454.36,"NETCASH_OPERATE":5074460.72,"NETCASH_INVEST":637265.72,"NETCASH_FINANCE":-5972887.06,"END_CASH":75836311.04,"DIVI_RATIO":0.602341805823,"DIVIDEND_RATE":3.076923076923,"CURRENT_RATIO":26.249799196787,"COMMON_ACS":1000000000,"CURRENTDEBT_DEBT":86.0400829302,"ISSUED_COMMON_SHARES":128342000,"HK_COMMON_SHARES":128342000,"PER_SHARES":2000,"TOTAL_MARKET_CAP":83422300,"HKSK_MARKET_CAP":83422300,"PE_TTM":-9.614186930967,"PB_TTM":1.210141290472,"REPORT_DATE_SQ":"2019-12-31 00:00:00","REPORT_TYPE_SQ":"2019年年报","OPERATE_INCOME_SQ":40498838.8,"DPS_HKD":0.02,"OPERATE_INCOME_QOQ_SQ":0,"NET_PROFIT_RATIO_SQ":5.6560779713,"HOLDER_PROFIT_SQ":2290645.9,"HOLDER_PROFIT_QOQ_SQ":0,"ROE_AVG_SQ":2.541346295179,"PE_TTM_SQ":-7.39567392832,"PB_TTM_SQ":0.676891867555,"ROA_SQ":2.395249628579,"START_DATE":"2020-04-01 00:00:00","FISCAL_YEAR":"3-31","CURRENCY":"HKD","IS_CNY_CODE":0,"DPS_HKD_LY":0.08,"ORG_TYPE":"一般企业","PREMIUM_INCOME":null,"PREMIUM_INCOME_YOY":null,"NET_INTEREST_INCOME":null,"NET_INTEREST_INCOME_YOY":null,"FEE_COMMISSION_INCOME":null,"FEE_COMMISSION_INCOME_YOY":null,"ACCOUNTS_RECE_TDAYS":5.426246904846,"INVENTORY_TDAYS":28.096400244051,"CURRENT_ASSETS_TDAYS":0.387164512107,"TOTAL_ASSETS_TDAYS":0.377858571527,"PREMIUM_EXPENSE":null,"LOAN_DEPOSIT":null,"LOAN_EQUITY":null,"LOAN_ASSETS":null,"DEPOSIT_EQUITY":null,"DEPOSIT_ASSETS":null,"EQUITY_MULTIPLIER":1.045322141135,"EQUITY_RATIO":0.045322141134},{"SECUCODE":"03997.HK","SECURITY_CODE":"03997","SECURITY_NAME_ABBR":"电讯首科","ORG_CODE":"10321430","STD_REPORT_DATE":"2020-06-30 00:00:00","REPORT_DATE":"2020-09-30 00:00:00","DATE_TYPE_CODE":"002","REPORT_TYPE":"2020年中报","PER_NETCASH_OPERATE":0.02874932041,"PER_OI":0.145821154104,"BPS":0.65860523414,"BASIC_EPS":0.035060928,"DILUTED_EPS":0.035060928,"OPERATE_INCOME":18714978.56,"OPERATE_INCOME_YOY":-12.8060263653,"GROSS_PROFIT":7940992.64,"GROSS_PROFIT_YOY":-18.627750807906,"HOLDER_PROFIT":4495531.52,"HOLDER_PROFIT_YOY":56.7882316886,"GROSS_PROFIT_RATIO":42.431214198516,"EPS_TTM":0.017847983513,"OPERATE_INCOME_QOQ":0,"NET_PROFIT_RATIO":24.021034839,"ROE_AVG":5.31797675724,"GROSS_PROFIT_QOQ":0,"ROA":4.921809986964,"HOLDER_PROFIT_QOQ":0,"ROE_YEARLY":10.63595351448,"ROIC_YEARLY":78.765251529964,"TOTAL_ASSETS":92289325.44,"TOTAL_LIABILITIES":7762612.48,"TAX_EBT":3.870725291244,"OCF_SALES":19.715466240962,"TOTAL_PARENT_EQUITY":84526712.96,"DEBT_ASSET_RATIO":8.4111704609,"OPERATE_PROFIT":4700273.28,"PRETAX_PROFIT":4676547.84,"NETCASH_OPERATE":3689745.28,"NETCASH_INVEST":490325.76,"NETCASH_FINANCE":-2566741.12,"END_CASH":80730642.56,"DIVI_RATIO":1.010523120837,"DIVIDEND_RATE":3.076923076923,"CURRENT_RATIO":12.948045397226,"COMMON_ACS":1000000000,"CURRENTDEBT_DEBT":89.766810052072,"ISSUED_COMMON_SHARES":128342000,"HK_COMMON_SHARES":128342000,"PER_SHARES":2000,"TOTAL_MARKET_CAP":83422300,"HKSK_MARKET_CAP":83422300,"PE_TTM":-9.614186930967,"PB_TTM":1.210141290472,"REPORT_DATE_SQ":"2019-06-30 00:00:00","REPORT_TYPE_SQ":"2019年中报","OPERATE_INCOME_SQ":22032496.26,"DPS_HKD":0.02,"OPERATE_INCOME_QOQ_SQ":0,"NET_PROFIT_RATIO_SQ":13.3587161222,"HOLDER_PROFIT_SQ":2943258.63,"HOLDER_PROFIT_QOQ_SQ":0,"ROE_AVG_SQ":3.237344048416,"PE_TTM_SQ":-7.39567392832,"PB_TTM_SQ":0.676891867555,"ROA_SQ":3.091630899254,"START_DATE":"2020-04-01 00:00:00","FISCAL_YEAR":"3-31","CURRENCY":"HKD","IS_CNY_CODE":0,"DPS_HKD_LY":0.08,"ORG_TYPE":"一般企业","PREMIUM_INCOME":null,"PREMIUM_INCOME_YOY":null,"NET_INTEREST_INCOME":null,"NET_INTEREST_INCOME_YOY":null,"FEE_COMMISSION_INCOME":null,"FEE_COMMISSION_INCOME_YOY":null,"ACCOUNTS_RECE_TDAYS":2.869383630852,"INVENTORY_TDAYS":12.811912225705,"CURRENT_ASSETS_TDAYS":0.21009953537,"TOTAL_ASSETS_TDAYS":0.204895834837,"PREMIUM_EXPENSE":null,"LOAN_DEPOSIT":null,"LOAN_EQUITY":null,"LOAN_ASSETS":null,"DEPOSIT_EQUITY":null,"DEPOSIT_ASSETS":null,"EQUITY_MULTIPLIER":1.091836204297,"EQUITY_RATIO":0.091836204298}],"count":39},"success":true,"message":"ok","code":0}