{"version":"f65b3252d706a36ba48ebe0d9de566e0","result":{"pages":4,"data":[{"SECUCODE":"03996.HK","SECURITY_CODE":"03996","SECURITY_NAME_ABBR":"中国能源建设","ORG_CODE":"10472023","STD_REPORT_DATE":"2024-09-30 00:00:00","REPORT_DATE":"2024-09-30 00:00:00","DATE_TYPE_CODE":"004","REPORT_TYPE":"2024年三季报","PER_NETCASH_OPERATE":-0.300264058574,"PER_OI":7.079167268556,"BPS":2.474479985752,"BASIC_EPS":0.08,"DILUTED_EPS":0.08,"OPERATE_INCOME":295138721000,"OPERATE_INCOME_YOY":3.443852637,"GROSS_PROFIT":34057865000,"GROSS_PROFIT_YOY":9.02408174745,"HOLDER_PROFIT":3604277000,"HOLDER_PROFIT_YOY":17.2771344409,"GROSS_PROFIT_RATIO":11.539612587804,"EPS_TTM":0.204290148252,"OPERATE_INCOME_QOQ":1.88258672072,"NET_PROFIT_RATIO":2.0686790874,"ROE_AVG":3.220567522697,"GROSS_PROFIT_QOQ":0.24664809064,"ROA":0.439202369653,"HOLDER_PROFIT_QOQ":5.016987238055,"ROE_YEARLY":4.294090030262,"ROIC_YEARLY":0.538833900743,"TOTAL_ASSETS":858126846000,"TOTAL_LIABILITIES":665521804000,"TAX_EBT":28.166426847792,"OCF_SALES":-4.241516652774,"TOTAL_PARENT_EQUITY":113363950000,"DEBT_ASSET_RATIO":77.5551781304,"OPERATE_PROFIT":12803518000,"PRETAX_PROFIT":8499470000,"NETCASH_OPERATE":-12518358000,"NETCASH_INVEST":-39887482000,"NETCASH_FINANCE":45331428000,"END_CASH":60889563000,"DIVI_RATIO":0.186736611268,"DIVIDEND_RATE":4.375,"CURRENT_RATIO":1.084203837167,"COMMON_ACS":null,"CURRENTDEBT_DEBT":65.94390001383,"ISSUED_COMMON_SHARES":41691163636,"HK_COMMON_SHARES":9262436000,"PER_SHARES":2000,"TOTAL_MARKET_CAP":40023517090.56,"HKSK_MARKET_CAP":8891938560,"PE_TTM":4.230730547399,"PB_TTM":0.349858719806,"REPORT_DATE_SQ":"2023-09-30 00:00:00","REPORT_TYPE_SQ":"2023年三季报","OPERATE_INCOME_SQ":285312963000,"DPS_HKD":0.042,"OPERATE_INCOME_QOQ_SQ":2.422604198345,"NET_PROFIT_RATIO_SQ":2.0076641243,"HOLDER_PROFIT_SQ":3073299000,"HOLDER_PROFIT_QOQ_SQ":-12.672068408661,"ROE_AVG_SQ":2.973356950307,"PE_TTM_SQ":3.970789541835,"PB_TTM_SQ":0.284868527683,"ROA_SQ":0.430733841862,"START_DATE":"2024-01-01 00:00:00","FISCAL_YEAR":"12-31","CURRENCY":"HKD","IS_CNY_CODE":0,"DPS_HKD_LY":0.042,"ORG_TYPE":"一般企业","PREMIUM_INCOME":null,"PREMIUM_INCOME_YOY":null,"NET_INTEREST_INCOME":null,"NET_INTEREST_INCOME_YOY":null,"FEE_COMMISSION_INCOME":null,"FEE_COMMISSION_INCOME_YOY":null,"ACCOUNTS_RECE_TDAYS":3.174031899406,"INVENTORY_TDAYS":3.38011573557,"CURRENT_ASSETS_TDAYS":0.654485312573,"TOTAL_ASSETS_TDAYS":0.359643905392,"PREMIUM_EXPENSE":null,"LOAN_DEPOSIT":null,"LOAN_EQUITY":null,"LOAN_ASSETS":null,"DEPOSIT_EQUITY":null,"DEPOSIT_ASSETS":null,"EQUITY_MULTIPLIER":4.455370623166,"EQUITY_RATIO":5.870665268809},{"SECUCODE":"03996.HK","SECURITY_CODE":"03996","SECURITY_NAME_ABBR":"中国能源建设","ORG_CODE":"10472023","STD_REPORT_DATE":"2024-06-30 00:00:00","REPORT_DATE":"2024-06-30 00:00:00","DATE_TYPE_CODE":"002","REPORT_TYPE":"2024年中报","PER_NETCASH_OPERATE":-0.348155238043,"PER_OI":4.659542743783,"BPS":2.484227039194,"BASIC_EPS":0.06,"DILUTED_EPS":0.06,"OPERATE_INCOME":194261759000,"OPERATE_INCOME_YOY":1.1146874656,"GROSS_PROFIT":23689400000,"GROSS_PROFIT_YOY":12.787605561327,"HOLDER_PROFIT":2781881000,"HOLDER_PROFIT_YOY":4.6689148996,"GROSS_PROFIT_RATIO":12.194577111803,"EPS_TTM":0.194530574172,"OPERATE_INCOME_QOQ":-1.626035803545,"NET_PROFIT_RATIO":2.340203766,"ROE_AVG":2.488988606185,"GROSS_PROFIT_QOQ":2.193370966257,"ROA":0.340835743822,"HOLDER_PROFIT_QOQ":-2.786154750682,"ROE_YEARLY":4.97797721237,"ROIC_YEARLY":0.839637148565,"TOTAL_ASSETS":849231871000,"TOTAL_LIABILITIES":657234309000,"TAX_EBT":26.917758945946,"OCF_SALES":-7.471875615005,"TOTAL_PARENT_EQUITY":113070316000,"DEBT_ASSET_RATIO":77.3916207627,"OPERATE_PROFIT":9273880000,"PRETAX_PROFIT":6220555000,"NETCASH_OPERATE":-14514997000,"NETCASH_INVEST":-26579113000,"NETCASH_FINANCE":38059843000,"END_CASH":65022711000,"DIVI_RATIO":0.196105163224,"DIVIDEND_RATE":4.117647058824,"CURRENT_RATIO":1.058159290754,"COMMON_ACS":null,"CURRENTDEBT_DEBT":68.121516309947,"ISSUED_COMMON_SHARES":41691163636,"HK_COMMON_SHARES":9262436000,"PER_SHARES":2000,"TOTAL_MARKET_CAP":42524986908.72,"HKSK_MARKET_CAP":9447684720,"PE_TTM":4.495151206611,"PB_TTM":0.371724889794,"REPORT_DATE_SQ":"2023-06-30 00:00:00","REPORT_TYPE_SQ":"2023年中报","OPERATE_INCOME_SQ":192120219000,"DPS_HKD":0.042,"OPERATE_INCOME_QOQ_SQ":4.325255993425,"NET_PROFIT_RATIO_SQ":2.3600689899,"HOLDER_PROFIT_SQ":2657791000,"HOLDER_PROFIT_QOQ_SQ":-4.024372762372,"ROE_AVG_SQ":2.569898019595,"PE_TTM_SQ":4.194495994896,"PB_TTM_SQ":0.30091745882,"ROA_SQ":0.37954176503,"START_DATE":"2024-01-01 00:00:00","FISCAL_YEAR":"12-31","CURRENCY":"HKD","IS_CNY_CODE":0,"DPS_HKD_LY":0.042,"ORG_TYPE":"一般企业","PREMIUM_INCOME":null,"PREMIUM_INCOME_YOY":null,"NET_INTEREST_INCOME":null,"NET_INTEREST_INCOME_YOY":null,"FEE_COMMISSION_INCOME":null,"FEE_COMMISSION_INCOME_YOY":null,"ACCOUNTS_RECE_TDAYS":2.113729039245,"INVENTORY_TDAYS":2.287175528137,"CURRENT_ASSETS_TDAYS":0.431775839306,"TOTAL_ASSETS_TDAYS":0.238009286253,"PREMIUM_EXPENSE":null,"LOAN_DEPOSIT":null,"LOAN_EQUITY":null,"LOAN_ASSETS":null,"DEPOSIT_EQUITY":null,"DEPOSIT_ASSETS":null,"EQUITY_MULTIPLIER":4.423138826114,"EQUITY_RATIO":5.812615832789},{"SECUCODE":"03996.HK","SECURITY_CODE":"03996","SECURITY_NAME_ABBR":"中国能源建设","ORG_CODE":"10472023","STD_REPORT_DATE":"2024-03-31 00:00:00","REPORT_DATE":"2024-03-31 00:00:00","DATE_TYPE_CODE":"003","REPORT_TYPE":"2024年一季报","PER_NETCASH_OPERATE":-0.388414752377,"PER_OI":2.336320925231,"BPS":2.465130834373,"BASIC_EPS":0.034,"DILUTED_EPS":0.034,"OPERATE_INCOME":97403938000,"OPERATE_INCOME_YOY":10.0414900651,"GROSS_PROFIT":10432370000,"GROSS_PROFIT_YOY":17.147523049968,"HOLDER_PROFIT":1480915000,"HOLDER_PROFIT_YOY":31.7087726101,"GROSS_PROFIT_RATIO":10.710419120837,"EPS_TTM":0.200105832325,"OPERATE_INCOME_QOQ":2.18906227277,"NET_PROFIT_RATIO":2.4124055436,"ROE_AVG":1.329731747363,"GROSS_PROFIT_QOQ":2.976387870853,"ROA":0.185273907298,"HOLDER_PROFIT_QOQ":4.46436039747,"ROE_YEARLY":5.318926989451,"ROIC_YEARLY":0.910771766203,"TOTAL_ASSETS":815466108000,"TOTAL_LIABILITIES":624502768000,"TAX_EBT":24.107337220697,"OCF_SALES":-16.625059861543,"TOTAL_PARENT_EQUITY":112274173000,"DEBT_ASSET_RATIO":76.5823081883,"OPERATE_PROFIT":4463595000,"PRETAX_PROFIT":3096186000,"NETCASH_OPERATE":-16193463000,"NETCASH_INVEST":-20774987000,"NETCASH_FINANCE":25050193000,"END_CASH":56010736000,"DIVI_RATIO":0.190641369902,"DIVIDEND_RATE":4.117647058824,"CURRENT_RATIO":1.062435098841,"COMMON_ACS":null,"CURRENTDEBT_DEBT":68.502274756931,"ISSUED_COMMON_SHARES":41691163636,"HK_COMMON_SHARES":9262436000,"PER_SHARES":2000,"TOTAL_MARKET_CAP":42524986908.72,"HKSK_MARKET_CAP":9447684720,"PE_TTM":4.495151206611,"PB_TTM":0.371724889794,"REPORT_DATE_SQ":"2023-03-31 00:00:00","REPORT_TYPE_SQ":"2023年一季报","OPERATE_INCOME_SQ":88515648000,"DPS_HKD":0.042,"OPERATE_INCOME_QOQ_SQ":4.705216758316,"NET_PROFIT_RATIO_SQ":2.0883696656,"HOLDER_PROFIT_SQ":1124386000,"HOLDER_PROFIT_QOQ_SQ":2.192309903663,"ROE_AVG_SQ":1.102651837461,"PE_TTM_SQ":4.194495994896,"PB_TTM_SQ":0.30091745882,"ROA_SQ":0.166043610962,"START_DATE":"2024-01-01 00:00:00","FISCAL_YEAR":"12-31","CURRENCY":"HKD","IS_CNY_CODE":0,"DPS_HKD_LY":0.042,"ORG_TYPE":"一般企业","PREMIUM_INCOME":null,"PREMIUM_INCOME_YOY":null,"NET_INTEREST_INCOME":null,"NET_INTEREST_INCOME_YOY":null,"FEE_COMMISSION_INCOME":null,"FEE_COMMISSION_INCOME_YOY":null,"ACCOUNTS_RECE_TDAYS":1.088630054646,"INVENTORY_TDAYS":1.166733015557,"CURRENT_ASSETS_TDAYS":0.221227224993,"TOTAL_ASSETS_TDAYS":0.121859851372,"PREMIUM_EXPENSE":null,"LOAN_DEPOSIT":null,"LOAN_EQUITY":null,"LOAN_ASSETS":null,"DEPOSIT_EQUITY":null,"DEPOSIT_ASSETS":null,"EQUITY_MULTIPLIER":4.270275687463,"EQUITY_RATIO":5.562301207064},{"SECUCODE":"03996.HK","SECURITY_CODE":"03996","SECURITY_NAME_ABBR":"中国能源建设","ORG_CODE":"10472023","STD_REPORT_DATE":"2023-12-31 00:00:00","REPORT_DATE":"2023-12-31 00:00:00","DATE_TYPE_CODE":"001","REPORT_TYPE":"2023年年报","PER_NETCASH_OPERATE":0.227530996324,"PER_OI":9.739038505737,"BPS":2.421729886973,"BASIC_EPS":0.18,"DILUTED_EPS":0.18,"OPERATE_INCOME":406031848000,"OPERATE_INCOME_YOY":10.817818459,"GROSS_PROFIT":51305242000,"GROSS_PROFIT_YOY":12.747169340791,"HOLDER_PROFIT":7986116000,"HOLDER_PROFIT_YOY":2.0702214007,"GROSS_PROFIT_RATIO":12.635767921338,"EPS_TTM":0.191554164084,"OPERATE_INCOME_QOQ":-0.948973213792,"NET_PROFIT_RATIO":2.7720749137,"ROE_AVG":7.522143104867,"GROSS_PROFIT_QOQ":-0.191963962903,"ROA":1.103430138237,"HOLDER_PROFIT_QOQ":19.395722298494,"ROE_YEARLY":7.522143104867,"ROIC_YEARLY":1.384394383046,"TOTAL_ASSETS":783156193000,"TOTAL_LIABILITIES":594903314000,"TAX_EBT":19.664157774628,"OCF_SALES":2.336277818286,"TOTAL_PARENT_EQUITY":110464737000,"DEBT_ASSET_RATIO":75.9622817667,"OPERATE_PROFIT":18690928000,"PRETAX_PROFIT":14010567000,"NETCASH_OPERATE":9486032000,"NETCASH_INVEST":-41528319000,"NETCASH_FINANCE":36050505000,"END_CASH":68136020000,"DIVI_RATIO":0.199152287722,"DIVIDEND_RATE":4.117647058824,"CURRENT_RATIO":1.021729578446,"COMMON_ACS":null,"CURRENTDEBT_DEBT":70.096861151458,"ISSUED_COMMON_SHARES":41691163636,"HK_COMMON_SHARES":9262436000,"PER_SHARES":2000,"TOTAL_MARKET_CAP":42524986908.72,"HKSK_MARKET_CAP":9447684720,"PE_TTM":4.495151206611,"PB_TTM":0.371724889794,"REPORT_DATE_SQ":"2022-12-31 00:00:00","REPORT_TYPE_SQ":"2022年年报","OPERATE_INCOME_SQ":366395814000,"DPS_HKD":0.042,"OPERATE_INCOME_QOQ_SQ":3.350989760514,"NET_PROFIT_RATIO_SQ":2.8402691784,"HOLDER_PROFIT_SQ":7824139000,"HOLDER_PROFIT_QOQ_SQ":6.664948410661,"ROE_AVG_SQ":7.964964832563,"PE_TTM_SQ":4.194495994896,"PB_TTM_SQ":0.30091745882,"ROA_SQ":1.308959646527,"START_DATE":"2023-01-01 00:00:00","FISCAL_YEAR":"12-31","CURRENCY":"HKD","IS_CNY_CODE":0,"DPS_HKD_LY":0.028585,"ORG_TYPE":"一般企业","PREMIUM_INCOME":null,"PREMIUM_INCOME_YOY":null,"NET_INTEREST_INCOME":null,"NET_INTEREST_INCOME_YOY":null,"FEE_COMMISSION_INCOME":null,"FEE_COMMISSION_INCOME_YOY":null,"ACCOUNTS_RECE_TDAYS":4.907833706651,"INVENTORY_TDAYS":5.485225616139,"CURRENT_ASSETS_TDAYS":1.00899691113,"TOTAL_ASSETS_TDAYS":0.561008352705,"PREMIUM_EXPENSE":null,"LOAN_DEPOSIT":null,"LOAN_EQUITY":null,"LOAN_ASSETS":null,"DEPOSIT_EQUITY":null,"DEPOSIT_ASSETS":null,"EQUITY_MULTIPLIER":4.160128637396,"EQUITY_RATIO":5.385459017569},{"SECUCODE":"03996.HK","SECURITY_CODE":"03996","SECURITY_NAME_ABBR":"中国能源建设","ORG_CODE":"10472023","STD_REPORT_DATE":"2023-09-30 00:00:00","REPORT_DATE":"2023-09-30 00:00:00","DATE_TYPE_CODE":"004","REPORT_TYPE":"2023年三季报","PER_NETCASH_OPERATE":-0.353720853866,"PER_OI":6.843487639036,"BPS":2.287080658926,"BASIC_EPS":0.07,"DILUTED_EPS":0.07,"OPERATE_INCOME":285312963000,"OPERATE_INCOME_YOY":18.0030646895,"GROSS_PROFIT":31238846000,"GROSS_PROFIT_YOY":23.292917100961,"HOLDER_PROFIT":3073299000,"HOLDER_PROFIT_YOY":-26.7191369866,"GROSS_PROFIT_RATIO":10.948975353777,"EPS_TTM":0.160436371083,"OPERATE_INCOME_QOQ":2.422604198345,"NET_PROFIT_RATIO":2.0076641243,"ROE_AVG":2.973356950307,"GROSS_PROFIT_QOQ":1.753680050049,"ROA":0.430733841862,"HOLDER_PROFIT_QOQ":-12.672068408661,"ROE_YEARLY":3.964475933743,"ROIC_YEARLY":0.534051892079,"TOTAL_ASSETS":762654929000,"TOTAL_LIABILITIES":584878191000,"TAX_EBT":25.720962826027,"OCF_SALES":-5.168722039454,"TOTAL_PARENT_EQUITY":104851054000,"DEBT_ASSET_RATIO":76.6897542729,"OPERATE_PROFIT":11113296000,"PRETAX_PROFIT":7711632000,"NETCASH_OPERATE":-14747034000,"NETCASH_INVEST":-23204382000,"NETCASH_FINANCE":28778894000,"END_CASH":55098742000,"DIVI_RATIO":0.237779312399,"DIVIDEND_RATE":4.117647058824,"CURRENT_RATIO":1.090300655144,"COMMON_ACS":null,"CURRENTDEBT_DEBT":68.806064440861,"ISSUED_COMMON_SHARES":41691163636,"HK_COMMON_SHARES":9262436000,"PER_SHARES":2000,"TOTAL_MARKET_CAP":42524986908.72,"HKSK_MARKET_CAP":9447684720,"PE_TTM":4.495151206611,"PB_TTM":0.371724889794,"REPORT_DATE_SQ":"2022-09-30 00:00:00","REPORT_TYPE_SQ":"2022年三季报","OPERATE_INCOME_SQ":241784367000,"DPS_HKD":0.042,"OPERATE_INCOME_QOQ_SQ":4.557846943808,"NET_PROFIT_RATIO_SQ":2.5765131839,"HOLDER_PROFIT_SQ":4193863000,"HOLDER_PROFIT_QOQ_SQ":5.434485511677,"ROE_AVG_SQ":4.32865363367,"PE_TTM_SQ":4.194495994896,"PB_TTM_SQ":0.30091745882,"ROA_SQ":0.710208010841,"START_DATE":"2023-01-01 00:00:00","FISCAL_YEAR":"12-31","CURRENCY":"HKD","IS_CNY_CODE":0,"DPS_HKD_LY":0.028585,"ORG_TYPE":"一般企业","PREMIUM_INCOME":null,"PREMIUM_INCOME_YOY":null,"NET_INTEREST_INCOME":null,"NET_INTEREST_INCOME_YOY":null,"FEE_COMMISSION_INCOME":null,"FEE_COMMISSION_INCOME_YOY":null,"ACCOUNTS_RECE_TDAYS":3.161523857511,"INVENTORY_TDAYS":3.859382772764,"CURRENT_ASSETS_TDAYS":0.69799260466,"TOTAL_ASSETS_TDAYS":0.399876317553,"PREMIUM_EXPENSE":null,"LOAN_DEPOSIT":null,"LOAN_EQUITY":null,"LOAN_ASSETS":null,"DEPOSIT_EQUITY":null,"DEPOSIT_ASSETS":null,"EQUITY_MULTIPLIER":4.289959066529,"EQUITY_RATIO":5.578181321859},{"SECUCODE":"03996.HK","SECURITY_CODE":"03996","SECURITY_NAME_ABBR":"中国能源建设","ORG_CODE":"10472023","STD_REPORT_DATE":"2023-06-30 00:00:00","REPORT_DATE":"2023-06-30 00:00:00","DATE_TYPE_CODE":"002","REPORT_TYPE":"2023年中报","PER_NETCASH_OPERATE":-0.326969741574,"PER_OI":4.608175983702,"BPS":2.289447995104,"BASIC_EPS":0.06,"DILUTED_EPS":0.06,"OPERATE_INCOME":192120219000,"OPERATE_INCOME_YOY":21.3742872801,"GROSS_PROFIT":21003549000,"GROSS_PROFIT_YOY":31.377751484427,"HOLDER_PROFIT":2657791000,"HOLDER_PROFIT_YOY":-5.3414610603,"GROSS_PROFIT_RATIO":10.932233799025,"EPS_TTM":0.183717131689,"OPERATE_INCOME_QOQ":4.325255993425,"NET_PROFIT_RATIO":2.3600689899,"ROE_AVG":2.569898019595,"GROSS_PROFIT_QOQ":7.607232242792,"ROA":0.37954176503,"HOLDER_PROFIT_QOQ":-4.024372762372,"ROE_YEARLY":5.13979603919,"ROIC_YEARLY":0.953262336567,"TOTAL_ASSETS":736046536000,"TOTAL_LIABILITIES":558155526000,"TAX_EBT":24.381282833247,"OCF_SALES":-7.095447993713,"TOTAL_PARENT_EQUITY":104949751000,"DEBT_ASSET_RATIO":75.831553944,"OPERATE_PROFIT":8177512000,"PRETAX_PROFIT":5996399000,"NETCASH_OPERATE":-13631597000,"NETCASH_INVEST":-11604852000,"NETCASH_FINANCE":25443397000,"END_CASH":64470520000,"DIVI_RATIO":0.20764775527,"DIVIDEND_RATE":4.117647058824,"CURRENT_RATIO":1.125097474141,"COMMON_ACS":null,"CURRENTDEBT_DEBT":67.665666361243,"ISSUED_COMMON_SHARES":41691163636,"HK_COMMON_SHARES":9262436000,"PER_SHARES":2000,"TOTAL_MARKET_CAP":42524986908.72,"HKSK_MARKET_CAP":9447684720,"PE_TTM":4.495151206611,"PB_TTM":0.371724889794,"REPORT_DATE_SQ":"2022-06-30 00:00:00","REPORT_TYPE_SQ":"2022年中报","OPERATE_INCOME_SQ":158286934000,"DPS_HKD":0.042,"OPERATE_INCOME_QOQ_SQ":2.037756765182,"NET_PROFIT_RATIO_SQ":2.564572386,"HOLDER_PROFIT_SQ":2807509000,"HOLDER_PROFIT_QOQ_SQ":4.583286267883,"ROE_AVG_SQ":2.924420884128,"PE_TTM_SQ":4.194495994896,"PB_TTM_SQ":0.30091745882,"ROA_SQ":0.500022360063,"START_DATE":"2023-01-01 00:00:00","FISCAL_YEAR":"12-31","CURRENCY":"HKD","IS_CNY_CODE":0,"DPS_HKD_LY":0.028585,"ORG_TYPE":"一般企业","PREMIUM_INCOME":null,"PREMIUM_INCOME_YOY":null,"NET_INTEREST_INCOME":null,"NET_INTEREST_INCOME_YOY":null,"FEE_COMMISSION_INCOME":null,"FEE_COMMISSION_INCOME_YOY":null,"ACCOUNTS_RECE_TDAYS":2.237057715406,"INVENTORY_TDAYS":2.677274849782,"CURRENT_ASSETS_TDAYS":0.47810029144,"TOTAL_ASSETS_TDAYS":0.274378690211,"PREMIUM_EXPENSE":null,"LOAN_DEPOSIT":null,"LOAN_EQUITY":null,"LOAN_ASSETS":null,"DEPOSIT_EQUITY":null,"DEPOSIT_ASSETS":null,"EQUITY_MULTIPLIER":4.137626381452,"EQUITY_RATIO":5.318312055833},{"SECUCODE":"03996.HK","SECURITY_CODE":"03996","SECURITY_NAME_ABBR":"中国能源建设","ORG_CODE":"10472023","STD_REPORT_DATE":"2023-03-31 00:00:00","REPORT_DATE":"2023-03-31 00:00:00","DATE_TYPE_CODE":"003","REPORT_TYPE":"2023年一季报","PER_NETCASH_OPERATE":-0.370592462587,"PER_OI":2.123127307571,"BPS":2.250780448809,"BASIC_EPS":0.025,"DILUTED_EPS":0.025,"OPERATE_INCOME":88515648000,"OPERATE_INCOME_YOY":24.1871171816,"GROSS_PROFIT":8905327000,"GROSS_PROFIT_YOY":19.362356331468,"HOLDER_PROFIT":1124386000,"HOLDER_PROFIT_YOY":17.8307709292,"GROSS_PROFIT_RATIO":10.060643013536,"EPS_TTM":0.191420610604,"OPERATE_INCOME_QOQ":4.705216758316,"NET_PROFIT_RATIO":2.0883696656,"ROE_AVG":1.102651837461,"GROSS_PROFIT_QOQ":3.174538708813,"ROA":0.166043610962,"HOLDER_PROFIT_QOQ":2.192309903663,"ROE_YEARLY":4.410607349845,"ROIC_YEARLY":0.835290404783,"TOTAL_ASSETS":698388451000,"TOTAL_LIABILITIES":526066893000,"TAX_EBT":26.848734355213,"OCF_SALES":-17.455046178042,"TOTAL_PARENT_EQUITY":103337656000,"DEBT_ASSET_RATIO":75.3258293786,"OPERATE_PROFIT":3639352000,"PRETAX_PROFIT":2517452000,"NETCASH_OPERATE":-15450458000,"NETCASH_INVEST":-5526382000,"NETCASH_FINANCE":19945298000,"END_CASH":62845888000,"DIVI_RATIO":0.199291235565,"DIVIDEND_RATE":4.117647058824,"CURRENT_RATIO":1.145825650151,"COMMON_ACS":null,"CURRENTDEBT_DEBT":67.676528923861,"ISSUED_COMMON_SHARES":41691163636,"HK_COMMON_SHARES":9262436000,"PER_SHARES":2000,"TOTAL_MARKET_CAP":42524986908.72,"HKSK_MARKET_CAP":9447684720,"PE_TTM":4.495151206611,"PB_TTM":0.371724889794,"REPORT_DATE_SQ":"2022-03-31 00:00:00","REPORT_TYPE_SQ":"2022年一季报","OPERATE_INCOME_SQ":71275956000,"DPS_HKD":0.042,"OPERATE_INCOME_QOQ_SQ":3.093202217502,"NET_PROFIT_RATIO_SQ":2.4999341994,"HOLDER_PROFIT_SQ":960166000,"HOLDER_PROFIT_QOQ_SQ":2.084653653956,"ROE_AVG_SQ":1.014315126829,"PE_TTM_SQ":4.194495994896,"PB_TTM_SQ":0.30091745882,"ROA_SQ":0.178276830623,"START_DATE":"2023-01-01 00:00:00","FISCAL_YEAR":"12-31","CURRENCY":"HKD","IS_CNY_CODE":0,"DPS_HKD_LY":0.028585,"ORG_TYPE":"一般企业","PREMIUM_INCOME":null,"PREMIUM_INCOME_YOY":null,"NET_INTEREST_INCOME":null,"NET_INTEREST_INCOME_YOY":null,"FEE_COMMISSION_INCOME":null,"FEE_COMMISSION_INCOME_YOY":null,"ACCOUNTS_RECE_TDAYS":1.057617862099,"INVENTORY_TDAYS":1.257594175175,"CURRENT_ASSETS_TDAYS":0.225031720846,"TOTAL_ASSETS_TDAYS":0.129908247414,"PREMIUM_EXPENSE":null,"LOAN_DEPOSIT":null,"LOAN_EQUITY":null,"LOAN_ASSETS":null,"DEPOSIT_EQUITY":null,"DEPOSIT_ASSETS":null,"EQUITY_MULTIPLIER":4.052821127583,"EQUITY_RATIO":5.090756974399},{"SECUCODE":"03996.HK","SECURITY_CODE":"03996","SECURITY_NAME_ABBR":"中国能源建设","ORG_CODE":"10472023","STD_REPORT_DATE":"2022-12-31 00:00:00","REPORT_DATE":"2022-12-31 00:00:00","DATE_TYPE_CODE":"001","REPORT_TYPE":"2022年年报","PER_NETCASH_OPERATE":0.190311286806,"PER_OI":8.788332635638,"BPS":2.216144931974,"BASIC_EPS":0.18,"DILUTED_EPS":0.18,"OPERATE_INCOME":366395814000,"OPERATE_INCOME_YOY":13.6742778065,"GROSS_PROFIT":45504683000,"GROSS_PROFIT_YOY":7.300619475869,"HOLDER_PROFIT":7824139000,"HOLDER_PROFIT_YOY":20.0679663388,"GROSS_PROFIT_RATIO":12.418941578847,"EPS_TTM":0.187314104931,"OPERATE_INCOME_QOQ":3.350989760514,"NET_PROFIT_RATIO":2.8402691784,"ROE_AVG":7.964964832563,"GROSS_PROFIT_QOQ":8.527868210042,"ROA":1.308959646527,"HOLDER_PROFIT_QOQ":6.664948410661,"ROE_YEARLY":7.964964832563,"ROIC_YEARLY":1.66035611114,"TOTAL_ASSETS":664552152000,"TOTAL_LIABILITIES":497084768000,"TAX_EBT":23.798089999433,"OCF_SALES":2.165514210643,"TOTAL_PARENT_EQUITY":101871452000,"DEBT_ASSET_RATIO":74.7895038185,"OPERATE_PROFIT":18292672000,"PRETAX_PROFIT":13677064000,"NETCASH_OPERATE":7936761000,"NETCASH_INVEST":-49025772000,"NETCASH_FINANCE":52324231000,"END_CASH":64008702000,"DIVI_RATIO":0.20366031706,"DIVIDEND_RATE":4.117647058824,"CURRENT_RATIO":1.10889741629,"COMMON_ACS":null,"CURRENTDEBT_DEBT":68.712539789592,"ISSUED_COMMON_SHARES":41691163636,"HK_COMMON_SHARES":9262436000,"PER_SHARES":2000,"TOTAL_MARKET_CAP":42524986908.72,"HKSK_MARKET_CAP":9447684720,"PE_TTM":4.495151206611,"PB_TTM":0.371724889794,"REPORT_DATE_SQ":"2021-12-31 00:00:00","REPORT_TYPE_SQ":"2021年年报","OPERATE_INCOME_SQ":322318565000,"DPS_HKD":0.042,"OPERATE_INCOME_QOQ_SQ":4.729511212567,"NET_PROFIT_RATIO_SQ":2.9776578336,"HOLDER_PROFIT_SQ":6504102000,"HOLDER_PROFIT_QOQ_SQ":10.439738023231,"ROE_AVG_SQ":7.999358093558,"PE_TTM_SQ":4.194495994896,"PB_TTM_SQ":0.30091745882,"ROA_SQ":1.294458782314,"START_DATE":"2022-01-01 00:00:00","FISCAL_YEAR":"12-31","CURRENCY":"HKD","IS_CNY_CODE":0,"DPS_HKD_LY":0.026361,"ORG_TYPE":"一般企业","PREMIUM_INCOME":null,"PREMIUM_INCOME_YOY":null,"NET_INTEREST_INCOME":null,"NET_INTEREST_INCOME_YOY":null,"FEE_COMMISSION_INCOME":null,"FEE_COMMISSION_INCOME_YOY":null,"ACCOUNTS_RECE_TDAYS":4.921723539036,"INVENTORY_TDAYS":5.348607254349,"CURRENT_ASSETS_TDAYS":1.064031808372,"TOTAL_ASSETS_TDAYS":0.61412854547,"PREMIUM_EXPENSE":null,"LOAN_DEPOSIT":null,"LOAN_EQUITY":null,"LOAN_ASSETS":null,"DEPOSIT_EQUITY":null,"DEPOSIT_ASSETS":null,"EQUITY_MULTIPLIER":3.966601818547,"EQUITY_RATIO":4.879529625238},{"SECUCODE":"03996.HK","SECURITY_CODE":"03996","SECURITY_NAME_ABBR":"中国能源建设","ORG_CODE":"10472023","STD_REPORT_DATE":"2022-09-30 00:00:00","REPORT_DATE":"2022-09-30 00:00:00","DATE_TYPE_CODE":"004","REPORT_TYPE":"2022年三季报","PER_NETCASH_OPERATE":-0.445028811428,"PER_OI":5.799415173704,"BPS":2.14272733618,"BASIC_EPS":0.09,"DILUTED_EPS":0.09,"OPERATE_INCOME":241784367000,"OPERATE_INCOME_YOY":15.3611466325,"GROSS_PROFIT":25337097000,"GROSS_PROFIT_YOY":-1.858833902881,"HOLDER_PROFIT":4193863000,"HOLDER_PROFIT_YOY":24.3196291567,"GROSS_PROFIT_RATIO":10.478478035025,"EPS_TTM":0.175609802209,"OPERATE_INCOME_QOQ":4.557846943808,"NET_PROFIT_RATIO":2.5765131839,"ROE_AVG":4.32865363367,"GROSS_PROFIT_QOQ":1.643128204355,"ROA":0.710208010841,"HOLDER_PROFIT_QOQ":5.434485511677,"ROE_YEARLY":5.771538178226,"ROIC_YEARLY":0.892838489152,"TOTAL_ASSETS":647646811000,"TOTAL_LIABILITIES":486004215000,"TAX_EBT":23.371976238098,"OCF_SALES":-7.673747232139,"TOTAL_PARENT_EQUITY":98832796000,"DEBT_ASSET_RATIO":75.0415514669,"OPERATE_PROFIT":10853344000,"PRETAX_PROFIT":8150526000,"NETCASH_OPERATE":-18552362000,"NETCASH_INVEST":-20364810000,"NETCASH_FINANCE":43487293000,"END_CASH":56980457000,"DIVI_RATIO":0.217234172125,"DIVIDEND_RATE":4.117647058824,"CURRENT_RATIO":1.138923370219,"COMMON_ACS":null,"CURRENTDEBT_DEBT":72.057315181927,"ISSUED_COMMON_SHARES":41691163636,"HK_COMMON_SHARES":9262436000,"PER_SHARES":2000,"TOTAL_MARKET_CAP":42524986908.72,"HKSK_MARKET_CAP":9447684720,"PE_TTM":4.495151206611,"PB_TTM":0.371724889794,"REPORT_DATE_SQ":"2021-09-30 00:00:00","REPORT_TYPE_SQ":"2021年三季报","OPERATE_INCOME_SQ":209587362000,"DPS_HKD":0.042,"OPERATE_INCOME_QOQ_SQ":0.485407900511,"NET_PROFIT_RATIO_SQ":3.0909683597,"HOLDER_PROFIT_SQ":3360557000,"HOLDER_PROFIT_QOQ_SQ":-2.632841589148,"ROE_AVG_SQ":4.210795228976,"PE_TTM_SQ":4.194495994896,"PB_TTM_SQ":0.30091745882,"ROA_SQ":0.681833756332,"START_DATE":"2022-01-01 00:00:00","FISCAL_YEAR":"12-31","CURRENCY":"HKD","IS_CNY_CODE":0,"DPS_HKD_LY":0.026361,"ORG_TYPE":"一般企业","PREMIUM_INCOME":null,"PREMIUM_INCOME_YOY":null,"NET_INTEREST_INCOME":null,"NET_INTEREST_INCOME_YOY":null,"FEE_COMMISSION_INCOME":null,"FEE_COMMISSION_INCOME_YOY":null,"ACCOUNTS_RECE_TDAYS":3.211859288619,"INVENTORY_TDAYS":3.470964128853,"CURRENT_ASSETS_TDAYS":0.682241184664,"TOTAL_ASSETS_TDAYS":0.411016493715,"PREMIUM_EXPENSE":null,"LOAN_DEPOSIT":null,"LOAN_EQUITY":null,"LOAN_ASSETS":null,"DEPOSIT_EQUITY":null,"DEPOSIT_ASSETS":null,"EQUITY_MULTIPLIER":4.006659302856,"EQUITY_RATIO":4.9174386911}],"count":33},"success":true,"message":"ok","code":0}