{"version":"957bfb9925387a6c75694b95afe21817","result":{"pages":2,"data":[{"SECUCODE":"03990.HK","SECURITY_CODE":"03990","SECURITY_NAME_ABBR":"美的置业","ORG_CODE":"10940847","STD_REPORT_DATE":"2024-06-30 00:00:00","REPORT_DATE":"2024-06-30 00:00:00","DATE_TYPE_CODE":"002","REPORT_TYPE":"2024年中报","PER_NETCASH_OPERATE":-2.6848621776,"PER_OI":17.51004105629,"BPS":17.555200929098,"BASIC_EPS":0.26,"DILUTED_EPS":0.26,"OPERATE_INCOME":25134114000,"OPERATE_INCOME_YOY":-30.8259243686,"GROSS_PROFIT":2321026000,"GROSS_PROFIT_YOY":-51.567254405327,"HOLDER_PROFIT":375869000,"HOLDER_PROFIT_YOY":-51.9408717844,"GROSS_PROFIT_RATIO":9.234564624001,"EPS_TTM":0.353456835206,"OPERATE_INCOME_QOQ":-15.225377405228,"NET_PROFIT_RATIO":2.3719913103,"ROE_AVG":1.488346923753,"GROSS_PROFIT_QOQ":-29.129731530349,"ROA":0.197525734368,"HOLDER_PROFIT_QOQ":-44.465314628978,"ROE_YEARLY":2.976693847506,"ROIC_YEARLY":0.493341794206,"TOTAL_ASSETS":178998041000,"TOTAL_LIABILITIES":131849953000,"TAX_EBT":51.289421457758,"OCF_SALES":-15.333271743734,"TOTAL_PARENT_EQUITY":25198937000,"DEBT_ASSET_RATIO":73.659997765,"OPERATE_PROFIT":351324000,"PRETAX_PROFIT":1223921000,"NETCASH_OPERATE":-3853882000,"NETCASH_INVEST":49110000,"NETCASH_FINANCE":-2324340000,"END_CASH":11412169000,"DIVI_RATIO":0.922995872493,"DIVIDEND_RATE":12.203389830508,"CURRENT_RATIO":1.340723114383,"COMMON_ACS":2000000000,"CURRENTDEBT_DEBT":78.449467479143,"ISSUED_COMMON_SHARES":1435411483,"HK_COMMON_SHARES":1435411483,"PER_SHARES":200,"TOTAL_MARKET_CAP":4234463874.85,"HKSK_MARKET_CAP":4234463874.85,"PE_TTM":7.407101030578,"PB_TTM":0.153367996805,"REPORT_DATE_SQ":"2023-06-30 00:00:00","REPORT_TYPE_SQ":"2023年中报","OPERATE_INCOME_SQ":36334586000,"DPS_HKD":0.36,"OPERATE_INCOME_QOQ_SQ":6.344734750305,"NET_PROFIT_RATIO_SQ":4.5837759098,"HOLDER_PROFIT_SQ":782097000,"HOLDER_PROFIT_QOQ_SQ":-43.790558532591,"ROE_AVG_SQ":3.15845274314,"PE_TTM_SQ":6.66282723395,"PB_TTM_SQ":0.244727677796,"ROA_SQ":0.323577981077,"START_DATE":"2024-01-01 00:00:00","FISCAL_YEAR":"12-31","CURRENCY":"HKD","IS_CNY_CODE":0,"DPS_HKD_LY":0.36,"ORG_TYPE":"一般企业","PREMIUM_INCOME":null,"PREMIUM_INCOME_YOY":null,"NET_INTEREST_INCOME":null,"NET_INTEREST_INCOME_YOY":null,"FEE_COMMISSION_INCOME":null,"FEE_COMMISSION_INCOME_YOY":null,"ACCOUNTS_RECE_TDAYS":0.732988422443,"INVENTORY_TDAYS":0.255439682269,"CURRENT_ASSETS_TDAYS":0.166823506313,"TOTAL_ASSETS_TDAYS":0.132084165641,"PREMIUM_EXPENSE":null,"LOAN_DEPOSIT":null,"LOAN_EQUITY":null,"LOAN_ASSETS":null,"DEPOSIT_EQUITY":null,"DEPOSIT_ASSETS":null,"EQUITY_MULTIPLIER":3.796506891223,"EQUITY_RATIO":5.232361706369},{"SECUCODE":"03990.HK","SECURITY_CODE":"03990","SECURITY_NAME_ABBR":"美的置业","ORG_CODE":"10940847","STD_REPORT_DATE":"2023-12-31 00:00:00","REPORT_DATE":"2023-12-31 00:00:00","DATE_TYPE_CODE":"001","REPORT_TYPE":"2023年年报","PER_NETCASH_OPERATE":2.532259942914,"PER_OI":51.249760693185,"BPS":17.63209664946,"BASIC_EPS":0.66,"DILUTED_EPS":0.66,"OPERATE_INCOME":73564495000,"OPERATE_INCOME_YOY":-0.0901157624,"GROSS_PROFIT":8483566000,"GROSS_PROFIT_YOY":-24.966963521059,"HOLDER_PROFIT":913584000,"HOLDER_PROFIT_YOY":-47.0804228311,"GROSS_PROFIT_RATIO":11.532147403445,"EPS_TTM":0.636461398574,"OPERATE_INCOME_QOQ":-6.050934752683,"NET_PROFIT_RATIO":2.888714182,"ROE_AVG":3.641653286931,"GROSS_PROFIT_QOQ":-18.662596648237,"ROA":0.402887683661,"HOLDER_PROFIT_QOQ":-5.852867797015,"ROE_YEARLY":3.641653286931,"ROIC_YEARLY":0.502250950778,"TOTAL_ASSETS":201579205000,"TOTAL_LIABILITIES":151460458000,"TAX_EBT":52.639215079726,"OCF_SALES":4.94101808216,"TOTAL_PARENT_EQUITY":25309314000,"DEBT_ASSET_RATIO":75.1369457976,"OPERATE_PROFIT":4306607000,"PRETAX_PROFIT":4486978000,"NETCASH_OPERATE":3634835000,"NETCASH_INVEST":4647077000,"NETCASH_FINANCE":-12578784000,"END_CASH":17553071000,"DIVI_RATIO":0.512582853777,"DIVIDEND_RATE":12.080536912752,"CURRENT_RATIO":1.29831609667,"COMMON_ACS":2000000000,"CURRENTDEBT_DEBT":82.711753057026,"ISSUED_COMMON_SHARES":1435411483,"HK_COMMON_SHARES":1435411483,"PER_SHARES":200,"TOTAL_MARKET_CAP":4277526219.34,"HKSK_MARKET_CAP":4277526219.34,"PE_TTM":7.482427481736,"PB_TTM":0.154927671348,"REPORT_DATE_SQ":"2022-12-31 00:00:00","REPORT_TYPE_SQ":"2022年年报","OPERATE_INCOME_SQ":73630848000,"DPS_HKD":0.36,"OPERATE_INCOME_QOQ_SQ":1.802108851401,"NET_PROFIT_RATIO_SQ":4.8577099098,"HOLDER_PROFIT_SQ":1726363000,"HOLDER_PROFIT_QOQ_SQ":-44.786473163585,"ROE_AVG_SQ":7.137190878058,"PE_TTM_SQ":6.940445035364,"PB_TTM_SQ":0.254924664371,"ROA_SQ":0.638851145172,"START_DATE":"2023-01-01 00:00:00","FISCAL_YEAR":"12-31","CURRENCY":"HKD","IS_CNY_CODE":0,"DPS_HKD_LY":0.8,"ORG_TYPE":"一般企业","PREMIUM_INCOME":null,"PREMIUM_INCOME_YOY":null,"NET_INTEREST_INCOME":null,"NET_INTEREST_INCOME_YOY":null,"FEE_COMMISSION_INCOME":null,"FEE_COMMISSION_INCOME_YOY":null,"ACCOUNTS_RECE_TDAYS":2.077116159732,"INVENTORY_TDAYS":0.549261418722,"CURRENT_ASSETS_TDAYS":0.390334403793,"TOTAL_ASSETS_TDAYS":0.32441711972,"PREMIUM_EXPENSE":null,"LOAN_DEPOSIT":null,"LOAN_EQUITY":null,"LOAN_ASSETS":null,"DEPOSIT_EQUITY":null,"DEPOSIT_ASSETS":null,"EQUITY_MULTIPLIER":4.022032015292,"EQUITY_RATIO":5.984376265591},{"SECUCODE":"03990.HK","SECURITY_CODE":"03990","SECURITY_NAME_ABBR":"美的置业","ORG_CODE":"10940847","STD_REPORT_DATE":"2023-06-30 00:00:00","REPORT_DATE":"2023-06-30 00:00:00","DATE_TYPE_CODE":"002","REPORT_TYPE":"2023年中报","PER_NETCASH_OPERATE":1.062295421135,"PER_OI":26.796395729472,"BPS":17.17921257566,"BASIC_EPS":0.58,"DILUTED_EPS":0.58,"OPERATE_INCOME":36334586000,"OPERATE_INCOME_YOY":14.7544331373,"GROSS_PROFIT":4792266000,"GROSS_PROFIT_YOY":-15.459666955685,"HOLDER_PROFIT":782097000,"HOLDER_PROFIT_YOY":-49.1511175289,"GROSS_PROFIT_RATIO":13.189268208533,"EPS_TTM":0.715644859462,"OPERATE_INCOME_QOQ":6.344734750305,"NET_PROFIT_RATIO":4.5837759098,"ROE_AVG":3.15845274314,"GROSS_PROFIT_QOQ":-7.750882881713,"ROA":0.323577981077,"HOLDER_PROFIT_QOQ":-43.790558532591,"ROE_YEARLY":6.316905486281,"ROIC_YEARLY":0.797687466504,"TOTAL_ASSETS":231466821000,"TOTAL_LIABILITIES":181380619000,"TAX_EBT":39.454848767628,"OCF_SALES":3.964322037411,"TOTAL_PARENT_EQUITY":24659239000,"DEBT_ASSET_RATIO":78.3613902919,"OPERATE_PROFIT":2609925000,"PRETAX_PROFIT":2750833000,"NETCASH_OPERATE":1440420000,"NETCASH_INVEST":915652000,"NETCASH_FINANCE":-5732973000,"END_CASH":18436816000,"DIVI_RATIO":0.455867453929,"DIVIDEND_RATE":12.080536912752,"CURRENT_RATIO":1.294481186679,"COMMON_ACS":2000000000,"CURRENTDEBT_DEBT":82.428984874068,"ISSUED_COMMON_SHARES":1435411483,"HK_COMMON_SHARES":1435411483,"PER_SHARES":200,"TOTAL_MARKET_CAP":4277526219.34,"HKSK_MARKET_CAP":4277526219.34,"PE_TTM":7.482427481736,"PB_TTM":0.154927671348,"REPORT_DATE_SQ":"2022-06-30 00:00:00","REPORT_TYPE_SQ":"2022年中报","OPERATE_INCOME_SQ":31662904000,"DPS_HKD":0.36,"OPERATE_INCOME_QOQ_SQ":-1.866500916963,"NET_PROFIT_RATIO_SQ":8.2379398933,"HOLDER_PROFIT_SQ":1538081000,"HOLDER_PROFIT_QOQ_SQ":-16.477750973205,"ROE_AVG_SQ":6.387521218286,"PE_TTM_SQ":6.940445035364,"PB_TTM_SQ":0.254924664371,"ROA_SQ":0.535275808426,"START_DATE":"2023-01-01 00:00:00","FISCAL_YEAR":"12-31","CURRENCY":"HKD","IS_CNY_CODE":0,"DPS_HKD_LY":0.8,"ORG_TYPE":"一般企业","PREMIUM_INCOME":null,"PREMIUM_INCOME_YOY":null,"NET_INTEREST_INCOME":null,"NET_INTEREST_INCOME_YOY":null,"FEE_COMMISSION_INCOME":null,"FEE_COMMISSION_INCOME_YOY":null,"ACCOUNTS_RECE_TDAYS":0.97047147636,"INVENTORY_TDAYS":0.24396993076,"CURRENT_ASSETS_TDAYS":0.178188699447,"TOTAL_ASSETS_TDAYS":0.150327542251,"PREMIUM_EXPENSE":null,"LOAN_DEPOSIT":null,"LOAN_EQUITY":null,"LOAN_ASSETS":null,"DEPOSIT_EQUITY":null,"DEPOSIT_ASSETS":null,"EQUITY_MULTIPLIER":4.621368995004,"EQUITY_RATIO":7.355483232877},{"SECUCODE":"03990.HK","SECURITY_CODE":"03990","SECURITY_NAME_ABBR":"美的置业","ORG_CODE":"10940847","STD_REPORT_DATE":"2022-12-31 00:00:00","REPORT_DATE":"2022-12-31 00:00:00","DATE_TYPE_CODE":"001","REPORT_TYPE":"2022年年报","PER_NETCASH_OPERATE":2.24607943247,"PER_OI":54.323591926488,"BPS":17.322433528282,"BASIC_EPS":1.34,"DILUTED_EPS":1.34,"OPERATE_INCOME":73630848000,"OPERATE_INCOME_YOY":-0.0980284438,"GROSS_PROFIT":11306441000,"GROSS_PROFIT_YOY":-16.22042904345,"HOLDER_PROFIT":1726363000,"HOLDER_PROFIT_YOY":-53.8844206192,"GROSS_PROFIT_RATIO":15.355576238916,"EPS_TTM":1.273681366932,"OPERATE_INCOME_QOQ":1.802108851401,"NET_PROFIT_RATIO":4.8577099098,"ROE_AVG":7.137190878058,"GROSS_PROFIT_QOQ":-8.271404478284,"ROA":0.638851145172,"HOLDER_PROFIT_QOQ":-44.786473163585,"ROE_YEARLY":7.137190878058,"ROIC_YEARLY":0.78016682149,"TOTAL_ASSETS":251938754000,"TOTAL_LIABILITIES":201624905000,"TAX_EBT":48.072438971807,"OCF_SALES":4.134629822544,"TOTAL_PARENT_EQUITY":24864820000,"DEBT_ASSET_RATIO":80.0293332403,"OPERATE_PROFIT":6831100000,"PRETAX_PROFIT":6888005000,"NETCASH_OPERATE":3044363000,"NETCASH_INVEST":5382329000,"NETCASH_FINANCE":-12947545000,"END_CASH":21810599000,"DIVI_RATIO":0.256138786725,"DIVIDEND_RATE":12.080536912752,"CURRENT_RATIO":1.288815853505,"COMMON_ACS":2000000000,"CURRENTDEBT_DEBT":82.461887334801,"ISSUED_COMMON_SHARES":1435411483,"HK_COMMON_SHARES":1435411483,"PER_SHARES":200,"TOTAL_MARKET_CAP":4277526219.34,"HKSK_MARKET_CAP":4277526219.34,"PE_TTM":7.482427481736,"PB_TTM":0.154927671348,"REPORT_DATE_SQ":"2021-12-31 00:00:00","REPORT_TYPE_SQ":"2021年年报","OPERATE_INCOME_SQ":73703098000,"DPS_HKD":0.36,"OPERATE_INCOME_QOQ_SQ":14.116984408466,"NET_PROFIT_RATIO_SQ":7.1948264644,"HOLDER_PROFIT_SQ":3743557000,"HOLDER_PROFIT_QOQ_SQ":-16.013239351556,"ROE_AVG_SQ":16.426522117228,"PE_TTM_SQ":6.940445035364,"PB_TTM_SQ":0.254924664371,"ROA_SQ":1.308308558808,"START_DATE":"2022-01-01 00:00:00","FISCAL_YEAR":"12-31","CURRENCY":"HKD","IS_CNY_CODE":0,"DPS_HKD_LY":1.6,"ORG_TYPE":"一般企业","PREMIUM_INCOME":null,"PREMIUM_INCOME_YOY":null,"NET_INTEREST_INCOME":null,"NET_INTEREST_INCOME_YOY":null,"FEE_COMMISSION_INCOME":null,"FEE_COMMISSION_INCOME_YOY":null,"ACCOUNTS_RECE_TDAYS":1.855421983063,"INVENTORY_TDAYS":0.415865995511,"CURRENT_ASSETS_TDAYS":0.31685978775,"TOTAL_ASSETS_TDAYS":0.272475438623,"PREMIUM_EXPENSE":null,"LOAN_DEPOSIT":null,"LOAN_EQUITY":null,"LOAN_ASSETS":null,"DEPOSIT_EQUITY":null,"DEPOSIT_ASSETS":null,"EQUITY_MULTIPLIER":5.00734408136,"EQUITY_RATIO":8.108842332259},{"SECUCODE":"03990.HK","SECURITY_CODE":"03990","SECURITY_NAME_ABBR":"美的置业","ORG_CODE":"10940847","STD_REPORT_DATE":"2022-06-30 00:00:00","REPORT_DATE":"2022-06-30 00:00:00","DATE_TYPE_CODE":"002","REPORT_TYPE":"2022年中报","PER_NETCASH_OPERATE":-1.412482882778,"PER_OI":25.550074278858,"BPS":17.170833793588,"BASIC_EPS":1.25,"DILUTED_EPS":1.25,"OPERATE_INCOME":31662904000,"OPERATE_INCOME_YOY":-4.1638269304,"GROSS_PROFIT":5668615000,"GROSS_PROFIT_YOY":-17.102557345557,"HOLDER_PROFIT":1538081000,"HOLDER_PROFIT_YOY":-28.6251789497,"GROSS_PROFIT_RATIO":17.903016728977,"EPS_TTM":2.52306275817,"OPERATE_INCOME_QOQ":-1.866500916963,"NET_PROFIT_RATIO":8.2379398933,"ROE_AVG":6.387521218286,"GROSS_PROFIT_QOQ":-8.665808649914,"ROA":0.535275808426,"HOLDER_PROFIT_QOQ":-16.477750973205,"ROE_YEARLY":12.775042436572,"ROIC_YEARLY":1.294973198361,"TOTAL_ASSETS":286167430000,"TOTAL_LIABILITIES":235730459000,"TAX_EBT":35.216144383867,"OCF_SALES":-5.528292667028,"TOTAL_PARENT_EQUITY":24647212000,"DEBT_ASSET_RATIO":82.3750134668,"OPERATE_PROFIT":3897518000,"PRETAX_PROFIT":4026267000,"NETCASH_OPERATE":-1750418000,"NETCASH_INVEST":6236648000,"NETCASH_FINANCE":-7574523000,"END_CASH":23218305000,"DIVI_RATIO":0.129302847875,"DIVIDEND_RATE":12.080536912752,"CURRENT_RATIO":1.28513622546,"COMMON_ACS":2000000000,"CURRENTDEBT_DEBT":82.793174385666,"ISSUED_COMMON_SHARES":1435411483,"HK_COMMON_SHARES":1435411483,"PER_SHARES":200,"TOTAL_MARKET_CAP":4277526219.34,"HKSK_MARKET_CAP":4277526219.34,"PE_TTM":7.482427481736,"PB_TTM":0.154927671348,"REPORT_DATE_SQ":"2021-06-30 00:00:00","REPORT_TYPE_SQ":"2021年中报","OPERATE_INCOME_SQ":33038573000,"DPS_HKD":0.36,"OPERATE_INCOME_QOQ_SQ":23.058537264138,"NET_PROFIT_RATIO_SQ":9.0873719031,"HOLDER_PROFIT_SQ":2154935000,"HOLDER_PROFIT_QOQ_SQ":3.024073600676,"ROE_AVG_SQ":9.637925104578,"PE_TTM_SQ":6.940445035364,"PB_TTM_SQ":0.254924664371,"ROA_SQ":0.751408562631,"START_DATE":"2022-01-01 00:00:00","FISCAL_YEAR":"12-31","CURRENCY":"HKD","IS_CNY_CODE":0,"DPS_HKD_LY":1.6,"ORG_TYPE":"一般企业","PREMIUM_INCOME":null,"PREMIUM_INCOME_YOY":null,"NET_INTEREST_INCOME":null,"NET_INTEREST_INCOME_YOY":null,"FEE_COMMISSION_INCOME":null,"FEE_COMMISSION_INCOME_YOY":null,"ACCOUNTS_RECE_TDAYS":0.716549062278,"INVENTORY_TDAYS":0.161441530264,"CURRENT_ASSETS_TDAYS":0.126326045484,"TOTAL_ASSETS_TDAYS":0.110191768416,"PREMIUM_EXPENSE":null,"LOAN_DEPOSIT":null,"LOAN_EQUITY":null,"LOAN_ASSETS":null,"DEPOSIT_EQUITY":null,"DEPOSIT_ASSETS":null,"EQUITY_MULTIPLIER":5.673763200422,"EQUITY_RATIO":9.564183527127},{"SECUCODE":"03990.HK","SECURITY_CODE":"03990","SECURITY_NAME_ABBR":"美的置业","ORG_CODE":"10940847","STD_REPORT_DATE":"2021-12-31 00:00:00","REPORT_DATE":"2021-12-31 00:00:00","DATE_TYPE_CODE":"001","REPORT_TYPE":"2021年年报","PER_NETCASH_OPERATE":2.598249135991,"PER_OI":59.709467725027,"BPS":16.379777003637,"BASIC_EPS":3.04,"DILUTED_EPS":3.04,"OPERATE_INCOME":73703098000,"OPERATE_INCOME_YOY":40.430691783,"GROSS_PROFIT":13495463000,"GROSS_PROFIT_YOY":15.761450897985,"HOLDER_PROFIT":3743557000,"HOLDER_PROFIT_YOY":-13.4734178947,"GROSS_PROFIT_RATIO":18.310577663913,"EPS_TTM":3.032786978212,"OPERATE_INCOME_QOQ":14.116984408466,"NET_PROFIT_RATIO":7.1948264644,"ROE_AVG":16.426522117228,"GROSS_PROFIT_QOQ":4.032835783848,"ROA":1.308308558808,"HOLDER_PROFIT_QOQ":-16.013239351556,"ROE_YEARLY":16.426522117228,"ROIC_YEARLY":1.544088951121,"TOTAL_ASSETS":288519853000,"TOTAL_LIABILITIES":240710232000,"TAX_EBT":39.184611079509,"OCF_SALES":4.351486012162,"TOTAL_PARENT_EQUITY":23511720000,"DEBT_ASSET_RATIO":83.4293479277,"OPERATE_PROFIT":8021879000,"PRETAX_PROFIT":8719520000,"NETCASH_OPERATE":3207180000,"NETCASH_INVEST":3439596000,"NETCASH_FINANCE":1059860000,"END_CASH":26288551000,"DIVI_RATIO":0.107570759946,"DIVIDEND_RATE":12.080536912752,"CURRENT_RATIO":1.260091620312,"COMMON_ACS":2000000000,"CURRENTDEBT_DEBT":82.577056799148,"ISSUED_COMMON_SHARES":1435411483,"HK_COMMON_SHARES":1435411483,"PER_SHARES":200,"TOTAL_MARKET_CAP":4277526219.34,"HKSK_MARKET_CAP":4277526219.34,"PE_TTM":7.482427481736,"PB_TTM":0.154927671348,"REPORT_DATE_SQ":"2020-12-31 00:00:00","REPORT_TYPE_SQ":"2020年年报","OPERATE_INCOME_SQ":52483611000,"DPS_HKD":0.36,"OPERATE_INCOME_QOQ_SQ":9.614115104446,"NET_PROFIT_RATIO_SQ":9.1942949581,"HOLDER_PROFIT_SQ":4326482000,"HOLDER_PROFIT_QOQ_SQ":-5.118491082768,"ROE_AVG_SQ":20.741887150912,"PE_TTM_SQ":6.940445035364,"PB_TTM_SQ":0.254924664371,"ROA_SQ":1.622020222764,"START_DATE":"2021-01-01 00:00:00","FISCAL_YEAR":"12-31","CURRENCY":"HKD","IS_CNY_CODE":0,"DPS_HKD_LY":1.6,"ORG_TYPE":"一般企业","PREMIUM_INCOME":null,"PREMIUM_INCOME_YOY":null,"NET_INTEREST_INCOME":null,"NET_INTEREST_INCOME_YOY":null,"FEE_COMMISSION_INCOME":null,"FEE_COMMISSION_INCOME_YOY":null,"ACCOUNTS_RECE_TDAYS":1.516790119686,"INVENTORY_TDAYS":0.374878772139,"CURRENT_ASSETS_TDAYS":0.291891273732,"TOTAL_ASSETS_TDAYS":0.257579606572,"PREMIUM_EXPENSE":null,"LOAN_DEPOSIT":null,"LOAN_EQUITY":null,"LOAN_ASSETS":null,"DEPOSIT_EQUITY":null,"DEPOSIT_ASSETS":null,"EQUITY_MULTIPLIER":6.03476553389,"EQUITY_RATIO":10.23788272402},{"SECUCODE":"03990.HK","SECURITY_CODE":"03990","SECURITY_NAME_ABBR":"美的置业","ORG_CODE":"10940847","STD_REPORT_DATE":"2021-06-30 00:00:00","REPORT_DATE":"2021-06-30 00:00:00","DATE_TYPE_CODE":"002","REPORT_TYPE":"2021年中报","PER_NETCASH_OPERATE":-6.088412475433,"PER_OI":26.765708114799,"BPS":15.779528914358,"BASIC_EPS":1.75,"DILUTED_EPS":1.75,"OPERATE_INCOME":33038573000,"OPERATE_INCOME_YOY":57.8028019805,"GROSS_PROFIT":6838106000,"GROSS_PROFIT_YOY":23.793758233705,"HOLDER_PROFIT":2154935000,"HOLDER_PROFIT_YOY":6.4639130794,"GROSS_PROFIT_RATIO":20.697340650881,"EPS_TTM":3.611029827555,"OPERATE_INCOME_QOQ":23.058537264138,"NET_PROFIT_RATIO":9.0873719031,"ROE_AVG":9.637925104578,"GROSS_PROFIT_QOQ":11.273955021764,"ROA":0.751408562631,"HOLDER_PROFIT_QOQ":3.024073600676,"ROE_YEARLY":19.275850209156,"ROIC_YEARLY":1.748561744806,"TOTAL_ASSETS":289817643000,"TOTAL_LIABILITIES":246744438000,"TAX_EBT":31.946408276489,"OCF_SALES":-22.747062955776,"TOTAL_PARENT_EQUITY":22650117000,"DEBT_ASSET_RATIO":85.1378250978,"OPERATE_PROFIT":4125319000,"PRETAX_PROFIT":4411726000,"NETCASH_OPERATE":-7515305000,"NETCASH_INVEST":11192667000,"NETCASH_FINANCE":1088211000,"END_CASH":23358212000,"DIVI_RATIO":0.090345196683,"DIVIDEND_RATE":12.080536912752,"CURRENT_RATIO":1.309333194624,"COMMON_ACS":2000000000,"CURRENTDEBT_DEBT":80.672352987345,"ISSUED_COMMON_SHARES":1435411483,"HK_COMMON_SHARES":1435411483,"PER_SHARES":200,"TOTAL_MARKET_CAP":4277526219.34,"HKSK_MARKET_CAP":4277526219.34,"PE_TTM":7.482427481736,"PB_TTM":0.154927671348,"REPORT_DATE_SQ":"2020-06-30 00:00:00","REPORT_TYPE_SQ":"2020年中报","OPERATE_INCOME_SQ":20936620000,"DPS_HKD":0.36,"OPERATE_INCOME_QOQ_SQ":16.387954175364,"NET_PROFIT_RATIO_SQ":11.2445800707,"HOLDER_PROFIT_SQ":2024099000,"HOLDER_PROFIT_QOQ_SQ":5.916499348225,"ROE_AVG_SQ":10.239426191196,"PE_TTM_SQ":6.940445035364,"PB_TTM_SQ":0.254924664371,"ROA_SQ":0.800432916538,"START_DATE":"2021-01-01 00:00:00","FISCAL_YEAR":"12-31","CURRENCY":"HKD","IS_CNY_CODE":0,"DPS_HKD_LY":1.6,"ORG_TYPE":"一般企业","PREMIUM_INCOME":null,"PREMIUM_INCOME_YOY":null,"NET_INTEREST_INCOME":null,"NET_INTEREST_INCOME_YOY":null,"FEE_COMMISSION_INCOME":null,"FEE_COMMISSION_INCOME_YOY":null,"ACCOUNTS_RECE_TDAYS":0.635726988914,"INVENTORY_TDAYS":0.16049118321,"CURRENT_ASSETS_TDAYS":0.128264717542,"TOTAL_ASSETS_TDAYS":0.115202855999,"PREMIUM_EXPENSE":null,"LOAN_DEPOSIT":null,"LOAN_EQUITY":null,"LOAN_ASSETS":null,"DEPOSIT_EQUITY":null,"DEPOSIT_ASSETS":null,"EQUITY_MULTIPLIER":6.728490322449,"EQUITY_RATIO":10.893737899897},{"SECUCODE":"03990.HK","SECURITY_CODE":"03990","SECURITY_NAME_ABBR":"美的置业","ORG_CODE":"10940847","STD_REPORT_DATE":"2020-12-31 00:00:00","REPORT_DATE":"2020-12-31 00:00:00","DATE_TYPE_CODE":"001","REPORT_TYPE":"2020年年报","PER_NETCASH_OPERATE":-1.652220480478,"PER_OI":42.649941856071,"BPS":15.373781846777,"BASIC_EPS":3.52,"DILUTED_EPS":3.52,"OPERATE_INCOME":52483611000,"OPERATE_INCOME_YOY":27.5776260575,"GROSS_PROFIT":11657994000,"GROSS_PROFIT_YOY":-10.374712771103,"HOLDER_PROFIT":4326482000,"HOLDER_PROFIT_YOY":0.4951727739,"GROSS_PROFIT_RATIO":22.21263700777,"EPS_TTM":3.51584432217,"OPERATE_INCOME_QOQ":9.614115104446,"NET_PROFIT_RATIO":9.1942949581,"ROE_AVG":20.741887150912,"GROSS_PROFIT_QOQ":-13.24561148927,"ROA":1.622020222764,"HOLDER_PROFIT_QOQ":-5.118491082768,"ROE_YEARLY":20.741887150912,"ROIC_YEARLY":1.857089809477,"TOTAL_ASSETS":283754474000,"TOTAL_LIABILITIES":243535086000,"TAX_EBT":36.25796098835,"OCF_SALES":-3.873910276486,"TOTAL_PARENT_EQUITY":22067703000,"DEBT_ASSET_RATIO":85.8259898309,"OPERATE_PROFIT":6531721000,"PRETAX_PROFIT":7570354000,"NETCASH_OPERATE":-2033168000,"NETCASH_INVEST":-7249129000,"NETCASH_FINANCE":8803935000,"END_CASH":18595105000,"DIVI_RATIO":0.092791139227,"DIVIDEND_RATE":12.080536912752,"CURRENT_RATIO":1.299402064941,"COMMON_ACS":2000000000,"CURRENTDEBT_DEBT":80.434057867128,"ISSUED_COMMON_SHARES":1435411483,"HK_COMMON_SHARES":1435411483,"PER_SHARES":200,"TOTAL_MARKET_CAP":4277526219.34,"HKSK_MARKET_CAP":4277526219.34,"PE_TTM":7.482427481736,"PB_TTM":0.154927671348,"REPORT_DATE_SQ":"2019-12-31 00:00:00","REPORT_TYPE_SQ":"2019年年报","OPERATE_INCOME_SQ":41138570000,"DPS_HKD":0.36,"OPERATE_INCOME_QOQ_SQ":22.155226860594,"NET_PROFIT_RATIO_SQ":10.5171594443,"HOLDER_PROFIT_SQ":4305164000,"HOLDER_PROFIT_QOQ_SQ":22.787772343885,"ROE_AVG_SQ":24.046830829421,"PE_TTM_SQ":6.940445035364,"PB_TTM_SQ":0.254924664371,"ROA_SQ":2.01631464723,"START_DATE":"2020-01-01 00:00:00","FISCAL_YEAR":"12-31","CURRENCY":"HKD","IS_CNY_CODE":0,"DPS_HKD_LY":1.6,"ORG_TYPE":"一般企业","PREMIUM_INCOME":null,"PREMIUM_INCOME_YOY":null,"NET_INTEREST_INCOME":null,"NET_INTEREST_INCOME_YOY":null,"FEE_COMMISSION_INCOME":null,"FEE_COMMISSION_INCOME_YOY":null,"ACCOUNTS_RECE_TDAYS":1.157637332568,"INVENTORY_TDAYS":0.261632282253,"CURRENT_ASSETS_TDAYS":0.216497082388,"TOTAL_ASSETS_TDAYS":0.196763741085,"PREMIUM_EXPENSE":null,"LOAN_DEPOSIT":null,"LOAN_EQUITY":null,"LOAN_ASSETS":null,"DEPOSIT_EQUITY":null,"DEPOSIT_ASSETS":null,"EQUITY_MULTIPLIER":7.055166378955,"EQUITY_RATIO":11.035814919206},{"SECUCODE":"03990.HK","SECURITY_CODE":"03990","SECURITY_NAME_ABBR":"美的置业","ORG_CODE":"10940847","STD_REPORT_DATE":"2020-06-30 00:00:00","REPORT_DATE":"2020-06-30 00:00:00","DATE_TYPE_CODE":"002","REPORT_TYPE":"2020年中报","PER_NETCASH_OPERATE":-5.440843123536,"PER_OI":17.013799329902,"BPS":13.853699956781,"BASIC_EPS":1.64,"DILUTED_EPS":1.64,"OPERATE_INCOME":20936620000,"OPERATE_INCOME_YOY":47.4944786313,"GROSS_PROFIT":5523789000,"GROSS_PROFIT_YOY":8.45117017471,"HOLDER_PROFIT":2024099000,"HOLDER_PROFIT_YOY":14.3956879908,"GROSS_PROFIT_RATIO":26.383384710617,"EPS_TTM":3.705510549202,"OPERATE_INCOME_QOQ":16.387954175364,"NET_PROFIT_RATIO":11.2445800707,"ROE_AVG":10.239426191196,"GROSS_PROFIT_QOQ":3.309225927876,"ROA":0.800432916538,"HOLDER_PROFIT_QOQ":5.916499348225,"ROE_YEARLY":20.478852382393,"ROIC_YEARLY":1.838804642122,"TOTAL_ASSETS":256037221000,"TOTAL_LIABILITIES":221348230000,"TAX_EBT":36.563451099587,"OCF_SALES":-31.979001386088,"TOTAL_PARENT_EQUITY":19885760000,"DEBT_ASSET_RATIO":86.4515827564,"OPERATE_PROFIT":3393633000,"PRETAX_PROFIT":3711165000,"NETCASH_OPERATE":-6695322000,"NETCASH_INVEST":3547505000,"NETCASH_FINANCE":3939879000,"END_CASH":19913188000,"DIVI_RATIO":0.08804163304,"DIVIDEND_RATE":12.080536912752,"CURRENT_RATIO":1.332226482607,"COMMON_ACS":2000000000,"CURRENTDEBT_DEBT":79.168205230284,"ISSUED_COMMON_SHARES":1435411483,"HK_COMMON_SHARES":1435411483,"PER_SHARES":200,"TOTAL_MARKET_CAP":4277526219.34,"HKSK_MARKET_CAP":4277526219.34,"PE_TTM":7.482427481736,"PB_TTM":0.154927671348,"REPORT_DATE_SQ":"2019-06-30 00:00:00","REPORT_TYPE_SQ":"2019年中报","OPERATE_INCOME_SQ":14194850000,"DPS_HKD":0.36,"OPERATE_INCOME_QOQ_SQ":11.811093369743,"NET_PROFIT_RATIO_SQ":13.3059454661,"HOLDER_PROFIT_SQ":1769384000,"HOLDER_PROFIT_QOQ_SQ":9.226986816499,"ROE_AVG_SQ":10.791083071904,"PE_TTM_SQ":6.940445035364,"PB_TTM_SQ":0.254924664371,"ROA_SQ":0.904929268045,"START_DATE":"2020-01-01 00:00:00","FISCAL_YEAR":"12-31","CURRENCY":"HKD","IS_CNY_CODE":0,"DPS_HKD_LY":1.6,"ORG_TYPE":"一般企业","PREMIUM_INCOME":null,"PREMIUM_INCOME_YOY":null,"NET_INTEREST_INCOME":null,"NET_INTEREST_INCOME_YOY":null,"FEE_COMMISSION_INCOME":null,"FEE_COMMISSION_INCOME_YOY":null,"ACCOUNTS_RECE_TDAYS":0.542292617907,"INVENTORY_TDAYS":0.102398896341,"CURRENT_ASSETS_TDAYS":0.090289595625,"TOTAL_ASSETS_TDAYS":0.082794170686,"PREMIUM_EXPENSE":null,"LOAN_DEPOSIT":null,"LOAN_EQUITY":null,"LOAN_ASSETS":null,"DEPOSIT_EQUITY":null,"DEPOSIT_ASSETS":null,"EQUITY_MULTIPLIER":7.380935957463,"EQUITY_RATIO":11.130991724732}],"count":18},"success":true,"message":"ok","code":0}