{"version":"2a0823e71409924e6084a9fba5054b16","result":{"pages":7,"data":[{"SECUCODE":"06030.HK","SECURITY_CODE":"06030","SECURITY_NAME_ABBR":"中信证券","ORG_CODE":"10002269","STD_REPORT_DATE":"2024-09-30 00:00:00","REPORT_DATE":"2024-09-30 00:00:00","DATE_TYPE_CODE":"004","REPORT_TYPE":"2024年三季报","PER_NETCASH_OPERATE":7.666044418785,"PER_OI":3.113355613973,"BPS":17.594049199731,"BASIC_EPS":1.09,"DILUTED_EPS":1.09,"OPERATE_INCOME":46141632672.22,"OPERATE_INCOME_YOY":0.7311065167,"GROSS_PROFIT":null,"GROSS_PROFIT_YOY":null,"HOLDER_PROFIT":16798864246.61,"HOLDER_PROFIT_YOY":2.3450593435,"GROSS_PROFIT_RATIO":null,"EPS_TTM":1.356593925989,"OPERATE_INCOME_QOQ":0.361791084487,"NET_PROFIT_RATIO":37.820317905,"ROE_AVG":6.049777901544,"GROSS_PROFIT_QOQ":null,"ROA":1.054848803418,"HOLDER_PROFIT_QOQ":5.904397731028,"ROE_YEARLY":8.066370535392,"ROIC_YEARLY":1.236792208018,"TOTAL_ASSETS":1731716155344.04,"TOTAL_LIABILITIES":1439753625230.35,"TAX_EBT":20.407182101222,"OCF_SALES":246.230927953689,"TOTAL_PARENT_EQUITY":286515134132.98,"DEBT_ASSET_RATIO":83.1402779715,"OPERATE_PROFIT":22014408451.77,"PRETAX_PROFIT":21925234743.42,"NETCASH_OPERATE":113614970301.79,"NETCASH_INVEST":-38917006273.62,"NETCASH_FINANCE":-23969343711.38,"END_CASH":389131307032.2,"DIVI_RATIO":0.524039716072,"DIVIDEND_RATE":3.4325,"CURRENT_RATIO":1.087046857987,"COMMON_ACS":null,"CURRENTDEBT_DEBT":99.326386414702,"ISSUED_COMMON_SHARES":14820546829,"HK_COMMON_SHARES":2620076855,"PER_SHARES":500,"TOTAL_MARKET_CAP":337908467701.2,"HKSK_MARKET_CAP":59737752294,"PE_TTM":15.016584101551,"PB_TTM":1.168623081963,"REPORT_DATE_SQ":"2023-09-30 00:00:00","REPORT_TYPE_SQ":"2023年三季报","OPERATE_INCOME_SQ":45806736635.58,"DPS_HKD":0.78261,"OPERATE_INCOME_QOQ_SQ":-1.084420294215,"NET_PROFIT_RATIO_SQ":37.2616125141,"HOLDER_PROFIT_SQ":16413947438.56,"HOLDER_PROFIT_QOQ_SQ":-1.227629834153,"ROE_AVG_SQ":6.367221270729,"PE_TTM_SQ":9.511949942096,"PB_TTM_SQ":0.822450327378,"ROA_SQ":1.206415355486,"START_DATE":"2024-01-01 00:00:00","FISCAL_YEAR":"12-31","CURRENCY":"HKD","IS_CNY_CODE":0,"DPS_HKD_LY":0.78261,"ORG_TYPE":"证券","PREMIUM_INCOME":null,"PREMIUM_INCOME_YOY":null,"NET_INTEREST_INCOME":919350438.36,"NET_INTEREST_INCOME_YOY":null,"FEE_COMMISSION_INCOME":18104284412.67,"FEE_COMMISSION_INCOME_YOY":-13.996276585582,"ACCOUNTS_RECE_TDAYS":0.475406699792,"INVENTORY_TDAYS":null,"CURRENT_ASSETS_TDAYS":0.032291495794,"TOTAL_ASSETS_TDAYS":0.0289736528,"PREMIUM_EXPENSE":null,"LOAN_DEPOSIT":null,"LOAN_EQUITY":null,"LOAN_ASSETS":null,"DEPOSIT_EQUITY":null,"DEPOSIT_ASSETS":null,"EQUITY_MULTIPLIER":5.931295891531,"EQUITY_RATIO":5.025052619252},{"SECUCODE":"06030.HK","SECURITY_CODE":"06030","SECURITY_NAME_ABBR":"中信证券","ORG_CODE":"10002269","STD_REPORT_DATE":"2024-06-30 00:00:00","REPORT_DATE":"2024-06-30 00:00:00","DATE_TYPE_CODE":"002","REPORT_TYPE":"2024年中报","PER_NETCASH_OPERATE":2.737853297059,"PER_OI":2.886877353019,"BPS":17.240241399193,"BASIC_EPS":0.69,"DILUTED_EPS":0.69,"OPERATE_INCOME":42785101000,"OPERATE_INCOME_YOY":0.0745464144,"GROSS_PROFIT":null,"GROSS_PROFIT_YOY":null,"HOLDER_PROFIT":10569765000,"HOLDER_PROFIT_YOY":-6.5100027234,"GROSS_PROFIT_RATIO":null,"EPS_TTM":1.280960899692,"OPERATE_INCOME_QOQ":1.979155040035,"NET_PROFIT_RATIO":25.6676687523,"ROE_AVG":3.856796427984,"GROSS_PROFIT_QOQ":null,"ROA":0.716990228318,"HOLDER_PROFIT_QOQ":-1.439854968593,"ROE_YEARLY":7.713592855969,"ROIC_YEARLY":1.544518779302,"TOTAL_ASSETS":1495011600000,"TOTAL_LIABILITIES":1210528703000,"TAX_EBT":21.287568339792,"OCF_SALES":94.837880597734,"TOTAL_PARENT_EQUITY":279271509000,"DEBT_ASSET_RATIO":80.9711913272,"OPERATE_PROFIT":13733435000,"PRETAX_PROFIT":13951974000,"NETCASH_OPERATE":40576483000,"NETCASH_INVEST":-42897431000,"NETCASH_FINANCE":-16468333000,"END_CASH":80624910000,"DIVI_RATIO":0.554981105177,"DIVIDEND_RATE":3.417510917031,"CURRENT_RATIO":1.18050040472,"COMMON_ACS":null,"CURRENTDEBT_DEBT":90.268780681692,"ISSUED_COMMON_SHARES":14820546829,"HK_COMMON_SHARES":2620076855,"PER_SHARES":500,"TOTAL_MARKET_CAP":339390522384.1,"HKSK_MARKET_CAP":59999759979.5,"PE_TTM":15.082446312523,"PB_TTM":1.173748621796,"REPORT_DATE_SQ":"2023-06-30 00:00:00","REPORT_TYPE_SQ":"2023年中报","OPERATE_INCOME_SQ":42753230000,"DPS_HKD":0.78261,"OPERATE_INCOME_QOQ_SQ":-3.774162827244,"NET_PROFIT_RATIO_SQ":27.4877734384,"HOLDER_PROFIT_SQ":11305771000,"HOLDER_PROFIT_QOQ_SQ":-0.366050747418,"ROE_AVG_SQ":4.425153300801,"PE_TTM_SQ":9.866118291004,"PB_TTM_SQ":0.853073477865,"ROA_SQ":0.82698077239,"START_DATE":"2024-01-01 00:00:00","FISCAL_YEAR":"12-31","CURRENCY":"HKD","IS_CNY_CODE":0,"DPS_HKD_LY":0.78261,"ORG_TYPE":"证券","PREMIUM_INCOME":null,"PREMIUM_INCOME_YOY":null,"NET_INTEREST_INCOME":10324499000,"NET_INTEREST_INCOME_YOY":null,"FEE_COMMISSION_INCOME":15604909000,"FEE_COMMISSION_INCOME_YOY":-11.023822149239,"ACCOUNTS_RECE_TDAYS":null,"INVENTORY_TDAYS":null,"CURRENT_ASSETS_TDAYS":0.03299728192,"TOTAL_ASSETS_TDAYS":0.029022877363,"PREMIUM_EXPENSE":null,"LOAN_DEPOSIT":null,"LOAN_EQUITY":null,"LOAN_ASSETS":null,"DEPOSIT_EQUITY":null,"DEPOSIT_ASSETS":null,"EQUITY_MULTIPLIER":5.255189734654,"EQUITY_RATIO":4.33459434274},{"SECUCODE":"06030.HK","SECURITY_CODE":"06030","SECURITY_NAME_ABBR":"中信证券","ORG_CODE":"10002269","STD_REPORT_DATE":"2024-03-31 00:00:00","REPORT_DATE":"2024-03-31 00:00:00","DATE_TYPE_CODE":"003","REPORT_TYPE":"2024年一季报","PER_NETCASH_OPERATE":4.756584265784,"PER_OI":0.928074395909,"BPS":17.350179013259,"BASIC_EPS":0.32,"DILUTED_EPS":0.32,"OPERATE_INCOME":13754570045.36,"OPERATE_INCOME_YOY":-10.3832116757,"GROSS_PROFIT":null,"GROSS_PROFIT_YOY":null,"HOLDER_PROFIT":4958574616.76,"HOLDER_PROFIT_YOY":-8.4667288468,"GROSS_PROFIT_RATIO":null,"EPS_TTM":1.299674325036,"OPERATE_INCOME_QOQ":-1.903417192479,"NET_PROFIT_RATIO":37.5303942913,"ROE_AVG":1.803969341872,"GROSS_PROFIT_QOQ":null,"ROA":0.328307458484,"HOLDER_PROFIT_QOQ":-2.325811770586,"ROE_YEARLY":7.215877367487,"ROIC_YEARLY":1.545808727222,"TOTAL_ASSETS":1567330467626.26,"TOTAL_LIABILITIES":1281425588671.87,"TAX_EBT":22.155777133766,"OCF_SALES":512.52187181904,"TOTAL_PARENT_EQUITY":280900844614.18,"DEBT_ASSET_RATIO":81.7584813886,"OPERATE_PROFIT":6634228102.05,"PRETAX_PROFIT":6631377616.77,"NETCASH_OPERATE":70495179857.14,"NETCASH_INVEST":-36662358337.15,"NETCASH_FINANCE":-1394426206.84,"END_CASH":370909169612.9,"DIVI_RATIO":0.54699018216,"DIVIDEND_RATE":4.009272540984,"CURRENT_RATIO":1.094455013954,"COMMON_ACS":null,"CURRENTDEBT_DEBT":99.308024723728,"ISSUED_COMMON_SHARES":14820546829,"HK_COMMON_SHARES":2620076855,"PER_SHARES":500,"TOTAL_MARKET_CAP":289297074102.08,"HKSK_MARKET_CAP":51143900209.6,"PE_TTM":12.856303581679,"PB_TTM":1.000505375435,"REPORT_DATE_SQ":"2023-03-31 00:00:00","REPORT_TYPE_SQ":"2023年一季报","OPERATE_INCOME_SQ":15348206851.13,"DPS_HKD":0.78261,"OPERATE_INCOME_QOQ_SQ":0.153534007507,"NET_PROFIT_RATIO_SQ":36.6834024645,"HOLDER_PROFIT_SQ":5417237420.11,"HOLDER_PROFIT_QOQ_SQ":0.882683484335,"ROE_AVG_SQ":2.117863204263,"PE_TTM_SQ":10.144393422288,"PB_TTM_SQ":0.877134524677,"ROA_SQ":0.394200726037,"START_DATE":"2024-01-01 00:00:00","FISCAL_YEAR":"12-31","CURRENCY":"HKD","IS_CNY_CODE":0,"DPS_HKD_LY":0.78261,"ORG_TYPE":"证券","PREMIUM_INCOME":null,"PREMIUM_INCOME_YOY":null,"NET_INTEREST_INCOME":325349004.3,"NET_INTEREST_INCOME_YOY":null,"FEE_COMMISSION_INCOME":5900634798.54,"FEE_COMMISSION_INCOME_YOY":-19.477664225911,"ACCOUNTS_RECE_TDAYS":0.190007053217,"INVENTORY_TDAYS":null,"CURRENT_ASSETS_TDAYS":0.010203534194,"TOTAL_ASSETS_TDAYS":0.009106907293,"PREMIUM_EXPENSE":null,"LOAN_DEPOSIT":null,"LOAN_EQUITY":null,"LOAN_ASSETS":null,"DEPOSIT_EQUITY":null,"DEPOSIT_ASSETS":null,"EQUITY_MULTIPLIER":5.481999724382,"EQUITY_RATIO":4.561843131629},{"SECUCODE":"06030.HK","SECURITY_CODE":"06030","SECURITY_NAME_ABBR":"中信证券","ORG_CODE":"10002269","STD_REPORT_DATE":"2023-12-31 00:00:00","REPORT_DATE":"2023-12-31 00:00:00","DATE_TYPE_CODE":"001","REPORT_TYPE":"2023年年报","PER_NETCASH_OPERATE":-2.303067045624,"PER_OI":5.649254441555,"BPS":17.008677676235,"BASIC_EPS":1.3,"DILUTED_EPS":1.3,"OPERATE_INCOME":83725040000,"OPERATE_INCOME_YOY":-2.578761354,"GROSS_PROFIT":null,"GROSS_PROFIT_YOY":null,"HOLDER_PROFIT":19720547000,"HOLDER_PROFIT_YOY":-7.4909386323,"GROSS_PROFIT_RATIO":null,"EPS_TTM":1.330622090233,"OPERATE_INCOME_QOQ":2.195311064623,"NET_PROFIT_RATIO":24.531902284,"ROE_AVG":7.556377519147,"GROSS_PROFIT_QOQ":null,"ROA":1.428172170134,"HOLDER_PROFIT_QOQ":-6.819544716238,"ROE_YEARLY":7.556377519147,"ROIC_YEARLY":1.559639390183,"TOTAL_ASSETS":1453359126043.71,"TOTAL_LIABILITIES":1179159917980.1,"TAX_EBT":21.562002383537,"OCF_SALES":-40.767628179097,"TOTAL_PARENT_EQUITY":268839608470.83,"DEBT_ASSET_RATIO":81.1334168483,"OPERATE_PROFIT":25543992000,"PRETAX_PROFIT":26185453000,"NETCASH_OPERATE":-34132713000,"NETCASH_INVEST":-18198020000,"NETCASH_FINANCE":48281427000,"END_CASH":99577734000,"DIVI_RATIO":0.534268220119,"DIVIDEND_RATE":3.417510917031,"CURRENT_RATIO":1.249037361154,"COMMON_ACS":null,"CURRENTDEBT_DEBT":99.3012242748,"ISSUED_COMMON_SHARES":14820546829,"HK_COMMON_SHARES":2620076855,"PER_SHARES":500,"TOTAL_MARKET_CAP":339390522384.1,"HKSK_MARKET_CAP":59999759979.5,"PE_TTM":15.082446312523,"PB_TTM":1.173748621796,"REPORT_DATE_SQ":"2022-12-31 00:00:00","REPORT_TYPE_SQ":"2022年年报","OPERATE_INCOME_SQ":85941260000,"DPS_HKD":0.78261,"OPERATE_INCOME_QOQ_SQ":-3.797947740152,"NET_PROFIT_RATIO_SQ":25.7952780771,"HOLDER_PROFIT_SQ":21317422000,"HOLDER_PROFIT_QOQ_SQ":-3.199544068463,"ROE_AVG_SQ":9.222543727645,"PE_TTM_SQ":9.866118291004,"PB_TTM_SQ":0.853073477865,"ROA_SQ":1.64807117021,"START_DATE":"2023-01-01 00:00:00","FISCAL_YEAR":"12-31","CURRENCY":"HKD","IS_CNY_CODE":0,"DPS_HKD_LY":0.534443,"ORG_TYPE":"证券","PREMIUM_INCOME":null,"PREMIUM_INCOME_YOY":null,"NET_INTEREST_INCOME":21608951000,"NET_INTEREST_INCOME_YOY":null,"FEE_COMMISSION_INCOME":33747014000,"FEE_COMMISSION_INCOME_YOY":-11.063843547274,"ACCOUNTS_RECE_TDAYS":1.232627367276,"INVENTORY_TDAYS":null,"CURRENT_ASSETS_TDAYS":0.067926221634,"TOTAL_ASSETS_TDAYS":0.060634105165,"PREMIUM_EXPENSE":null,"LOAN_DEPOSIT":null,"LOAN_EQUITY":null,"LOAN_ASSETS":null,"DEPOSIT_EQUITY":null,"DEPOSIT_ASSETS":null,"EQUITY_MULTIPLIER":5.300376819477,"EQUITY_RATIO":4.386109341132},{"SECUCODE":"06030.HK","SECURITY_CODE":"06030","SECURITY_NAME_ABBR":"中信证券","ORG_CODE":"10002269","STD_REPORT_DATE":"2023-09-30 00:00:00","REPORT_DATE":"2023-09-30 00:00:00","DATE_TYPE_CODE":"004","REPORT_TYPE":"2023年三季报","PER_NETCASH_OPERATE":-3.663574860927,"PER_OI":3.090758874426,"BPS":16.780533414101,"BASIC_EPS":1.08,"DILUTED_EPS":1.08,"OPERATE_INCOME":45806736635.58,"OPERATE_INCOME_YOY":-8.0582913763,"GROSS_PROFIT":null,"GROSS_PROFIT_YOY":null,"HOLDER_PROFIT":16413947438.56,"HOLDER_PROFIT_YOY":-0.9271053129,"GROSS_PROFIT_RATIO":null,"EPS_TTM":1.428005568529,"OPERATE_INCOME_QOQ":-1.084420294215,"NET_PROFIT_RATIO":37.2616125141,"ROE_AVG":6.367221270729,"GROSS_PROFIT_QOQ":null,"ROA":1.206415355486,"HOLDER_PROFIT_QOQ":-1.227629834153,"ROE_YEARLY":8.489628360972,"ROIC_YEARLY":1.420408721323,"TOTAL_ASSETS":1412821215130.52,"TOTAL_LIABILITIES":1145161521036.96,"TAX_EBT":21.794491563024,"OCF_SALES":-118.533182618702,"TOTAL_PARENT_EQUITY":262458385335.92,"DEBT_ASSET_RATIO":81.0549494,"OPERATE_PROFIT":21813236197.79,"PRETAX_PROFIT":21824969943.46,"NETCASH_OPERATE":-54296182787.92,"NETCASH_INVEST":12984483366.98,"NETCASH_FINANCE":12752008911.01,"END_CASH":320647842731.35,"DIVI_RATIO":0.497833559943,"DIVIDEND_RATE":3.417510917031,"CURRENT_RATIO":1.152796432954,"COMMON_ACS":null,"CURRENTDEBT_DEBT":99.00178462691,"ISSUED_COMMON_SHARES":14820546829,"HK_COMMON_SHARES":2620076855,"PER_SHARES":500,"TOTAL_MARKET_CAP":339390522384.1,"HKSK_MARKET_CAP":59999759979.5,"PE_TTM":15.082446312523,"PB_TTM":1.173748621796,"REPORT_DATE_SQ":"2022-09-30 00:00:00","REPORT_TYPE_SQ":"2022年三季报","OPERATE_INCOME_SQ":49821498122.3,"DPS_HKD":0.78261,"OPERATE_INCOME_QOQ_SQ":-6.383248245998,"NET_PROFIT_RATIO_SQ":34.5204392766,"HOLDER_PROFIT_SQ":16567546038.1,"HOLDER_PROFIT_QOQ_SQ":-0.343658562905,"ROE_AVG_SQ":7.23528280987,"PE_TTM_SQ":9.866118291004,"PB_TTM_SQ":0.853073477865,"ROA_SQ":1.267640836057,"START_DATE":"2023-01-01 00:00:00","FISCAL_YEAR":"12-31","CURRENCY":"HKD","IS_CNY_CODE":0,"DPS_HKD_LY":0.534443,"ORG_TYPE":"证券","PREMIUM_INCOME":null,"PREMIUM_INCOME_YOY":null,"NET_INTEREST_INCOME":3278213585.27,"NET_INTEREST_INCOME_YOY":null,"FEE_COMMISSION_INCOME":21050582107.28,"FEE_COMMISSION_INCOME_YOY":-12.560819279978,"ACCOUNTS_RECE_TDAYS":0.708605566958,"INVENTORY_TDAYS":null,"CURRENT_ASSETS_TDAYS":0.037107695909,"TOTAL_ASSETS_TDAYS":0.03366767846,"PREMIUM_EXPENSE":null,"LOAN_DEPOSIT":null,"LOAN_EQUITY":null,"LOAN_ASSETS":null,"DEPOSIT_EQUITY":null,"DEPOSIT_ASSETS":null,"EQUITY_MULTIPLIER":5.27842348439,"EQUITY_RATIO":4.363211789066},{"SECUCODE":"06030.HK","SECURITY_CODE":"06030","SECURITY_NAME_ABBR":"中信证券","ORG_CODE":"10002269","STD_REPORT_DATE":"2023-06-30 00:00:00","REPORT_DATE":"2023-06-30 00:00:00","DATE_TYPE_CODE":"002","REPORT_TYPE":"2023年中报","PER_NETCASH_OPERATE":-0.554468947389,"PER_OI":2.884726892556,"BPS":16.470229325302,"BASIC_EPS":0.75,"DILUTED_EPS":0.75,"OPERATE_INCOME":42753230000,"OPERATE_INCOME_YOY":-6.7944319996,"GROSS_PROFIT":null,"GROSS_PROFIT_YOY":null,"HOLDER_PROFIT":11305771000,"HOLDER_PROFIT_YOY":0.9774991388,"GROSS_PROFIT_RATIO":null,"EPS_TTM":1.445754076906,"OPERATE_INCOME_QOQ":-3.774162827244,"NET_PROFIT_RATIO":27.4877734384,"ROE_AVG":4.425153300801,"GROSS_PROFIT_QOQ":null,"ROA":0.82698077239,"HOLDER_PROFIT_QOQ":-0.366050747418,"ROE_YEARLY":8.850306601602,"ROIC_YEARLY":1.821532146872,"TOTAL_ASSETS":1425938980000,"TOTAL_LIABILITIES":1163082168000,"TAX_EBT":22.161325847994,"OCF_SALES":-19.220847173418,"TOTAL_PARENT_EQUITY":257859509000,"DEBT_ASSET_RATIO":81.5660546709,"OPERATE_PROFIT":14732745000,"PRETAX_PROFIT":15097779000,"NETCASH_OPERATE":-8217533000,"NETCASH_INVEST":-54244000,"NETCASH_FINANCE":23895915000,"END_CASH":119559562000,"DIVI_RATIO":0.491722006637,"DIVIDEND_RATE":3.417510917031,"CURRENT_RATIO":1.222073202547,"COMMON_ACS":null,"CURRENTDEBT_DEBT":89.684067273913,"ISSUED_COMMON_SHARES":14820546829,"HK_COMMON_SHARES":2620076855,"PER_SHARES":500,"TOTAL_MARKET_CAP":339390522384.1,"HKSK_MARKET_CAP":59999759979.5,"PE_TTM":15.082446312523,"PB_TTM":1.173748621796,"REPORT_DATE_SQ":"2022-06-30 00:00:00","REPORT_TYPE_SQ":"2022年中报","OPERATE_INCOME_SQ":45869824000,"DPS_HKD":0.78261,"OPERATE_INCOME_QOQ_SQ":-0.747005075048,"NET_PROFIT_RATIO_SQ":25.3125431656,"HOLDER_PROFIT_SQ":11196327000,"HOLDER_PROFIT_QOQ_SQ":-4.601685502503,"ROE_AVG_SQ":4.954288696064,"PE_TTM_SQ":9.866118291004,"PB_TTM_SQ":0.853073477865,"ROA_SQ":0.834970010585,"START_DATE":"2023-01-01 00:00:00","FISCAL_YEAR":"12-31","CURRENCY":"HKD","IS_CNY_CODE":0,"DPS_HKD_LY":0.534443,"ORG_TYPE":"证券","PREMIUM_INCOME":null,"PREMIUM_INCOME_YOY":null,"NET_INTEREST_INCOME":10734329000,"NET_INTEREST_INCOME_YOY":null,"FEE_COMMISSION_INCOME":17538300000,"FEE_COMMISSION_INCOME_YOY":-4.128734900315,"ACCOUNTS_RECE_TDAYS":null,"INVENTORY_TDAYS":null,"CURRENT_ASSETS_TDAYS":0.035091994143,"TOTAL_ASSETS_TDAYS":0.031272612162,"PREMIUM_EXPENSE":null,"LOAN_DEPOSIT":null,"LOAN_EQUITY":null,"LOAN_ASSETS":null,"DEPOSIT_EQUITY":null,"DEPOSIT_ASSETS":null,"EQUITY_MULTIPLIER":5.424774686846,"EQUITY_RATIO":4.510526575151},{"SECUCODE":"06030.HK","SECURITY_CODE":"06030","SECURITY_NAME_ABBR":"中信证券","ORG_CODE":"10002269","STD_REPORT_DATE":"2023-03-31 00:00:00","REPORT_DATE":"2023-03-31 00:00:00","DATE_TYPE_CODE":"003","REPORT_TYPE":"2023年一季报","PER_NETCASH_OPERATE":-0.148783765588,"PER_OI":1.035603276196,"BPS":16.5105898905,"BASIC_EPS":0.36,"DILUTED_EPS":0.36,"OPERATE_INCOME":15348206851.13,"OPERATE_INCOME_YOY":0.8671584196,"GROSS_PROFIT":null,"GROSS_PROFIT_YOY":null,"HOLDER_PROFIT":5417237420.11,"HOLDER_PROFIT_YOY":3.5984465549,"GROSS_PROFIT_RATIO":null,"EPS_TTM":1.451065713797,"OPERATE_INCOME_QOQ":0.153534007507,"NET_PROFIT_RATIO":36.6834024645,"ROE_AVG":2.117863204263,"GROSS_PROFIT_QOQ":null,"ROA":0.394200726037,"HOLDER_PROFIT_QOQ":0.882683484335,"ROE_YEARLY":8.471452817053,"ROIC_YEARLY":1.888138380602,"TOTAL_ASSETS":1440177203374.77,"TOTAL_LIABILITIES":1176978879008.94,"TAX_EBT":23.260516525357,"OCF_SALES":-14.366868955299,"TOTAL_PARENT_EQUITY":258457674703.21,"DEBT_ASSET_RATIO":81.7245875196,"OPERATE_PROFIT":7330539078.06,"PRETAX_PROFIT":7336828755.37,"NETCASH_OPERATE":-2205056765.29,"NETCASH_INVEST":492073904.93,"NETCASH_FINANCE":23531039966.71,"END_CASH":370403451401.98,"DIVI_RATIO":0.489922054557,"DIVIDEND_RATE":4.009272540984,"CURRENT_RATIO":1.1350107725,"COMMON_ACS":null,"CURRENTDEBT_DEBT":99.129309708129,"ISSUED_COMMON_SHARES":14820546829,"HK_COMMON_SHARES":2620076855,"PER_SHARES":500,"TOTAL_MARKET_CAP":289297074102.08,"HKSK_MARKET_CAP":51143900209.6,"PE_TTM":12.856303581679,"PB_TTM":1.000505375435,"REPORT_DATE_SQ":"2022-03-31 00:00:00","REPORT_TYPE_SQ":"2022年一季报","OPERATE_INCOME_SQ":15216257790.55,"DPS_HKD":0.78261,"OPERATE_INCOME_QOQ_SQ":-1.213070455778,"NET_PROFIT_RATIO_SQ":35.6130624696,"HOLDER_PROFIT_SQ":5229072056.83,"HOLDER_PROFIT_QOQ_SQ":0.278241414525,"ROE_AVG_SQ":2.30613878389,"PE_TTM_SQ":10.144393422288,"PB_TTM_SQ":0.877134524677,"ROA_SQ":0.396022518528,"START_DATE":"2023-01-01 00:00:00","FISCAL_YEAR":"12-31","CURRENCY":"HKD","IS_CNY_CODE":0,"DPS_HKD_LY":0.534443,"ORG_TYPE":"证券","PREMIUM_INCOME":null,"PREMIUM_INCOME_YOY":null,"NET_INTEREST_INCOME":582831781.73,"NET_INTEREST_INCOME_YOY":null,"FEE_COMMISSION_INCOME":7327947881.56,"FEE_COMMISSION_INCOME_YOY":-10.77609084411,"ACCOUNTS_RECE_TDAYS":0.222214037599,"INVENTORY_TDAYS":null,"CURRENT_ASSETS_TDAYS":0.012346988903,"TOTAL_ASSETS_TDAYS":0.01116856031,"PREMIUM_EXPENSE":null,"LOAN_DEPOSIT":null,"LOAN_EQUITY":null,"LOAN_ASSETS":null,"DEPOSIT_EQUITY":null,"DEPOSIT_ASSETS":null,"EQUITY_MULTIPLIER":5.471832720999,"EQUITY_RATIO":4.553855405379},{"SECUCODE":"06030.HK","SECURITY_CODE":"06030","SECURITY_NAME_ABBR":"中信证券","ORG_CODE":"10002269","STD_REPORT_DATE":"2022-12-31 00:00:00","REPORT_DATE":"2022-12-31 00:00:00","DATE_TYPE_CODE":"001","REPORT_TYPE":"2022年年报","PER_NETCASH_OPERATE":3.728496029031,"PER_OI":5.798791434054,"BPS":16.150307189182,"BASIC_EPS":1.42,"DILUTED_EPS":1.42,"OPERATE_INCOME":85941260000,"OPERATE_INCOME_YOY":-11.6958707348,"GROSS_PROFIT":null,"GROSS_PROFIT_YOY":null,"HOLDER_PROFIT":21317422000,"HOLDER_PROFIT_YOY":-7.7152897504,"GROSS_PROFIT_RATIO":null,"EPS_TTM":1.438369464093,"OPERATE_INCOME_QOQ":-3.797947740152,"NET_PROFIT_RATIO":25.7952780771,"ROE_AVG":9.222543727645,"GROSS_PROFIT_QOQ":null,"ROA":1.64807117021,"HOLDER_PROFIT_QOQ":-3.199544068463,"ROE_YEARLY":9.222543727645,"ROIC_YEARLY":1.72984568999,"TOTAL_ASSETS":1308603360000,"TOTAL_LIABILITIES":1050231321000,"TAX_EBT":23.424418701851,"OCF_SALES":64.297812249902,"TOTAL_PARENT_EQUITY":253118088000,"DEBT_ASSET_RATIO":80.2511537353,"OPERATE_PROFIT":28276814000,"PRETAX_PROFIT":28950204000,"NETCASH_OPERATE":55258350000,"NETCASH_INVEST":-791739000,"NETCASH_FINANCE":-41859594000,"END_CASH":103228271000,"DIVI_RATIO":0.494246515618,"DIVIDEND_RATE":3.417510917031,"CURRENT_RATIO":1.238907479549,"COMMON_ACS":null,"CURRENTDEBT_DEBT":89.298148631391,"ISSUED_COMMON_SHARES":14820546829,"HK_COMMON_SHARES":2620076855,"PER_SHARES":500,"TOTAL_MARKET_CAP":339390522384.1,"HKSK_MARKET_CAP":59999759979.5,"PE_TTM":15.082446312523,"PB_TTM":1.173748621796,"REPORT_DATE_SQ":"2021-12-31 00:00:00","REPORT_TYPE_SQ":"2021年年报","OPERATE_INCOME_SQ":97324169000,"DPS_HKD":0.78261,"OPERATE_INCOME_QOQ_SQ":10.991928291757,"NET_PROFIT_RATIO_SQ":24.6650767704,"HOLDER_PROFIT_SQ":23099625000,"HOLDER_PROFIT_QOQ_SQ":16.15640302223,"ROE_AVG_SQ":11.819189498356,"PE_TTM_SQ":9.866118291004,"PB_TTM_SQ":0.853073477865,"ROA_SQ":1.981416780335,"START_DATE":"2022-01-01 00:00:00","FISCAL_YEAR":"12-31","CURRENCY":"HKD","IS_CNY_CODE":0,"DPS_HKD_LY":0.6328698,"ORG_TYPE":"证券","PREMIUM_INCOME":null,"PREMIUM_INCOME_YOY":null,"NET_INTEREST_INCOME":21023810000,"NET_INTEREST_INCOME_YOY":null,"FEE_COMMISSION_INCOME":37945213000,"FEE_COMMISSION_INCOME_YOY":-7.294477628142,"ACCOUNTS_RECE_TDAYS":null,"INVENTORY_TDAYS":null,"CURRENT_ASSETS_TDAYS":0.074327865235,"TOTAL_ASSETS_TDAYS":0.066442045824,"PREMIUM_EXPENSE":null,"LOAN_DEPOSIT":null,"LOAN_EQUITY":null,"LOAN_ASSETS":null,"DEPOSIT_EQUITY":null,"DEPOSIT_ASSETS":null,"EQUITY_MULTIPLIER":5.063586938683,"EQUITY_RATIO":4.149175309036},{"SECUCODE":"06030.HK","SECURITY_CODE":"06030","SECURITY_NAME_ABBR":"中信证券","ORG_CODE":"10002269","STD_REPORT_DATE":"2022-09-30 00:00:00","REPORT_DATE":"2022-09-30 00:00:00","DATE_TYPE_CODE":"004","REPORT_TYPE":"2022年三季报","PER_NETCASH_OPERATE":4.166475827669,"PER_OI":3.361650463856,"BPS":15.858548852792,"BASIC_EPS":1.1,"DILUTED_EPS":1.1,"OPERATE_INCOME":49821498122.3,"OPERATE_INCOME_YOY":-13.8208481498,"GROSS_PROFIT":null,"GROSS_PROFIT_YOY":null,"HOLDER_PROFIT":16567546038.1,"HOLDER_PROFIT_YOY":-6.1070542852,"GROSS_PROFIT_RATIO":null,"EPS_TTM":1.485911869166,"OPERATE_INCOME_QOQ":-6.383248245998,"NET_PROFIT_RATIO":34.5204392766,"ROE_AVG":7.23528280987,"GROSS_PROFIT_QOQ":null,"ROA":1.267640836057,"HOLDER_PROFIT_QOQ":-0.343658562905,"ROE_YEARLY":9.647043746494,"ROIC_YEARLY":1.472190510193,"TOTAL_ASSETS":1335253231875.58,"TOTAL_LIABILITIES":1081441179703.43,"TAX_EBT":23.920608962559,"OCF_SALES":123.941375597096,"TOTAL_PARENT_EQUITY":248794069969.43,"DEBT_ASSET_RATIO":80.9914669283,"OPERATE_PROFIT":22401222568.12,"PRETAX_PROFIT":22606122067.31,"NETCASH_OPERATE":61749450115.86,"NETCASH_INVEST":29233314486.39,"NETCASH_FINANCE":-18490186790.56,"END_CASH":387072262789.19,"DIVI_RATIO":0.478432880544,"DIVIDEND_RATE":3.417510917031,"CURRENT_RATIO":1.134297570859,"COMMON_ACS":null,"CURRENTDEBT_DEBT":98.994985783855,"ISSUED_COMMON_SHARES":14820546829,"HK_COMMON_SHARES":2620076855,"PER_SHARES":500,"TOTAL_MARKET_CAP":339390522384.1,"HKSK_MARKET_CAP":59999759979.5,"PE_TTM":15.082446312523,"PB_TTM":1.173748621796,"REPORT_DATE_SQ":"2021-09-30 00:00:00","REPORT_TYPE_SQ":"2021年三季报","OPERATE_INCOME_SQ":57811543804.57,"DPS_HKD":0.78261,"OPERATE_INCOME_QOQ_SQ":3.245749744452,"NET_PROFIT_RATIO_SQ":31.6473377936,"HOLDER_PROFIT_SQ":17645144597.36,"HOLDER_PROFIT_QOQ_SQ":9.421068590153,"ROE_AVG_SQ":9.15236926768,"PE_TTM_SQ":9.866118291004,"PB_TTM_SQ":0.853073477865,"ROA_SQ":1.5578446473,"START_DATE":"2022-01-01 00:00:00","FISCAL_YEAR":"12-31","CURRENCY":"HKD","IS_CNY_CODE":0,"DPS_HKD_LY":0.6328698,"ORG_TYPE":"证券","PREMIUM_INCOME":null,"PREMIUM_INCOME_YOY":null,"NET_INTEREST_INCOME":4166932802.03,"NET_INTEREST_INCOME_YOY":null,"FEE_COMMISSION_INCOME":24074541794.58,"FEE_COMMISSION_INCOME_YOY":-5.948745564803,"ACCOUNTS_RECE_TDAYS":0.867216059564,"INVENTORY_TDAYS":null,"CURRENT_ASSETS_TDAYS":0.042133317641,"TOTAL_ASSETS_TDAYS":0.038120169027,"PREMIUM_EXPENSE":null,"LOAN_DEPOSIT":null,"LOAN_EQUITY":null,"LOAN_ASSETS":null,"DEPOSIT_EQUITY":null,"DEPOSIT_ASSETS":null,"EQUITY_MULTIPLIER":5.260795224061,"EQUITY_RATIO":4.346732138094}],"count":56},"success":true,"message":"ok","code":0}