{"version":"408a35bf6f2ec22b2bf392fe8e783b30","result":{"pages":4,"data":[{"SECUCODE":"06033.HK","SECURITY_CODE":"06033","SECURITY_NAME_ABBR":"电讯数码控股","ORG_CODE":"10399308","STD_REPORT_DATE":"2024-06-30 00:00:00","REPORT_DATE":"2024-09-30 00:00:00","DATE_TYPE_CODE":"002","REPORT_TYPE":"2024年中报","PER_NETCASH_OPERATE":-0.04547668052,"PER_OI":1.203297197916,"BPS":1.11582365949,"BASIC_EPS":0.0541074,"DILUTED_EPS":0.0541074,"OPERATE_INCOME":485834853.55,"OPERATE_INCOME_YOY":-16.0631989605,"GROSS_PROFIT":194062502.63,"GROSS_PROFIT_YOY":-14.723847606074,"HOLDER_PROFIT":20549990.52,"HOLDER_PROFIT_YOY":-60.7880925751,"GROSS_PROFIT_RATIO":39.944129411874,"EPS_TTM":0.126588241945,"OPERATE_INCOME_QOQ":0,"NET_PROFIT_RATIO":4.2298304393,"ROE_AVG":4.588559007624,"GROSS_PROFIT_QOQ":0,"ROA":1.797394062558,"HOLDER_PROFIT_QOQ":0,"ROE_YEARLY":9.177118015249,"ROIC_YEARLY":3.676610574208,"TOTAL_ASSETS":1181599204.78,"TOTAL_LIABILITIES":731082054.79,"TAX_EBT":19.802920992434,"OCF_SALES":-3.779339019388,"TOTAL_PARENT_EQUITY":450517149.99,"DEBT_ASSET_RATIO":61.8722534538,"OPERATE_PROFIT":36109475.18,"PRETAX_PROFIT":25624362.85,"NETCASH_OPERATE":-18361346.19,"NETCASH_INVEST":-5713741.44,"NETCASH_FINANCE":25621657.48,"END_CASH":26242089,"DIVI_RATIO":0.500170466287,"DIVIDEND_RATE":9.58904109589,"CURRENT_RATIO":0.374897214383,"COMMON_ACS":10000000000,"CURRENTDEBT_DEBT":97.20575156562,"ISSUED_COMMON_SHARES":403753000,"HK_COMMON_SHARES":403753000,"PER_SHARES":1000,"TOTAL_MARKET_CAP":294739690,"HKSK_MARKET_CAP":294739690,"PE_TTM":14.000555291659,"PB_TTM":0.589973778026,"REPORT_DATE_SQ":"2023-06-30 00:00:00","REPORT_TYPE_SQ":"2023年中报","OPERATE_INCOME_SQ":588977144.98,"DPS_HKD":0.07,"OPERATE_INCOME_QOQ_SQ":0,"NET_PROFIT_RATIO_SQ":9.0543526017,"HOLDER_PROFIT_SQ":53328067.45,"HOLDER_PROFIT_QOQ_SQ":0,"ROE_AVG_SQ":12.324759480034,"PE_TTM_SQ":3.010766115617,"PB_TTM_SQ":0.530429312324,"ROA_SQ":4.33426696146,"START_DATE":"2024-04-01 00:00:00","FISCAL_YEAR":"3-31","CURRENCY":"HKD","IS_CNY_CODE":0,"DPS_HKD_LY":0.07,"ORG_TYPE":"一般企业","PREMIUM_INCOME":null,"PREMIUM_INCOME_YOY":null,"NET_INTEREST_INCOME":null,"NET_INTEREST_INCOME_YOY":null,"FEE_COMMISSION_INCOME":null,"FEE_COMMISSION_INCOME_YOY":null,"ACCOUNTS_RECE_TDAYS":6.973007254583,"INVENTORY_TDAYS":3.497646060462,"CURRENT_ASSETS_TDAYS":2.147737828044,"TOTAL_ASSETS_TDAYS":0.424932887587,"PREMIUM_EXPENSE":null,"LOAN_DEPOSIT":null,"LOAN_EQUITY":null,"LOAN_ASSETS":null,"DEPOSIT_EQUITY":null,"DEPOSIT_ASSETS":null,"EQUITY_MULTIPLIER":2.622761874448,"EQUITY_RATIO":1.622761874451},{"SECUCODE":"06033.HK","SECURITY_CODE":"06033","SECURITY_NAME_ABBR":"电讯数码控股","ORG_CODE":"10399308","STD_REPORT_DATE":"2023-12-31 00:00:00","REPORT_DATE":"2024-03-31 00:00:00","DATE_TYPE_CODE":"001","REPORT_TYPE":"2023年年报","PER_NETCASH_OPERATE":0.424107321308,"PER_OI":3.082285268097,"BPS":1.108445885479,"BASIC_EPS":0.126917,"DILUTED_EPS":0.126917,"OPERATE_INCOME":1244481923.85,"OPERATE_INCOME_YOY":-10.5952514308,"GROSS_PROFIT":422607320.05,"GROSS_PROFIT_YOY":-3.262966512777,"HOLDER_PROFIT":51110382.45,"HOLDER_PROFIT_YOY":-25.404869013,"GROSS_PROFIT_RATIO":33.958494048881,"EPS_TTM":0.191725562237,"OPERATE_INCOME_QOQ":0,"NET_PROFIT_RATIO":4.1069606131,"ROE_AVG":11.970508458382,"GROSS_PROFIT_QOQ":0,"ROA":4.340812989101,"HOLDER_PROFIT_QOQ":0,"ROE_YEARLY":11.970508458382,"ROIC_YEARLY":4.43943291105,"TOTAL_ASSETS":1110876397.95,"TOTAL_LIABILITIES":663338046.35,"TAX_EBT":21.002410043717,"OCF_SALES":13.759509079108,"TOTAL_PARENT_EQUITY":447538351.6,"DEBT_ASSET_RATIO":59.7130380638,"OPERATE_PROFIT":96008177.75,"PRETAX_PROFIT":64698660.4,"NETCASH_OPERATE":171234603.3,"NETCASH_INVEST":77998655.45,"NETCASH_FINANCE":-251510512.35,"END_CASH":24776918.05,"DIVI_RATIO":0.330241305651,"DIVIDEND_RATE":9.722222222222,"CURRENT_RATIO":0.290640553749,"COMMON_ACS":10000000000,"CURRENTDEBT_DEBT":96.98230326752,"ISSUED_COMMON_SHARES":403753000,"HK_COMMON_SHARES":403753000,"PER_SHARES":1000,"TOTAL_MARKET_CAP":290702160,"HKSK_MARKET_CAP":290702160,"PE_TTM":13.808766863006,"PB_TTM":0.58189194545,"REPORT_DATE_SQ":"2022-12-31 00:00:00","REPORT_TYPE_SQ":"2022年年报","OPERATE_INCOME_SQ":1344150035.32,"DPS_HKD":0.07,"OPERATE_INCOME_QOQ_SQ":0,"NET_PROFIT_RATIO_SQ":4.9223290601,"HOLDER_PROFIT_SQ":66163487.8,"HOLDER_PROFIT_QOQ_SQ":0,"ROE_AVG_SQ":17.605486165787,"PE_TTM_SQ":5.074958322307,"PB_TTM_SQ":0.775242841089,"ROA_SQ":6.799067669525,"START_DATE":"2023-04-01 00:00:00","FISCAL_YEAR":"3-31","CURRENCY":"HKD","IS_CNY_CODE":0,"DPS_HKD_LY":0.03,"ORG_TYPE":"一般企业","PREMIUM_INCOME":null,"PREMIUM_INCOME_YOY":null,"NET_INTEREST_INCOME":null,"NET_INTEREST_INCOME_YOY":null,"FEE_COMMISSION_INCOME":null,"FEE_COMMISSION_INCOME_YOY":null,"ACCOUNTS_RECE_TDAYS":31.390805254793,"INVENTORY_TDAYS":9.165636294705,"CURRENT_ASSETS_TDAYS":5.666514625845,"TOTAL_ASSETS_TDAYS":1.056940496392,"PREMIUM_EXPENSE":null,"LOAN_DEPOSIT":null,"LOAN_EQUITY":null,"LOAN_ASSETS":null,"DEPOSIT_EQUITY":null,"DEPOSIT_ASSETS":null,"EQUITY_MULTIPLIER":2.482192629922,"EQUITY_RATIO":1.482192629924},{"SECUCODE":"06033.HK","SECURITY_CODE":"06033","SECURITY_NAME_ABBR":"电讯数码控股","ORG_CODE":"10399308","STD_REPORT_DATE":"2023-06-30 00:00:00","REPORT_DATE":"2023-09-30 00:00:00","DATE_TYPE_CODE":"002","REPORT_TYPE":"2023年中报","PER_NETCASH_OPERATE":0.169988131902,"PER_OI":1.458756083497,"BPS":1.124484424487,"BASIC_EPS":0.1284682,"DILUTED_EPS":0.1284682,"OPERATE_INCOME":588977144.98,"OPERATE_INCOME_YOY":-5.6891049189,"GROSS_PROFIT":227569487.11,"GROSS_PROFIT_YOY":-5.185965774395,"HOLDER_PROFIT":53328067.45,"HOLDER_PROFIT_YOY":24.903284044,"GROSS_PROFIT_RATIO":38.638084524948,"EPS_TTM":0.163871197985,"OPERATE_INCOME_QOQ":0,"NET_PROFIT_RATIO":9.0543526017,"ROE_AVG":12.324759480034,"GROSS_PROFIT_QOQ":0,"ROA":4.33426696146,"HOLDER_PROFIT_QOQ":0,"ROE_YEARLY":24.649518960067,"ROIC_YEARLY":8.853460489633,"TOTAL_ASSETS":1201561239.34,"TOTAL_LIABILITIES":747547279.5,"TAX_EBT":14.859796653872,"OCF_SALES":11.652951019403,"TOTAL_PARENT_EQUITY":454013959.84,"DEBT_ASSET_RATIO":62.2146633084,"OPERATE_PROFIT":79197892.41,"PRETAX_PROFIT":62635588.54,"NETCASH_OPERATE":68633218.22,"NETCASH_INVEST":79479604.82,"NETCASH_FINANCE":-151822801.13,"END_CASH":23527115.57,"DIVI_RATIO":0.386374791779,"DIVIDEND_RATE":9.722222222222,"CURRENT_RATIO":0.343342792795,"COMMON_ACS":10000000000,"CURRENTDEBT_DEBT":96.416497882526,"ISSUED_COMMON_SHARES":403753000,"HK_COMMON_SHARES":403753000,"PER_SHARES":1000,"TOTAL_MARKET_CAP":290702160,"HKSK_MARKET_CAP":290702160,"PE_TTM":13.808766863006,"PB_TTM":0.58189194545,"REPORT_DATE_SQ":"2022-06-30 00:00:00","REPORT_TYPE_SQ":"2022年中报","OPERATE_INCOME_SQ":615529304.16,"DPS_HKD":0.07,"OPERATE_INCOME_QOQ_SQ":0,"NET_PROFIT_RATIO_SQ":6.8366825163,"HOLDER_PROFIT_SQ":42081784.32,"HOLDER_PROFIT_QOQ_SQ":0,"ROE_AVG_SQ":11.202388404681,"PE_TTM_SQ":5.074958322307,"PB_TTM_SQ":0.775242841089,"ROA_SQ":4.130722157265,"START_DATE":"2023-04-01 00:00:00","FISCAL_YEAR":"3-31","CURRENCY":"HKD","IS_CNY_CODE":0,"DPS_HKD_LY":0.03,"ORG_TYPE":"一般企业","PREMIUM_INCOME":null,"PREMIUM_INCOME_YOY":null,"NET_INTEREST_INCOME":null,"NET_INTEREST_INCOME_YOY":null,"FEE_COMMISSION_INCOME":null,"FEE_COMMISSION_INCOME_YOY":null,"ACCOUNTS_RECE_TDAYS":15.390329580741,"INVENTORY_TDAYS":3.071689843159,"CURRENT_ASSETS_TDAYS":2.342713125809,"TOTAL_ASSETS_TDAYS":0.478694297883,"PREMIUM_EXPENSE":null,"LOAN_DEPOSIT":null,"LOAN_EQUITY":null,"LOAN_ASSETS":null,"DEPOSIT_EQUITY":null,"DEPOSIT_ASSETS":null,"EQUITY_MULTIPLIER":2.646529282409,"EQUITY_RATIO":1.646529282411},{"SECUCODE":"06033.HK","SECURITY_CODE":"06033","SECURITY_NAME_ABBR":"电讯数码控股","ORG_CODE":"10399308","STD_REPORT_DATE":"2022-12-31 00:00:00","REPORT_DATE":"2023-03-31 00:00:00","DATE_TYPE_CODE":"001","REPORT_TYPE":"2022年年报","PER_NETCASH_OPERATE":0.383184978712,"PER_OI":3.329139437527,"BPS":0.971980827709,"BASIC_EPS":0.1663279,"DILUTED_EPS":0.1663279,"OPERATE_INCOME":1344150035.32,"OPERATE_INCOME_YOY":2.0180336049,"GROSS_PROFIT":436861980.17,"GROSS_PROFIT_YOY":2.546824090726,"HOLDER_PROFIT":66163487.8,"HOLDER_PROFIT_YOY":-33.1499482571,"GROSS_PROFIT_RATIO":32.500983423774,"EPS_TTM":0.213022820115,"OPERATE_INCOME_QOQ":0,"NET_PROFIT_RATIO":4.9223290601,"ROE_AVG":17.605486165787,"GROSS_PROFIT_QOQ":0,"ROA":6.799067669525,"HOLDER_PROFIT_QOQ":0,"ROE_YEARLY":17.605486165787,"ROIC_YEARLY":7.265976760988,"TOTAL_ASSETS":1201268241.35,"TOTAL_LIABILITIES":808828066.22,"TAX_EBT":17.546692267411,"OCF_SALES":11.510030922491,"TOTAL_PARENT_EQUITY":392440175.13,"DEBT_ASSET_RATIO":67.3311786975,"OPERATE_PROFIT":92853863.29,"PRETAX_PROFIT":80243582.24,"NETCASH_OPERATE":154712084.71,"NETCASH_INVEST":-560903200.12,"NETCASH_FINANCE":334446888.86,"END_CASH":26589703.34,"DIVI_RATIO":0.297224963813,"DIVIDEND_RATE":9.210526315789,"CURRENT_RATIO":0.309756086701,"COMMON_ACS":10000000000,"CURRENTDEBT_DEBT":97.230345627756,"ISSUED_COMMON_SHARES":403753000,"HK_COMMON_SHARES":403753000,"PER_SHARES":1000,"TOTAL_MARKET_CAP":306852280,"HKSK_MARKET_CAP":306852280,"PE_TTM":14.575920577617,"PB_TTM":0.614219275753,"REPORT_DATE_SQ":"2021-12-31 00:00:00","REPORT_TYPE_SQ":"2021年年报","OPERATE_INCOME_SQ":1220634119.79,"DPS_HKD":0.07,"OPERATE_INCOME_QOQ_SQ":0,"NET_PROFIT_RATIO_SQ":7.5118316049,"HOLDER_PROFIT_SQ":91691979.59,"HOLDER_PROFIT_QOQ_SQ":0,"ROE_AVG_SQ":28.534976224849,"PE_TTM_SQ":5.074958322307,"PB_TTM_SQ":0.775242841089,"ROA_SQ":15.111940423194,"START_DATE":"2022-04-01 00:00:00","FISCAL_YEAR":"3-31","CURRENCY":"HKD","IS_CNY_CODE":0,"DPS_HKD_LY":0.09,"ORG_TYPE":"一般企业","PREMIUM_INCOME":null,"PREMIUM_INCOME_YOY":null,"NET_INTEREST_INCOME":null,"NET_INTEREST_INCOME_YOY":null,"FEE_COMMISSION_INCOME":null,"FEE_COMMISSION_INCOME_YOY":null,"ACCOUNTS_RECE_TDAYS":29.807945798511,"INVENTORY_TDAYS":9.235481772574,"CURRENT_ASSETS_TDAYS":4.611043125337,"TOTAL_ASSETS_TDAYS":1.381270448704,"PREMIUM_EXPENSE":null,"LOAN_DEPOSIT":null,"LOAN_EQUITY":null,"LOAN_ASSETS":null,"DEPOSIT_EQUITY":null,"DEPOSIT_ASSETS":null,"EQUITY_MULTIPLIER":3.061022590134,"EQUITY_RATIO":2.061022590136},{"SECUCODE":"06033.HK","SECURITY_CODE":"06033","SECURITY_NAME_ABBR":"电讯数码控股","ORG_CODE":"10399308","STD_REPORT_DATE":"2022-06-30 00:00:00","REPORT_DATE":"2022-09-30 00:00:00","DATE_TYPE_CODE":"002","REPORT_TYPE":"2022年中报","PER_NETCASH_OPERATE":0.176529695631,"PER_OI":1.524519456598,"BPS":0.94167913026,"BASIC_EPS":0.1085328,"DILUTED_EPS":0.1085328,"OPERATE_INCOME":615529304.16,"OPERATE_INCOME_YOY":0.4260141631,"GROSS_PROFIT":240016669.44,"GROSS_PROFIT_YOY":10.801338657992,"HOLDER_PROFIT":42081784.32,"HOLDER_PROFIT_YOY":-18.8517013447,"GROSS_PROFIT_RATIO":38.993540651577,"EPS_TTM":0.227099190817,"OPERATE_INCOME_QOQ":0,"NET_PROFIT_RATIO":6.8366825163,"ROE_AVG":11.202388404681,"GROSS_PROFIT_QOQ":0,"ROA":4.130722157265,"HOLDER_PROFIT_QOQ":0,"ROE_YEARLY":22.404776809361,"ROIC_YEARLY":8.898115260694,"TOTAL_ASSETS":1267814145.48,"TOTAL_LIABILITIES":887608371.6,"TAX_EBT":21.613289081322,"OCF_SALES":11.579366525411,"TOTAL_PARENT_EQUITY":380205773.88,"DEBT_ASSET_RATIO":70.0109219293,"OPERATE_PROFIT":56073471.12,"PRETAX_PROFIT":53684845.08,"NETCASH_OPERATE":70599681.96,"NETCASH_INVEST":-588324653.4,"NETCASH_FINANCE":460055163.72,"END_CASH":44044419.12,"DIVI_RATIO":0.278801962139,"DIVIDEND_RATE":9.210526315789,"CURRENT_RATIO":0.310864572417,"COMMON_ACS":10000000000,"CURRENTDEBT_DEBT":97.917137937008,"ISSUED_COMMON_SHARES":403753000,"HK_COMMON_SHARES":403753000,"PER_SHARES":1000,"TOTAL_MARKET_CAP":306852280,"HKSK_MARKET_CAP":306852280,"PE_TTM":14.575920577617,"PB_TTM":0.614219275753,"REPORT_DATE_SQ":"2021-06-30 00:00:00","REPORT_TYPE_SQ":"2021年中报","OPERATE_INCOME_SQ":564545601.62,"DPS_HKD":0.07,"OPERATE_INCOME_QOQ_SQ":0,"NET_PROFIT_RATIO_SQ":8.4608154032,"HOLDER_PROFIT_SQ":47765161.22,"HOLDER_PROFIT_QOQ_SQ":0,"ROE_AVG_SQ":14.988713436304,"PE_TTM_SQ":5.074958322307,"PB_TTM_SQ":0.775242841089,"ROA_SQ":8.115634737697,"START_DATE":"2022-04-01 00:00:00","FISCAL_YEAR":"3-31","CURRENCY":"HKD","IS_CNY_CODE":0,"DPS_HKD_LY":0.09,"ORG_TYPE":"一般企业","PREMIUM_INCOME":null,"PREMIUM_INCOME_YOY":null,"NET_INTEREST_INCOME":null,"NET_INTEREST_INCOME_YOY":null,"FEE_COMMISSION_INCOME":null,"FEE_COMMISSION_INCOME_YOY":null,"ACCOUNTS_RECE_TDAYS":9.475571892012,"INVENTORY_TDAYS":4.368583588929,"CURRENT_ASSETS_TDAYS":1.982868231057,"TOTAL_ASSETS_TDAYS":0.604199792434,"PREMIUM_EXPENSE":null,"LOAN_DEPOSIT":null,"LOAN_EQUITY":null,"LOAN_ASSETS":null,"DEPOSIT_EQUITY":null,"DEPOSIT_ASSETS":null,"EQUITY_MULTIPLIER":3.334547323004,"EQUITY_RATIO":2.334547322998},{"SECUCODE":"06033.HK","SECURITY_CODE":"06033","SECURITY_NAME_ABBR":"电讯数码控股","ORG_CODE":"10399308","STD_REPORT_DATE":"2021-12-31 00:00:00","REPORT_DATE":"2022-03-31 00:00:00","DATE_TYPE_CODE":"001","REPORT_TYPE":"2021年年报","PER_NETCASH_OPERATE":0.346051127249,"PER_OI":3.023219938403,"BPS":0.824166844655,"BASIC_EPS":0.2270828,"DILUTED_EPS":0.2270828,"OPERATE_INCOME":1220634119.79,"OPERATE_INCOME_YOY":44.8659506846,"GROSS_PROFIT":426012198.86,"GROSS_PROFIT_YOY":0.903251801973,"HOLDER_PROFIT":91691979.59,"HOLDER_PROFIT_YOY":-16.3876111169,"GROSS_PROFIT_RATIO":34.900892245523,"EPS_TTM":0.237811969348,"OPERATE_INCOME_QOQ":0,"NET_PROFIT_RATIO":7.5118316049,"ROE_AVG":28.534976224849,"GROSS_PROFIT_QOQ":0,"ROA":15.111940423194,"HOLDER_PROFIT_QOQ":0,"ROE_YEARLY":28.534976224849,"ROIC_YEARLY":17.239570547002,"TOTAL_ASSETS":690178431.11,"TOTAL_LIABILITIES":357418595.08,"TAX_EBT":18.013778100073,"OCF_SALES":11.446442346216,"TOTAL_PARENT_EQUITY":332759836.03,"DEBT_ASSET_RATIO":51.7864046411,"OPERATE_PROFIT":107223632.1,"PRETAX_PROFIT":111838279,"NETCASH_OPERATE":139719180.78,"NETCASH_INVEST":-125589764.56,"NETCASH_FINANCE":19648339.27,"END_CASH":91231325.91,"DIVI_RATIO":0.266242696588,"DIVIDEND_RATE":9.210526315789,"CURRENT_RATIO":0.91606929369,"COMMON_ACS":10000000000,"CURRENTDEBT_DEBT":96.036831643628,"ISSUED_COMMON_SHARES":403753000,"HK_COMMON_SHARES":403753000,"PER_SHARES":1000,"TOTAL_MARKET_CAP":306852280,"HKSK_MARKET_CAP":306852280,"PE_TTM":14.575920577617,"PB_TTM":0.614219275753,"REPORT_DATE_SQ":"2020-12-31 00:00:00","REPORT_TYPE_SQ":"2020年年报","OPERATE_INCOME_SQ":878096380.28,"DPS_HKD":0.07,"OPERATE_INCOME_QOQ_SQ":0,"NET_PROFIT_RATIO_SQ":13.014920891,"HOLDER_PROFIT_SQ":114283549.24,"HOLDER_PROFIT_QOQ_SQ":0,"ROE_AVG_SQ":36.500568895775,"PE_TTM_SQ":5.074958322307,"PB_TTM_SQ":0.775242841089,"ROA_SQ":20.916458226019,"START_DATE":"2021-04-01 00:00:00","FISCAL_YEAR":"3-31","CURRENCY":"HKD","IS_CNY_CODE":0,"DPS_HKD_LY":0.21,"ORG_TYPE":"一般企业","PREMIUM_INCOME":null,"PREMIUM_INCOME_YOY":null,"NET_INTEREST_INCOME":null,"NET_INTEREST_INCOME_YOY":null,"FEE_COMMISSION_INCOME":null,"FEE_COMMISSION_INCOME_YOY":null,"ACCOUNTS_RECE_TDAYS":23.389132782695,"INVENTORY_TDAYS":12.902453959454,"CURRENT_ASSETS_TDAYS":4.949485017495,"TOTAL_ASSETS_TDAYS":2.01175175618,"PREMIUM_EXPENSE":null,"LOAN_DEPOSIT":null,"LOAN_EQUITY":null,"LOAN_ASSETS":null,"DEPOSIT_EQUITY":null,"DEPOSIT_ASSETS":null,"EQUITY_MULTIPLIER":2.074103772092,"EQUITY_RATIO":1.07410377209},{"SECUCODE":"06033.HK","SECURITY_CODE":"06033","SECURITY_NAME_ABBR":"电讯数码控股","ORG_CODE":"10399308","STD_REPORT_DATE":"2021-06-30 00:00:00","REPORT_DATE":"2021-09-30 00:00:00","DATE_TYPE_CODE":"002","REPORT_TYPE":"2021年中报","PER_NETCASH_OPERATE":0.235805294722,"PER_OI":1.398244970613,"BPS":0.790133227196,"BASIC_EPS":0.1166284,"DILUTED_EPS":0.1166284,"OPERATE_INCOME":564545601.62,"OPERATE_INCOME_YOY":30.863570532,"GROSS_PROFIT":216618925.68,"GROSS_PROFIT_YOY":-2.541485517645,"HOLDER_PROFIT":47765161.22,"HOLDER_PROFIT_YOY":-23.6981835119,"GROSS_PROFIT_RATIO":38.37049213711,"EPS_TTM":0.283053127135,"OPERATE_INCOME_QOQ":0,"NET_PROFIT_RATIO":8.4608154032,"ROE_AVG":14.988713436304,"GROSS_PROFIT_QOQ":0,"ROA":8.115634737697,"HOLDER_PROFIT_QOQ":0,"ROE_YEARLY":29.977426872609,"ROIC_YEARLY":18.626083891606,"TOTAL_ASSETS":639560988.5,"TOTAL_LIABILITIES":320542327.62,"TAX_EBT":19.506682389937,"OCF_SALES":16.864376391703,"TOTAL_PARENT_EQUITY":319018660.88,"DEBT_ASSET_RATIO":50.1191181738,"OPERATE_PROFIT":57940156.06,"PRETAX_PROFIT":59340529.92,"NETCASH_OPERATE":95207095.16,"NETCASH_INVEST":-50630887.62,"NETCASH_FINANCE":-12381770.78,"END_CASH":91220070,"DIVI_RATIO":0.22368839603,"DIVIDEND_RATE":9.210526315789,"CURRENT_RATIO":0.975187324767,"COMMON_ACS":10000000000,"CURRENTDEBT_DEBT":95.104956897112,"ISSUED_COMMON_SHARES":403753000,"HK_COMMON_SHARES":403753000,"PER_SHARES":1000,"TOTAL_MARKET_CAP":306852280,"HKSK_MARKET_CAP":306852280,"PE_TTM":14.575920577617,"PB_TTM":0.614219275753,"REPORT_DATE_SQ":"2020-06-30 00:00:00","REPORT_TYPE_SQ":"2020年中报","OPERATE_INCOME_SQ":455045152,"DPS_HKD":0.07,"OPERATE_INCOME_QOQ_SQ":0,"NET_PROFIT_RATIO_SQ":14.5109587718,"HOLDER_PROFIT_SQ":66031414.4,"HOLDER_PROFIT_QOQ_SQ":0,"ROE_AVG_SQ":20.63847580963,"PE_TTM_SQ":5.074958322307,"PB_TTM_SQ":0.775242841089,"ROA_SQ":11.492494970265,"START_DATE":"2021-04-01 00:00:00","FISCAL_YEAR":"3-31","CURRENCY":"HKD","IS_CNY_CODE":0,"DPS_HKD_LY":0.21,"ORG_TYPE":"一般企业","PREMIUM_INCOME":null,"PREMIUM_INCOME_YOY":null,"NET_INTEREST_INCOME":null,"NET_INTEREST_INCOME_YOY":null,"FEE_COMMISSION_INCOME":null,"FEE_COMMISSION_INCOME_YOY":null,"ACCOUNTS_RECE_TDAYS":10.207516192198,"INVENTORY_TDAYS":5.283619664499,"CURRENT_ASSETS_TDAYS":2.347669139592,"TOTAL_ASSETS_TDAYS":0.959202435101,"PREMIUM_EXPENSE":null,"LOAN_DEPOSIT":null,"LOAN_EQUITY":null,"LOAN_ASSETS":null,"DEPOSIT_EQUITY":null,"DEPOSIT_ASSETS":null,"EQUITY_MULTIPLIER":2.004776105371,"EQUITY_RATIO":1.004776105372},{"SECUCODE":"06033.HK","SECURITY_CODE":"06033","SECURITY_NAME_ABBR":"电讯数码控股","ORG_CODE":"10399308","STD_REPORT_DATE":"2020-12-31 00:00:00","REPORT_DATE":"2021-03-31 00:00:00","DATE_TYPE_CODE":"001","REPORT_TYPE":"2020年年报","PER_NETCASH_OPERATE":0.386416564781,"PER_OI":2.174835556095,"BPS":0.79989752839,"BASIC_EPS":0.2789094,"DILUTED_EPS":0.2789094,"OPERATE_INCOME":878096380.28,"OPERATE_INCOME_YOY":-4.4418895552,"GROSS_PROFIT":422198681.66,"GROSS_PROFIT_YOY":-10.810635844522,"HOLDER_PROFIT":114283549.24,"HOLDER_PROFIT_YOY":68.5988952756,"GROSS_PROFIT_RATIO":48.081132224389,"EPS_TTM":0.237561749411,"OPERATE_INCOME_QOQ":0,"NET_PROFIT_RATIO":13.014920891,"ROE_AVG":36.500568895775,"GROSS_PROFIT_QOQ":0,"ROA":20.916458226019,"HOLDER_PROFIT_QOQ":0,"ROE_YEARLY":36.500568895775,"ROIC_YEARLY":22.935390006624,"TOTAL_ASSETS":545374369.68,"TOTAL_LIABILITIES":222413342.9,"TAX_EBT":12.043608073738,"OCF_SALES":17.767622186331,"TOTAL_PARENT_EQUITY":322961026.78,"DEBT_ASSET_RATIO":40.7817740006,"OPERATE_PROFIT":128936434.9,"PRETAX_PROFIT":129932056.94,"NETCASH_OPERATE":156016847.28,"NETCASH_INVEST":-188475.14,"NETCASH_FINANCE":-130731597.22,"END_CASH":59864944.58,"DIVI_RATIO":0.266523125701,"DIVIDEND_RATE":9.210526315789,"CURRENT_RATIO":0.903653027931,"COMMON_ACS":10000000000,"CURRENTDEBT_DEBT":92.706579772378,"ISSUED_COMMON_SHARES":403753000,"HK_COMMON_SHARES":403753000,"PER_SHARES":1000,"TOTAL_MARKET_CAP":306852280,"HKSK_MARKET_CAP":306852280,"PE_TTM":14.575920577617,"PB_TTM":0.614219275753,"REPORT_DATE_SQ":"2019-12-31 00:00:00","REPORT_TYPE_SQ":"2019年年报","OPERATE_INCOME_SQ":993411188,"DPS_HKD":0.07,"OPERATE_INCOME_QOQ_SQ":0,"NET_PROFIT_RATIO_SQ":7.5985063096,"HOLDER_PROFIT_SQ":73279653.7,"HOLDER_PROFIT_QOQ_SQ":0,"ROE_AVG_SQ":22.482868239981,"PE_TTM_SQ":5.074958322307,"PB_TTM_SQ":0.775242841089,"ROA_SQ":12.278140818721,"START_DATE":"2020-04-01 00:00:00","FISCAL_YEAR":"3-31","CURRENCY":"HKD","IS_CNY_CODE":0,"DPS_HKD_LY":0.28,"ORG_TYPE":"一般企业","PREMIUM_INCOME":null,"PREMIUM_INCOME_YOY":null,"NET_INTEREST_INCOME":null,"NET_INTEREST_INCOME_YOY":null,"FEE_COMMISSION_INCOME":null,"FEE_COMMISSION_INCOME_YOY":null,"ACCOUNTS_RECE_TDAYS":16.308960190883,"INVENTORY_TDAYS":9.736976064118,"CURRENT_ASSETS_TDAYS":4.895077811754,"TOTAL_ASSETS_TDAYS":1.607113742852,"PREMIUM_EXPENSE":null,"LOAN_DEPOSIT":null,"LOAN_EQUITY":null,"LOAN_ASSETS":null,"DEPOSIT_EQUITY":null,"DEPOSIT_ASSETS":null,"EQUITY_MULTIPLIER":1.688669295852,"EQUITY_RATIO":0.688669295851},{"SECUCODE":"06033.HK","SECURITY_CODE":"06033","SECURITY_NAME_ABBR":"电讯数码控股","ORG_CODE":"10399308","STD_REPORT_DATE":"2020-06-30 00:00:00","REPORT_DATE":"2020-09-30 00:00:00","DATE_TYPE_CODE":"002","REPORT_TYPE":"2020年中报","PER_NETCASH_OPERATE":0.278857407573,"PER_OI":1.12703844182,"BPS":0.80398745966,"BASIC_EPS":0.1669568,"DILUTED_EPS":0.1669568,"OPERATE_INCOME":455045152,"OPERATE_INCOME_YOY":-12.6398504663,"GROSS_PROFIT":222267830.4,"GROSS_PROFIT_YOY":-6.982370851771,"HOLDER_PROFIT":66031414.4,"HOLDER_PROFIT_YOY":56.1973851047,"GROSS_PROFIT_RATIO":48.845225451386,"EPS_TTM":0.181496245724,"OPERATE_INCOME_QOQ":0,"NET_PROFIT_RATIO":14.5109587718,"ROE_AVG":20.63847580963,"GROSS_PROFIT_QOQ":0,"ROA":11.492494970265,"HOLDER_PROFIT_QOQ":0,"ROE_YEARLY":41.27695161926,"ROIC_YEARLY":25.258505144893,"TOTAL_ASSETS":580012316.8,"TOTAL_LIABILITIES":255400846.72,"TAX_EBT":12.164531512998,"OCF_SALES":24.742492999903,"TOTAL_PARENT_EQUITY":324612348.8,"DEBT_ASSET_RATIO":44.0336936514,"OPERATE_PROFIT":75180647.04,"PRETAX_PROFIT":75176253.44,"NETCASH_OPERATE":92065251.84,"NETCASH_INVEST":-2524562.56,"NETCASH_FINANCE":-66266032.64,"END_CASH":59367201.92,"DIVI_RATIO":0.348854047902,"DIVIDEND_RATE":9.210526315789,"CURRENT_RATIO":0.816152686559,"COMMON_ACS":10000000000,"CURRENTDEBT_DEBT":90.836776752875,"ISSUED_COMMON_SHARES":403753000,"HK_COMMON_SHARES":403753000,"PER_SHARES":1000,"TOTAL_MARKET_CAP":306852280,"HKSK_MARKET_CAP":306852280,"PE_TTM":14.575920577617,"PB_TTM":0.614219275753,"REPORT_DATE_SQ":"2019-06-30 00:00:00","REPORT_TYPE_SQ":"2019年中报","OPERATE_INCOME_SQ":534689879.76,"DPS_HKD":0.07,"OPERATE_INCOME_QOQ_SQ":0,"NET_PROFIT_RATIO_SQ":7.7253465053,"HOLDER_PROFIT_SQ":43394799.09,"HOLDER_PROFIT_QOQ_SQ":0,"ROE_AVG_SQ":13.604639982807,"PE_TTM_SQ":5.074958322307,"PB_TTM_SQ":0.775242841089,"ROA_SQ":7.132421018767,"START_DATE":"2020-04-01 00:00:00","FISCAL_YEAR":"3-31","CURRENCY":"HKD","IS_CNY_CODE":0,"DPS_HKD_LY":0.28,"ORG_TYPE":"一般企业","PREMIUM_INCOME":null,"PREMIUM_INCOME_YOY":null,"NET_INTEREST_INCOME":null,"NET_INTEREST_INCOME_YOY":null,"FEE_COMMISSION_INCOME":null,"FEE_COMMISSION_INCOME_YOY":null,"ACCOUNTS_RECE_TDAYS":8.535871760003,"INVENTORY_TDAYS":4.81339147815,"CURRENT_ASSETS_TDAYS":2.468844455886,"TOTAL_ASSETS_TDAYS":0.791987293945,"PREMIUM_EXPENSE":null,"LOAN_DEPOSIT":null,"LOAN_EQUITY":null,"LOAN_ASSETS":null,"DEPOSIT_EQUITY":null,"DEPOSIT_ASSETS":null,"EQUITY_MULTIPLIER":1.786789347454,"EQUITY_RATIO":0.786787217628}],"count":34},"success":true,"message":"ok","code":0}