{"version":"dd2be91be155660a60bfa95e5703d759","result":{"pages":3,"data":[{"SECUCODE":"06036.HK","SECURITY_CODE":"06036","SECURITY_NAME_ABBR":"光丽科技","ORG_CODE":"10472109","STD_REPORT_DATE":"2024-06-30 00:00:00","REPORT_DATE":"2024-06-30 00:00:00","DATE_TYPE_CODE":"002","REPORT_TYPE":"2024年中报","PER_NETCASH_OPERATE":0.200864134982,"PER_OI":1.352581556008,"BPS":0.238522127931,"BASIC_EPS":0.002372968,"DILUTED_EPS":0.0022817,"OPERATE_INCOME":1454173956.68,"OPERATE_INCOME_YOY":71.3953008049,"GROSS_PROFIT":86234569.8,"GROSS_PROFIT_YOY":84.696058650918,"HOLDER_PROFIT":2529036.28,"HOLDER_PROFIT_YOY":115.6659882406,"GROSS_PROFIT_RATIO":5.930141260189,"EPS_TTM":0.003899604059,"OPERATE_INCOME_QOQ":26.045031337561,"NET_PROFIT_RATIO":0.1473670072,"ROE_AVG":0.986844448243,"GROSS_PROFIT_QOQ":26.608318344135,"ROA":0.216215710088,"HOLDER_PROFIT_QOQ":128.628488295741,"ROE_YEARLY":1.973688896486,"ROIC_YEARLY":0.449073108081,"TOTAL_ASSETS":1103334288.6,"TOTAL_LIABILITIES":803523472,"TAX_EBT":55.335742819098,"OCF_SALES":14.850426881048,"TOTAL_PARENT_EQUITY":256437524.96,"DEBT_ASSET_RATIO":72.826837732,"OPERATE_PROFIT":28362443.68,"PRETAX_PROFIT":4797958.76,"NETCASH_OPERATE":215951040.16,"NETCASH_INVEST":-11002357.4,"NETCASH_FINANCE":-180507112.36,"END_CASH":102210120.52,"DIVI_RATIO":null,"DIVIDEND_RATE":null,"CURRENT_RATIO":1.215401695717,"COMMON_ACS":2000000000,"CURRENTDEBT_DEBT":97.192753293957,"ISSUED_COMMON_SHARES":1075110000,"HK_COMMON_SHARES":1075110000,"PER_SHARES":5000,"TOTAL_MARKET_CAP":827834700,"HKSK_MARKET_CAP":827834700,"PE_TTM":192.564480111654,"PB_TTM":2.946324544794,"REPORT_DATE_SQ":"2023-06-30 00:00:00","REPORT_TYPE_SQ":"2023年中报","OPERATE_INCOME_SQ":857078139.88,"DPS_HKD":null,"OPERATE_INCOME_QOQ_SQ":-22.524117635212,"NET_PROFIT_RATIO_SQ":-1.9282362635,"HOLDER_PROFIT_SQ":-16307982.24,"HOLDER_PROFIT_QOQ_SQ":-75.612982039721,"ROE_AVG_SQ":-5.985037406484,"PE_TTM_SQ":-8.740268278458,"PB_TTM_SQ":1.766820049302,"ROA_SQ":-1.737217387888,"START_DATE":"2024-01-01 00:00:00","FISCAL_YEAR":"12-31","CURRENCY":"HKD","IS_CNY_CODE":0,"DPS_HKD_LY":null,"ORG_TYPE":"一般企业","PREMIUM_INCOME":null,"PREMIUM_INCOME_YOY":null,"NET_INTEREST_INCOME":null,"NET_INTEREST_INCOME_YOY":null,"FEE_COMMISSION_INCOME":null,"FEE_COMMISSION_INCOME_YOY":null,"ACCOUNTS_RECE_TDAYS":2.280046422306,"INVENTORY_TDAYS":7.222722322349,"CURRENT_ASSETS_TDAYS":1.436982455982,"TOTAL_ASSETS_TDAYS":1.243221606278,"PREMIUM_EXPENSE":null,"LOAN_DEPOSIT":null,"LOAN_EQUITY":null,"LOAN_ASSETS":null,"DEPOSIT_EQUITY":null,"DEPOSIT_ASSETS":null,"EQUITY_MULTIPLIER":3.680101675828,"EQUITY_RATIO":3.133408311148},{"SECUCODE":"06036.HK","SECURITY_CODE":"06036","SECURITY_NAME_ABBR":"光丽科技","ORG_CODE":"10472109","STD_REPORT_DATE":"2023-12-31 00:00:00","REPORT_DATE":"2023-12-31 00:00:00","DATE_TYPE_CODE":"001","REPORT_TYPE":"2023年年报","PER_NETCASH_OPERATE":-0.235638609891,"PER_OI":2.132388063659,"BPS":0.236533779353,"BASIC_EPS":-0.013865166,"DILUTED_EPS":-0.013865166,"OPERATE_INCOME":2292551731.12,"OPERATE_INCOME_YOY":-5.9238539077,"GROSS_PROFIT":148617361.34,"GROSS_PROFIT_YOY":44.829653823193,"HOLDER_PROFIT":-14644515.2,"HOLDER_PROFIT_YOY":50.1018958809,"GROSS_PROFIT_RATIO":6.482617570745,"EPS_TTM":-0.013621411018,"OPERATE_INCOME_QOQ":23.186716895642,"NET_PROFIT_RATIO":-0.4016134107,"ROE_AVG":-5.5553645708,"GROSS_PROFIT_QOQ":74.803263998939,"ROA":-1.365026269998,"HOLDER_PROFIT_QOQ":71.174402291439,"ROE_YEARLY":-5.5553645708,"ROIC_YEARLY":-1.476264885404,"TOTAL_ASSETS":1227281058.92,"TOTAL_LIABILITIES":929969307.54,"TAX_EBT":-95.309496347559,"OCF_SALES":-11.050456242322,"TOTAL_PARENT_EQUITY":254299831.52,"DEBT_ASSET_RATIO":75.7747624948,"OPERATE_PROFIT":27297158.84,"PRETAX_PROFIT":-4714156.44,"NETCASH_OPERATE":-253337425.88,"NETCASH_INVEST":-1571385.48,"NETCASH_FINANCE":252501891.04,"END_CASH":78084446.3,"DIVI_RATIO":null,"DIVIDEND_RATE":null,"CURRENT_RATIO":1.177496882678,"COMMON_ACS":2000000000,"CURRENTDEBT_DEBT":97.451781170855,"ISSUED_COMMON_SHARES":1075110000,"HK_COMMON_SHARES":1075110000,"PER_SHARES":5000,"TOTAL_MARKET_CAP":634314900,"HKSK_MARKET_CAP":634314900,"PE_TTM":147.5494068388,"PB_TTM":2.257573352505,"REPORT_DATE_SQ":"2022-12-31 00:00:00","REPORT_TYPE_SQ":"2022年年报","OPERATE_INCOME_SQ":2402086997.38,"DPS_HKD":null,"OPERATE_INCOME_QOQ_SQ":1.274260869459,"NET_PROFIT_RATIO_SQ":-1.2285178577,"HOLDER_PROFIT_SQ":-28929442.22,"HOLDER_PROFIT_QOQ_SQ":-162.487790214893,"ROE_AVG_SQ":-10.515071624307,"PE_TTM_SQ":-7.885242033826,"PB_TTM_SQ":1.593978957522,"ROA_SQ":-3.073330135309,"START_DATE":"2023-01-01 00:00:00","FISCAL_YEAR":"12-31","CURRENCY":"HKD","IS_CNY_CODE":0,"DPS_HKD_LY":null,"ORG_TYPE":"一般企业","PREMIUM_INCOME":null,"PREMIUM_INCOME_YOY":null,"NET_INTEREST_INCOME":null,"NET_INTEREST_INCOME_YOY":null,"FEE_COMMISSION_INCOME":null,"FEE_COMMISSION_INCOME_YOY":null,"ACCOUNTS_RECE_TDAYS":4.057369089175,"INVENTORY_TDAYS":11.751581457151,"CURRENT_ASSETS_TDAYS":2.52617851237,"TOTAL_ASSETS_TDAYS":2.136904701569,"PREMIUM_EXPENSE":null,"LOAN_DEPOSIT":null,"LOAN_EQUITY":null,"LOAN_ASSETS":null,"DEPOSIT_EQUITY":null,"DEPOSIT_ASSETS":null,"EQUITY_MULTIPLIER":4.12792650551,"EQUITY_RATIO":3.656979644781},{"SECUCODE":"06036.HK","SECURITY_CODE":"06036","SECURITY_NAME_ABBR":"光丽科技","ORG_CODE":"10472109","STD_REPORT_DATE":"2023-06-30 00:00:00","REPORT_DATE":"2023-06-30 00:00:00","DATE_TYPE_CODE":"002","REPORT_TYPE":"2023年中报","PER_NETCASH_OPERATE":-0.04251565185,"PER_OI":0.79720041659,"BPS":0.240041876459,"BASIC_EPS":-0.015397066,"DILUTED_EPS":-0.015397066,"OPERATE_INCOME":857078139.88,"OPERATE_INCOME_YOY":-43.1389471843,"GROSS_PROFIT":46689989.18,"GROSS_PROFIT_YOY":-27.3708717115,"HOLDER_PROFIT":-16307982.24,"HOLDER_PROFIT_YOY":-371.7468121063,"GROSS_PROFIT_RATIO":5.447576715297,"EPS_TTM":-0.047254565737,"OPERATE_INCOME_QOQ":-22.524117635212,"NET_PROFIT_RATIO":-1.9282362635,"ROE_AVG":-5.985037406484,"GROSS_PROFIT_QOQ":-17.147054059545,"ROA":-1.737217387888,"HOLDER_PROFIT_QOQ":-75.612982039721,"ROE_YEARLY":-11.970074812968,"ROIC_YEARLY":-4.009625095067,"TOTAL_ASSETS":943117313.48,"TOTAL_LIABILITIES":647030812.32,"TAX_EBT":-0.980226466115,"OCF_SALES":-5.333119622722,"TOTAL_PARENT_EQUITY":267291221.8,"DEBT_ASSET_RATIO":68.6055491795,"OPERATE_PROFIT":-3118136.36,"PRETAX_PROFIT":-16366066.98,"NETCASH_OPERATE":-45709002.46,"NETCASH_INVEST":-2607359.44,"NETCASH_FINANCE":58245164.52,"END_CASH":91732400.1,"DIVI_RATIO":null,"DIVIDEND_RATE":null,"CURRENT_RATIO":1.243514635705,"COMMON_ACS":2000000000,"CURRENTDEBT_DEBT":96.537823603844,"ISSUED_COMMON_SHARES":1075110000,"HK_COMMON_SHARES":1075110000,"PER_SHARES":5000,"TOTAL_MARKET_CAP":634314900,"HKSK_MARKET_CAP":634314900,"PE_TTM":147.5494068388,"PB_TTM":2.257573352505,"REPORT_DATE_SQ":"2022-06-30 00:00:00","REPORT_TYPE_SQ":"2022年中报","OPERATE_INCOME_SQ":1398127040.87,"DPS_HKD":null,"OPERATE_INCOME_QOQ_SQ":9.882464193393,"NET_PROFIT_RATIO_SQ":0.5246279069,"HOLDER_PROFIT_SQ":5566431.71,"HOLDER_PROFIT_QOQ_SQ":-300.148560365355,"ROE_AVG_SQ":1.991920922973,"PE_TTM_SQ":-7.885242033826,"PB_TTM_SQ":1.593978957522,"ROA_SQ":0.564012469103,"START_DATE":"2023-01-01 00:00:00","FISCAL_YEAR":"12-31","CURRENCY":"HKD","IS_CNY_CODE":0,"DPS_HKD_LY":null,"ORG_TYPE":"一般企业","PREMIUM_INCOME":null,"PREMIUM_INCOME_YOY":null,"NET_INTEREST_INCOME":null,"NET_INTEREST_INCOME_YOY":null,"FEE_COMMISSION_INCOME":null,"FEE_COMMISSION_INCOME_YOY":null,"ACCOUNTS_RECE_TDAYS":1.867291771495,"INVENTORY_TDAYS":4.957082029157,"CURRENT_ASSETS_TDAYS":1.114792551708,"TOTAL_ASSETS_TDAYS":0.913007523228,"PREMIUM_EXPENSE":null,"LOAN_DEPOSIT":null,"LOAN_EQUITY":null,"LOAN_ASSETS":null,"DEPOSIT_EQUITY":null,"DEPOSIT_ASSETS":null,"EQUITY_MULTIPLIER":3.18527629522,"EQUITY_RATIO":2.420696078093},{"SECUCODE":"06036.HK","SECURITY_CODE":"06036","SECURITY_NAME_ABBR":"光丽科技","ORG_CODE":"10472109","STD_REPORT_DATE":"2022-12-31 00:00:00","REPORT_DATE":"2022-12-31 00:00:00","DATE_TYPE_CODE":"001","REPORT_TYPE":"2022年年报","PER_NETCASH_OPERATE":0.023122109207,"PER_OI":2.234270909377,"BPS":0.250226271061,"BASIC_EPS":-0.027959351,"DILUTED_EPS":-0.027959351,"OPERATE_INCOME":2402086997.38,"OPERATE_INCOME_YOY":1.8557630393,"GROSS_PROFIT":102615284.52,"GROSS_PROFIT_YOY":-44.483695089049,"HOLDER_PROFIT":-28929442.22,"HOLDER_PROFIT_YOY":-580.861172977,"GROSS_PROFIT_RATIO":4.271922067432,"EPS_TTM":-0.026908355629,"OPERATE_INCOME_QOQ":1.274260869459,"NET_PROFIT_RATIO":-1.2285178577,"ROE_AVG":-10.515071624307,"GROSS_PROFIT_QOQ":-22.109436373856,"ROA":-3.073330135309,"HOLDER_PROFIT_QOQ":-162.487790214893,"ROE_YEARLY":-10.515071624307,"ROIC_YEARLY":-3.603766005579,"TOTAL_ASSETS":905270189.18,"TOTAL_LIABILITIES":599280550.68,"TAX_EBT":2.453716006732,"OCF_SALES":1.03488386795,"TOTAL_PARENT_EQUITY":269020766.28,"DEBT_ASSET_RATIO":66.1990815386,"OPERATE_PROFIT":-12415559.73,"PRETAX_PROFIT":-30252375.09,"NETCASH_OPERATE":24858810.83,"NETCASH_INVEST":-13541973.2,"NETCASH_FINANCE":-57573038.04,"END_CASH":79961957.32,"DIVI_RATIO":null,"DIVIDEND_RATE":null,"CURRENT_RATIO":1.279485291268,"COMMON_ACS":2000000000,"CURRENTDEBT_DEBT":96.14553335599,"ISSUED_COMMON_SHARES":1075110000,"HK_COMMON_SHARES":1075110000,"PER_SHARES":5000,"TOTAL_MARKET_CAP":634314900,"HKSK_MARKET_CAP":634314900,"PE_TTM":147.5494068388,"PB_TTM":2.257573352505,"REPORT_DATE_SQ":"2021-12-31 00:00:00","REPORT_TYPE_SQ":"2021年年报","OPERATE_INCOME_SQ":2158545760,"DPS_HKD":null,"OPERATE_INCOME_QOQ_SQ":7.691918980022,"NET_PROFIT_RATIO_SQ":0.629521609,"HOLDER_PROFIT_SQ":5506536,"HOLDER_PROFIT_QOQ_SQ":-67.440700084195,"ROE_AVG_SQ":2.251597179737,"PE_TTM_SQ":-7.885242033826,"PB_TTM_SQ":1.593978957522,"ROA_SQ":0.634585324166,"START_DATE":"2022-01-01 00:00:00","FISCAL_YEAR":"12-31","CURRENCY":"HKD","IS_CNY_CODE":0,"DPS_HKD_LY":null,"ORG_TYPE":"一般企业","PREMIUM_INCOME":null,"PREMIUM_INCOME_YOY":null,"NET_INTEREST_INCOME":null,"NET_INTEREST_INCOME_YOY":null,"FEE_COMMISSION_INCOME":null,"FEE_COMMISSION_INCOME_YOY":null,"ACCOUNTS_RECE_TDAYS":5.466093719192,"INVENTORY_TDAYS":12.061888083217,"CURRENT_ASSETS_TDAYS":3.031302258968,"TOTAL_ASSETS_TDAYS":2.551866123287,"PREMIUM_EXPENSE":null,"LOAN_DEPOSIT":null,"LOAN_EQUITY":null,"LOAN_ASSETS":null,"DEPOSIT_EQUITY":null,"DEPOSIT_ASSETS":null,"EQUITY_MULTIPLIER":2.958499489125,"EQUITY_RATIO":2.227636769335},{"SECUCODE":"06036.HK","SECURITY_CODE":"06036","SECURITY_NAME_ABBR":"光丽科技","ORG_CODE":"10472109","STD_REPORT_DATE":"2022-06-30 00:00:00","REPORT_DATE":"2022-06-30 00:00:00","DATE_TYPE_CODE":"002","REPORT_TYPE":"2022年中报","PER_NETCASH_OPERATE":-0.057556750491,"PER_OI":1.300450224507,"BPS":0.269426491503,"BASIC_EPS":0.005473216,"DILUTED_EPS":0.005387697,"OPERATE_INCOME":1398127040.87,"OPERATE_INCOME_YOY":14.8155119028,"GROSS_PROFIT":64285487.49,"GROSS_PROFIT_YOY":-45.233338156205,"HOLDER_PROFIT":5566431.71,"HOLDER_PROFIT_YOY":-75.4867623244,"GROSS_PROFIT_RATIO":4.597971830228,"EPS_TTM":-0.010251278967,"OPERATE_INCOME_QOQ":9.882464193393,"NET_PROFIT_RATIO":0.5246279069,"ROE_AVG":1.991920922973,"GROSS_PROFIT_QOQ":-28.725249469992,"ROA":0.564012469103,"HOLDER_PROFIT_QOQ":-300.148560365355,"ROE_YEARLY":3.983841845947,"ROIC_YEARLY":1.320113271357,"TOTAL_ASSETS":1038190397.72,"TOTAL_LIABILITIES":708016932.14,"TAX_EBT":33.671023122728,"OCF_SALES":-4.425909535481,"TOTAL_PARENT_EQUITY":298215015.28,"DEBT_ASSET_RATIO":68.19721447,"OPERATE_PROFIT":17777689.72,"PRETAX_PROFIT":11058461.89,"NETCASH_OPERATE":-61879838.02,"NETCASH_INVEST":-6472077.92,"NETCASH_FINANCE":49179411.33,"END_CASH":101954896.61,"DIVI_RATIO":null,"DIVIDEND_RATE":null,"CURRENT_RATIO":1.29124690021,"COMMON_ACS":2000000000,"CURRENTDEBT_DEBT":97.366488466082,"ISSUED_COMMON_SHARES":1075110000,"HK_COMMON_SHARES":1075110000,"PER_SHARES":5000,"TOTAL_MARKET_CAP":634314900,"HKSK_MARKET_CAP":634314900,"PE_TTM":147.5494068388,"PB_TTM":2.257573352505,"REPORT_DATE_SQ":"2021-06-30 00:00:00","REPORT_TYPE_SQ":"2021年中报","OPERATE_INCOME_SQ":1184809529.04,"DPS_HKD":null,"OPERATE_INCOME_QOQ_SQ":35.618165927334,"NET_PROFIT_RATIO_SQ":2.5441161082,"HOLDER_PROFIT_SQ":22094220.24,"HOLDER_PROFIT_QOQ_SQ":492.854216617438,"ROE_AVG_SQ":8.653131721306,"PE_TTM_SQ":-7.885242033826,"PB_TTM_SQ":1.593978957522,"ROA_SQ":2.481645607773,"START_DATE":"2022-01-01 00:00:00","FISCAL_YEAR":"12-31","CURRENCY":"HKD","IS_CNY_CODE":0,"DPS_HKD_LY":null,"ORG_TYPE":"一般企业","PREMIUM_INCOME":null,"PREMIUM_INCOME_YOY":null,"NET_INTEREST_INCOME":null,"NET_INTEREST_INCOME_YOY":null,"FEE_COMMISSION_INCOME":null,"FEE_COMMISSION_INCOME_YOY":null,"ACCOUNTS_RECE_TDAYS":3.063679830894,"INVENTORY_TDAYS":5.934611674774,"CURRENT_ASSETS_TDAYS":1.643257722529,"TOTAL_ASSETS_TDAYS":1.41663659149,"PREMIUM_EXPENSE":null,"LOAN_DEPOSIT":null,"LOAN_EQUITY":null,"LOAN_ASSETS":null,"DEPOSIT_EQUITY":null,"DEPOSIT_ASSETS":null,"EQUITY_MULTIPLIER":3.144378655312,"EQUITY_RATIO":2.374182706646},{"SECUCODE":"06036.HK","SECURITY_CODE":"06036","SECURITY_NAME_ABBR":"光丽科技","ORG_CODE":"10472109","STD_REPORT_DATE":"2021-12-31 00:00:00","REPORT_DATE":"2021-12-31 00:00:00","DATE_TYPE_CODE":"001","REPORT_TYPE":"2021年年报","PER_NETCASH_OPERATE":0.002894460304,"PER_OI":2.138126650488,"BPS":0.231815695882,"BASIC_EPS":0.00547792,"DILUTED_EPS":0.00547792,"OPERATE_INCOME":2158545760,"OPERATE_INCOME_YOY":50.3441269494,"GROSS_PROFIT":184838102.4,"GROSS_PROFIT_YOY":57.96799502473,"HOLDER_PROFIT":5506536,"HOLDER_PROFIT_YOY":231.6715542522,"GROSS_PROFIT_RATIO":8.563084731639,"EPS_TTM":0.00545444604,"OPERATE_INCOME_QOQ":7.691918980022,"NET_PROFIT_RATIO":0.629521609,"ROE_AVG":2.251597179737,"GROSS_PROFIT_QOQ":1.945079131328,"ROA":0.634585324166,"HOLDER_PROFIT_QOQ":-67.440700084195,"ROE_YEARLY":2.251597179737,"ROIC_YEARLY":0.74000173601,"TOTAL_ASSETS":894550059.2,"TOTAL_LIABILITIES":616283169.6,"TAX_EBT":28.073743887134,"OCF_SALES":0.135373660089,"TOTAL_PARENT_EQUITY":249227372.8,"DEBT_ASSET_RATIO":68.8930891303,"OPERATE_PROFIT":26728161.6,"PRETAX_PROFIT":18892283.2,"NETCASH_OPERATE":2922102.4,"NETCASH_INVEST":-1506836.8,"NETCASH_FINANCE":37742868.8,"END_CASH":117524276.8,"DIVI_RATIO":null,"DIVIDEND_RATE":null,"CURRENT_RATIO":1.266012658566,"COMMON_ACS":2000000000,"CURRENTDEBT_DEBT":99.437627608385,"ISSUED_COMMON_SHARES":1075110000,"HK_COMMON_SHARES":1075110000,"PER_SHARES":5000,"TOTAL_MARKET_CAP":634314900,"HKSK_MARKET_CAP":634314900,"PE_TTM":147.5494068388,"PB_TTM":2.257573352505,"REPORT_DATE_SQ":"2020-12-31 00:00:00","REPORT_TYPE_SQ":"2020年年报","OPERATE_INCOME_SQ":1477951822.32,"DPS_HKD":null,"OPERATE_INCOME_QOQ_SQ":-13.151679004601,"NET_PROFIT_RATIO_SQ":0.0068905115,"HOLDER_PROFIT_SQ":-4304988.6,"HOLDER_PROFIT_QOQ_SQ":53.928225194483,"ROE_AVG_SQ":-1.741911096127,"PE_TTM_SQ":-7.885242033826,"PB_TTM_SQ":1.593978957522,"ROA_SQ":-0.520866481504,"START_DATE":"2021-01-01 00:00:00","FISCAL_YEAR":"12-31","CURRENCY":"HKD","IS_CNY_CODE":0,"DPS_HKD_LY":null,"ORG_TYPE":"一般企业","PREMIUM_INCOME":null,"PREMIUM_INCOME_YOY":null,"NET_INTEREST_INCOME":null,"NET_INTEREST_INCOME_YOY":null,"FEE_COMMISSION_INCOME":null,"FEE_COMMISSION_INCOME_YOY":null,"ACCOUNTS_RECE_TDAYS":5.366198700372,"INVENTORY_TDAYS":10.034818032548,"CURRENT_ASSETS_TDAYS":2.883284898166,"TOTAL_ASSETS_TDAYS":2.487555626327,"PREMIUM_EXPENSE":null,"LOAN_DEPOSIT":null,"LOAN_EQUITY":null,"LOAN_ASSETS":null,"DEPOSIT_EQUITY":null,"DEPOSIT_ASSETS":null,"EQUITY_MULTIPLIER":3.214719726394,"EQUITY_RATIO":2.472774810713},{"SECUCODE":"06036.HK","SECURITY_CODE":"06036","SECURITY_NAME_ABBR":"光丽科技","ORG_CODE":"10472109","STD_REPORT_DATE":"2021-06-30 00:00:00","REPORT_DATE":"2021-06-30 00:00:00","DATE_TYPE_CODE":"002","REPORT_TYPE":"2021年中报","PER_NETCASH_OPERATE":0.06093238632,"PER_OI":1.18480952904,"BPS":0.247900416218,"BASIC_EPS":0.022133328,"DILUTED_EPS":null,"OPERATE_INCOME":1184809529.04,"OPERATE_INCOME_YOY":97.5514060443,"GROSS_PROFIT":117380693.52,"GROSS_PROFIT_YOY":121.143023864215,"HOLDER_PROFIT":22094220.24,"HOLDER_PROFIT_YOY":2665.9375,"GROSS_PROFIT_RATIO":9.907136180371,"EPS_TTM":0.01691232924,"OPERATE_INCOME_QOQ":35.618165927334,"NET_PROFIT_RATIO":2.5441161082,"ROE_AVG":8.653131721306,"GROSS_PROFIT_QOQ":54.954016781165,"ROA":2.481645607773,"HOLDER_PROFIT_QOQ":492.854216617438,"ROE_YEARLY":17.306263442612,"ROIC_YEARLY":5.811419407401,"TOTAL_ASSETS":924792017.76,"TOTAL_LIABILITIES":626866605.84,"TAX_EBT":21.282051282051,"OCF_SALES":5.142800157032,"TOTAL_PARENT_EQUITY":266520216.48,"DEBT_ASSET_RATIO":67.7846038678,"OPERATE_PROFIT":41997573.84,"PRETAX_PROFIT":38292321.6,"NETCASH_OPERATE":60932386.32,"NETCASH_INVEST":-28930589.52,"NETCASH_FINANCE":5093993.76,"END_CASH":116274859.2,"DIVI_RATIO":null,"DIVIDEND_RATE":null,"CURRENT_RATIO":1.294133639319,"COMMON_ACS":2000000000,"CURRENTDEBT_DEBT":99.600463515417,"ISSUED_COMMON_SHARES":1075110000,"HK_COMMON_SHARES":1075110000,"PER_SHARES":5000,"TOTAL_MARKET_CAP":634314900,"HKSK_MARKET_CAP":634314900,"PE_TTM":147.5494068388,"PB_TTM":2.257573352505,"REPORT_DATE_SQ":"2020-06-30 00:00:00","REPORT_TYPE_SQ":"2020年中报","OPERATE_INCOME_SQ":658390196.64,"DPS_HKD":null,"OPERATE_INCOME_QOQ_SQ":-1.914943592296,"NET_PROFIT_RATIO_SQ":0.4425754841,"HOLDER_PROFIT_SQ":876902.4,"HOLDER_PROFIT_QOQ_SQ":38.585608943615,"ROE_AVG_SQ":0.326651162079,"PE_TTM_SQ":-7.885242033826,"PB_TTM_SQ":1.593978957522,"ROA_SQ":0.115277789452,"START_DATE":"2021-01-01 00:00:00","FISCAL_YEAR":"12-31","CURRENCY":"HKD","IS_CNY_CODE":0,"DPS_HKD_LY":null,"ORG_TYPE":"一般企业","PREMIUM_INCOME":null,"PREMIUM_INCOME_YOY":null,"NET_INTEREST_INCOME":null,"NET_INTEREST_INCOME_YOY":null,"FEE_COMMISSION_INCOME":null,"FEE_COMMISSION_INCOME_YOY":null,"ACCOUNTS_RECE_TDAYS":2.807814641361,"INVENTORY_TDAYS":5.956949652314,"CURRENT_ASSETS_TDAYS":1.536485947686,"TOTAL_ASSETS_TDAYS":1.33079028445,"PREMIUM_EXPENSE":null,"LOAN_DEPOSIT":null,"LOAN_EQUITY":null,"LOAN_ASSETS":null,"DEPOSIT_EQUITY":null,"DEPOSIT_ASSETS":null,"EQUITY_MULTIPLIER":3.104105862602,"EQUITY_RATIO":2.35204148533},{"SECUCODE":"06036.HK","SECURITY_CODE":"06036","SECURITY_NAME_ABBR":"光丽科技","ORG_CODE":"10472109","STD_REPORT_DATE":"2020-12-31 00:00:00","REPORT_DATE":"2020-12-31 00:00:00","DATE_TYPE_CODE":"001","REPORT_TYPE":"2020年年报","PER_NETCASH_OPERATE":-0.1930469668,"PER_OI":1.47795182232,"BPS":0.229696458,"BASIC_EPS":-0.004292364,"DILUTED_EPS":null,"OPERATE_INCOME":1477951822.32,"OPERATE_INCOME_YOY":-9.3350832592,"GROSS_PROFIT":117009842.64,"GROSS_PROFIT_YOY":-15.079239786219,"HOLDER_PROFIT":-4304988.6,"HOLDER_PROFIT_YOY":69.8851928172,"GROSS_PROFIT_RATIO":7.917026852494,"EPS_TTM":-0.0043049886,"OPERATE_INCOME_QOQ":-13.151679004601,"NET_PROFIT_RATIO":0.0068905115,"ROE_AVG":-1.741911096127,"GROSS_PROFIT_QOQ":-19.344558900162,"ROA":-0.520866481504,"HOLDER_PROFIT_QOQ":53.928225194483,"ROE_YEARLY":-1.741911096127,"ROIC_YEARLY":-0.638072136456,"TOTAL_ASSETS":865651147.56,"TOTAL_LIABILITIES":595068937.4,"TAX_EBT":93.167701863354,"OCF_SALES":-13.061790234608,"TOTAL_PARENT_EQUITY":246948958.96,"DEBT_ASSET_RATIO":68.7423495108,"OPERATE_PROFIT":7074825.84,"PRETAX_PROFIT":1490544.44,"NETCASH_OPERATE":-193046966.8,"NETCASH_INVEST":-7431681.2,"NETCASH_FINANCE":101843489.84,"END_CASH":79988623.96,"DIVI_RATIO":null,"DIVIDEND_RATE":null,"CURRENT_RATIO":1.253358540736,"COMMON_ACS":2000000000,"CURRENTDEBT_DEBT":99.574419936778,"ISSUED_COMMON_SHARES":1075110000,"HK_COMMON_SHARES":1075110000,"PER_SHARES":5000,"TOTAL_MARKET_CAP":634314900,"HKSK_MARKET_CAP":634314900,"PE_TTM":147.5494068388,"PB_TTM":2.257573352505,"REPORT_DATE_SQ":"2019-12-31 00:00:00","REPORT_TYPE_SQ":"2019年年报","OPERATE_INCOME_SQ":1734986118.32,"DPS_HKD":null,"OPERATE_INCOME_QOQ_SQ":-20.674193154794,"NET_PROFIT_RATIO_SQ":-0.4704560615,"HOLDER_PROFIT_SQ":-15214823.3,"HOLDER_PROFIT_QOQ_SQ":-339.900805683274,"ROE_AVG_SQ":-5.773204987016,"PE_TTM_SQ":-7.885242033826,"PB_TTM_SQ":1.593978957522,"ROA_SQ":-1.789859814512,"START_DATE":"2020-01-01 00:00:00","FISCAL_YEAR":"12-31","CURRENCY":"HKD","IS_CNY_CODE":0,"DPS_HKD_LY":null,"ORG_TYPE":"一般企业","PREMIUM_INCOME":null,"PREMIUM_INCOME_YOY":null,"NET_INTEREST_INCOME":null,"NET_INTEREST_INCOME_YOY":null,"FEE_COMMISSION_INCOME":null,"FEE_COMMISSION_INCOME_YOY":null,"ACCOUNTS_RECE_TDAYS":3.564803001191,"INVENTORY_TDAYS":10.192868826883,"CURRENT_ASSETS_TDAYS":2.088480187816,"TOTAL_ASSETS_TDAYS":1.788194202242,"PREMIUM_EXPENSE":null,"LOAN_DEPOSIT":null,"LOAN_EQUITY":null,"LOAN_ASSETS":null,"DEPOSIT_EQUITY":null,"DEPOSIT_ASSETS":null,"EQUITY_MULTIPLIER":3.19921678165,"EQUITY_RATIO":2.409683927829},{"SECUCODE":"06036.HK","SECURITY_CODE":"06036","SECURITY_NAME_ABBR":"光丽科技","ORG_CODE":"10472109","STD_REPORT_DATE":"2020-06-30 00:00:00","REPORT_DATE":"2020-06-30 00:00:00","DATE_TYPE_CODE":"002","REPORT_TYPE":"2020年中报","PER_NETCASH_OPERATE":0.04401593328,"PER_OI":0.65839019664,"BPS":0.249714042135,"BASIC_EPS":0.00091344,"DILUTED_EPS":null,"OPERATE_INCOME":658390196.64,"OPERATE_INCOME_YOY":-8.3242922863,"GROSS_PROFIT":53079084.96,"GROSS_PROFIT_YOY":15.912279535417,"HOLDER_PROFIT":876902.4,"HOLDER_PROFIT_YOY":116.9103399683,"GROSS_PROFIT_RATIO":8.061949468701,"EPS_TTM":-0.00934409108,"OPERATE_INCOME_QOQ":-1.914943592296,"NET_PROFIT_RATIO":0.4425754841,"ROE_AVG":0.326651162079,"GROSS_PROFIT_QOQ":5.288321600849,"ROA":0.115277789452,"HOLDER_PROFIT_QOQ":38.585608943615,"ROE_YEARLY":0.653302324157,"ROIC_YEARLY":0.30443258602,"TOTAL_ASSETS":666844083.84,"TOTAL_LIABILITIES":372731932.32,"TAX_EBT":27.119031299977,"OCF_SALES":6.685387100936,"TOTAL_PARENT_EQUITY":268470063.84,"DEBT_ASSET_RATIO":55.8949147713,"OPERATE_PROFIT":6734793.12,"PRETAX_PROFIT":3998126.88,"NETCASH_OPERATE":44015933.28,"NETCASH_INVEST":-7249059.84,"NETCASH_FINANCE":-103657171.2,"END_CASH":126473075.52,"DIVI_RATIO":null,"DIVIDEND_RATE":null,"CURRENT_RATIO":1.418558242105,"COMMON_ACS":2000000000,"CURRENTDEBT_DEBT":99.348368961875,"ISSUED_COMMON_SHARES":1075110000,"HK_COMMON_SHARES":1075110000,"PER_SHARES":5000,"TOTAL_MARKET_CAP":634314900,"HKSK_MARKET_CAP":634314900,"PE_TTM":147.5494068388,"PB_TTM":2.257573352505,"REPORT_DATE_SQ":"2019-06-30 00:00:00","REPORT_TYPE_SQ":"2019年中报","OPERATE_INCOME_SQ":691614202.14,"DPS_HKD":null,"OPERATE_INCOME_QOQ_SQ":-32.854901870347,"NET_PROFIT_RATIO_SQ":-0.2195289159,"HOLDER_PROFIT_SQ":-4993829.82,"HOLDER_PROFIT_QOQ_SQ":-117.455468871739,"ROE_AVG_SQ":-1.892762359468,"PE_TTM_SQ":-7.885242033826,"PB_TTM_SQ":1.593978957522,"ROA_SQ":-0.65319582125,"START_DATE":"2020-01-01 00:00:00","FISCAL_YEAR":"12-31","CURRENCY":"HKD","IS_CNY_CODE":0,"DPS_HKD_LY":null,"ORG_TYPE":"一般企业","PREMIUM_INCOME":null,"PREMIUM_INCOME_YOY":null,"NET_INTEREST_INCOME":null,"NET_INTEREST_INCOME_YOY":null,"FEE_COMMISSION_INCOME":null,"FEE_COMMISSION_INCOME_YOY":null,"ACCOUNTS_RECE_TDAYS":1.831899476695,"INVENTORY_TDAYS":6.842886793817,"CURRENT_ASSETS_TDAYS":1.048927469585,"TOTAL_ASSETS_TDAYS":0.865521253742,"PREMIUM_EXPENSE":null,"LOAN_DEPOSIT":null,"LOAN_EQUITY":null,"LOAN_ASSETS":null,"DEPOSIT_EQUITY":null,"DEPOSIT_ASSETS":null,"EQUITY_MULTIPLIER":2.267312249403,"EQUITY_RATIO":1.388355658686}],"count":20},"success":true,"message":"ok","code":0}