{"version":"bb73cd003b25f3a4ecd2ff4fc7061b0c","result":{"pages":3,"data":[{"SECUCODE":"06038.HK","SECURITY_CODE":"06038","SECURITY_NAME_ABBR":"信越控股","ORG_CODE":"10654270","STD_REPORT_DATE":"2024-06-30 00:00:00","REPORT_DATE":"2024-06-30 00:00:00","DATE_TYPE_CODE":"002","REPORT_TYPE":"2024年中报","PER_NETCASH_OPERATE":0.051372669251,"PER_OI":0.178691985135,"BPS":0.295088643948,"BASIC_EPS":0.02829308,"DILUTED_EPS":0.02829308,"OPERATE_INCOME":178870677.12,"OPERATE_INCOME_YOY":-19.9679845803,"GROSS_PROFIT":45978080.36,"GROSS_PROFIT_YOY":6.461824582397,"HOLDER_PROFIT":27921619.24,"HOLDER_PROFIT_YOY":29.7028023911,"GROSS_PROFIT_RATIO":25.704649359131,"EPS_TTM":0.057774361279,"OPERATE_INCOME_QOQ":-10.422154302887,"NET_PROFIT_RATIO":15.6099477508,"ROE_AVG":9.592417121052,"GROSS_PROFIT_QOQ":2.880502433547,"ROA":6.29194303049,"HOLDER_PROFIT_QOQ":11.953551427578,"ROE_YEARLY":19.184834242104,"ROIC_YEARLY":29.451248715425,"TOTAL_ASSETS":445032807.48,"TOTAL_LIABILITIES":149058897.6,"TAX_EBT":16.531157917713,"OCF_SALES":28.749285655972,"TOTAL_PARENT_EQUITY":295973909.88,"DEBT_ASSET_RATIO":33.4939121554,"OPERATE_PROFIT":33739954.24,"PRETAX_PROFIT":33451547.36,"NETCASH_OPERATE":51424041.92,"NETCASH_INVEST":-39880465.28,"NETCASH_FINANCE":-1514136.12,"END_CASH":61071982.2,"DIVI_RATIO":0.945602838194,"DIVIDEND_RATE":24.691358024691,"CURRENT_RATIO":2.781749613601,"COMMON_ACS":10000000000,"CURRENTDEBT_DEBT":99.038697036493,"ISSUED_COMMON_SHARES":1003000000,"HK_COMMON_SHARES":1003000000,"PER_SHARES":10000,"TOTAL_MARKET_CAP":243729000,"HKSK_MARKET_CAP":243729000,"PE_TTM":3.807730162946,"PB_TTM":0.751574974329,"REPORT_DATE_SQ":"2023-06-30 00:00:00","REPORT_TYPE_SQ":"2023年中报","OPERATE_INCOME_SQ":225776306.36,"DPS_HKD":0.06,"OPERATE_INCOME_QOQ_SQ":21.202768753471,"NET_PROFIT_RATIO_SQ":9.6319860178,"HOLDER_PROFIT_SQ":21746742.26,"HOLDER_PROFIT_QOQ_SQ":10.605393693824,"ROE_AVG_SQ":8.066054995674,"PE_TTM_SQ":3.752426137589,"PB_TTM_SQ":0.589357025034,"ROA_SQ":5.48253107124,"START_DATE":"2024-01-01 00:00:00","FISCAL_YEAR":"12-31","CURRENCY":"HKD","IS_CNY_CODE":0,"DPS_HKD_LY":0.06,"ORG_TYPE":"一般企业","PREMIUM_INCOME":null,"PREMIUM_INCOME_YOY":null,"NET_INTEREST_INCOME":null,"NET_INTEREST_INCOME_YOY":null,"FEE_COMMISSION_INCOME":null,"FEE_COMMISSION_INCOME_YOY":null,"ACCOUNTS_RECE_TDAYS":2.205474750317,"INVENTORY_TDAYS":193.884154460719,"CURRENT_ASSETS_TDAYS":0.437488210851,"TOTAL_ASSETS_TDAYS":0.40307265155,"PREMIUM_EXPENSE":null,"LOAN_DEPOSIT":null,"LOAN_EQUITY":null,"LOAN_ASSETS":null,"DEPOSIT_EQUITY":null,"DEPOSIT_ASSETS":null,"EQUITY_MULTIPLIER":1.503621747135,"EQUITY_RATIO":0.503621747135},{"SECUCODE":"06038.HK","SECURITY_CODE":"06038","SECURITY_NAME_ABBR":"信越控股","ORG_CODE":"10654270","STD_REPORT_DATE":"2023-12-31 00:00:00","REPORT_DATE":"2023-12-31 00:00:00","DATE_TYPE_CODE":"001","REPORT_TYPE":"2023年年报","PER_NETCASH_OPERATE":0.12082359394,"PER_OI":0.45005694482,"BPS":0.283310754477,"BASIC_EPS":0.05165454,"DILUTED_EPS":0.05165454,"OPERATE_INCOME":450056944.82,"OPERATE_INCOME_YOY":29.7411608575,"GROSS_PROFIT":96882167.76,"GROSS_PROFIT_YOY":11.19551043582,"HOLDER_PROFIT":51657258.66,"HOLDER_PROFIT_YOY":31.331213713,"GROSS_PROFIT_RATIO":21.526646544416,"EPS_TTM":0.05165725866,"OPERATE_INCOME_QOQ":8.596576036937,"NET_PROFIT_RATIO":11.4779383486,"ROE_AVG":18.900950966219,"GROSS_PROFIT_QOQ":5.991360116364,"ROA":12.831057628675,"HOLDER_PROFIT_QOQ":20.459913212002,"ROE_YEARLY":18.900950966219,"ROIC_YEARLY":24.742872149022,"TOTAL_ASSETS":439370798.58,"TOTAL_LIABILITIES":155210111.84,"TAX_EBT":15.932218387753,"OCF_SALES":26.846290304069,"TOTAL_PARENT_EQUITY":284160686.74,"DEBT_ASSET_RATIO":35.3255410559,"OPERATE_PROFIT":62093288.18,"PRETAX_PROFIT":61447153.32,"NETCASH_OPERATE":120823593.94,"NETCASH_INVEST":-72029990.48,"NETCASH_FINANCE":-33238337.16,"END_CASH":50693040.58,"DIVI_RATIO":1.057578381377,"DIVIDEND_RATE":25,"CURRENT_RATIO":2.645363527444,"COMMON_ACS":10000000000,"CURRENTDEBT_DEBT":98.438740716521,"ISSUED_COMMON_SHARES":1003000000,"HK_COMMON_SHARES":1003000000,"PER_SHARES":10000,"TOTAL_MARKET_CAP":240720000,"HKSK_MARKET_CAP":240720000,"PE_TTM":3.760721148588,"PB_TTM":0.742296270942,"REPORT_DATE_SQ":"2022-12-31 00:00:00","REPORT_TYPE_SQ":"2022年年报","OPERATE_INCOME_SQ":341931250.22,"DPS_HKD":0.06,"OPERATE_INCOME_QOQ_SQ":-2.615031530108,"NET_PROFIT_RATIO_SQ":11.3389726897,"HOLDER_PROFIT_SQ":38771491.08,"HOLDER_PROFIT_QOQ_SQ":24.274465500783,"ROE_AVG_SQ":15.872098763626,"PE_TTM_SQ":3.98964847962,"PB_TTM_SQ":0.626615227766,"ROA_SQ":10.688455315785,"START_DATE":"2023-01-01 00:00:00","FISCAL_YEAR":"12-31","CURRENCY":"HKD","IS_CNY_CODE":0,"DPS_HKD_LY":0.033,"ORG_TYPE":"一般企业","PREMIUM_INCOME":null,"PREMIUM_INCOME_YOY":null,"NET_INTEREST_INCOME":null,"NET_INTEREST_INCOME_YOY":null,"FEE_COMMISSION_INCOME":null,"FEE_COMMISSION_INCOME_YOY":null,"ACCOUNTS_RECE_TDAYS":4.99292227573,"INVENTORY_TDAYS":415.482942430704,"CURRENT_ASSETS_TDAYS":1.185360305797,"TOTAL_ASSETS_TDAYS":1.117888704311,"PREMIUM_EXPENSE":null,"LOAN_DEPOSIT":null,"LOAN_EQUITY":null,"LOAN_ASSETS":null,"DEPOSIT_EQUITY":null,"DEPOSIT_ASSETS":null,"EQUITY_MULTIPLIER":1.546205436159,"EQUITY_RATIO":0.546205436159},{"SECUCODE":"06038.HK","SECURITY_CODE":"06038","SECURITY_NAME_ABBR":"信越控股","ORG_CODE":"10654270","STD_REPORT_DATE":"2023-06-30 00:00:00","REPORT_DATE":"2023-06-30 00:00:00","DATE_TYPE_CODE":"002","REPORT_TYPE":"2023年中报","PER_NETCASH_OPERATE":-0.03477431966,"PER_OI":0.22577630636,"BPS":0.271388443928,"BASIC_EPS":0.02212752,"DILUTED_EPS":0.02212752,"OPERATE_INCOME":225776306.36,"OPERATE_INCOME_YOY":36.6285038386,"GROSS_PROFIT":43187387.16,"GROSS_PROFIT_YOY":10.994640713183,"HOLDER_PROFIT":21746742.26,"HOLDER_PROFIT_YOY":14.3833955676,"GROSS_PROFIT_RATIO":19.128396533841,"EPS_TTM":0.04288336035,"OPERATE_INCOME_QOQ":21.202768753471,"NET_PROFIT_RATIO":9.6319860178,"ROE_AVG":8.066054995674,"GROSS_PROFIT_QOQ":4.909975977044,"ROA":5.48253107124,"HOLDER_PROFIT_QOQ":10.605393693824,"ROE_YEARLY":16.132109991348,"ROIC_YEARLY":17.432982756964,"TOTAL_ASSETS":421128194.7,"TOTAL_LIABILITIES":148920975.54,"TAX_EBT":16.774284605342,"OCF_SALES":-15.402112037635,"TOTAL_PARENT_EQUITY":272202609.26,"DEBT_ASSET_RATIO":35.3623854717,"OPERATE_PROFIT":26576995.48,"PRETAX_PROFIT":26129835.18,"NETCASH_OPERATE":-34774319.66,"NETCASH_INVEST":49706707.74,"NETCASH_FINANCE":-1458572.36,"END_CASH":49266923.28,"DIVI_RATIO":1.273958000355,"DIVIDEND_RATE":25,"CURRENT_RATIO":2.839688933504,"COMMON_ACS":10000000000,"CURRENTDEBT_DEBT":97.443707707262,"ISSUED_COMMON_SHARES":1003000000,"HK_COMMON_SHARES":1003000000,"PER_SHARES":10000,"TOTAL_MARKET_CAP":240720000,"HKSK_MARKET_CAP":240720000,"PE_TTM":3.760721148588,"PB_TTM":0.742296270942,"REPORT_DATE_SQ":"2022-06-30 00:00:00","REPORT_TYPE_SQ":"2022年中报","OPERATE_INCOME_SQ":153277414.08,"DPS_HKD":0.06,"OPERATE_INCOME_QOQ_SQ":6.505886568953,"NET_PROFIT_RATIO_SQ":11.5051999643,"HOLDER_PROFIT_SQ":17634872.99,"HOLDER_PROFIT_QOQ_SQ":3.691199421158,"ROE_AVG_SQ":7.866407263294,"PE_TTM_SQ":3.98964847962,"PB_TTM_SQ":0.626615227766,"ROA_SQ":5.076975726733,"START_DATE":"2023-01-01 00:00:00","FISCAL_YEAR":"12-31","CURRENCY":"HKD","IS_CNY_CODE":0,"DPS_HKD_LY":0.033,"ORG_TYPE":"一般企业","PREMIUM_INCOME":null,"PREMIUM_INCOME_YOY":null,"NET_INTEREST_INCOME":null,"NET_INTEREST_INCOME_YOY":null,"FEE_COMMISSION_INCOME":null,"FEE_COMMISSION_INCOME_YOY":null,"ACCOUNTS_RECE_TDAYS":null,"INVENTORY_TDAYS":205.54229372081,"CURRENT_ASSETS_TDAYS":0.583825254384,"TOTAL_ASSETS_TDAYS":0.569200480683,"PREMIUM_EXPENSE":null,"LOAN_DEPOSIT":null,"LOAN_EQUITY":null,"LOAN_ASSETS":null,"DEPOSIT_EQUITY":null,"DEPOSIT_ASSETS":null,"EQUITY_MULTIPLIER":1.547086796593,"EQUITY_RATIO":0.547096061808},{"SECUCODE":"06038.HK","SECURITY_CODE":"06038","SECURITY_NAME_ABBR":"信越控股","ORG_CODE":"10654270","STD_REPORT_DATE":"2022-12-31 00:00:00","REPORT_DATE":"2022-12-31 00:00:00","DATE_TYPE_CODE":"001","REPORT_TYPE":"2022年年报","PER_NETCASH_OPERATE":0.1079159487,"PER_OI":0.34193125022,"BPS":0.257925255663,"BASIC_EPS":0.03841061,"DILUTED_EPS":0.03841061,"OPERATE_INCOME":341931250.22,"OPERATE_INCOME_YOY":-5.0655860083,"GROSS_PROFIT":87127769.26,"GROSS_PROFIT_YOY":14.756601746353,"HOLDER_PROFIT":38771491.08,"HOLDER_PROFIT_YOY":17.9456521739,"GROSS_PROFIT_RATIO":25.481078200352,"EPS_TTM":0.03877149108,"OPERATE_INCOME_QOQ":-2.615031530108,"NET_PROFIT_RATIO":11.3389726897,"ROE_AVG":15.872098763626,"GROSS_PROFIT_QOQ":8.129148472522,"ROA":10.688455315785,"HOLDER_PROFIT_QOQ":24.274465500783,"ROE_YEARLY":15.872098763626,"ROIC_YEARLY":15.927459675866,"TOTAL_ASSETS":360592553.79,"TOTAL_LIABILITIES":101893522.36,"TAX_EBT":16.214964095437,"OCF_SALES":31.560715386665,"TOTAL_PARENT_EQUITY":258699031.43,"DEBT_ASSET_RATIO":28.2572452728,"OPERATE_PROFIT":47061036.68,"PRETAX_PROFIT":46274959.08,"NETCASH_OPERATE":107915948.7,"NETCASH_INVEST":-124728183.37,"NETCASH_FINANCE":-27276892.72,"END_CASH":34682101.02,"DIVI_RATIO":1.409066261787,"DIVIDEND_RATE":25,"CURRENT_RATIO":3.612298504161,"COMMON_ACS":10000000000,"CURRENTDEBT_DEBT":95.119577795701,"ISSUED_COMMON_SHARES":1003000000,"HK_COMMON_SHARES":1003000000,"PER_SHARES":10000,"TOTAL_MARKET_CAP":240720000,"HKSK_MARKET_CAP":240720000,"PE_TTM":3.760721148588,"PB_TTM":0.742296270942,"REPORT_DATE_SQ":"2021-12-31 00:00:00","REPORT_TYPE_SQ":"2021年年报","OPERATE_INCOME_SQ":329665313.6,"DPS_HKD":0.06,"OPERATE_INCOME_QOQ_SQ":54.851651396668,"NET_PROFIT_RATIO_SQ":9.1267351337,"HOLDER_PROFIT_SQ":30087680,"HOLDER_PROFIT_QOQ_SQ":42.841286475578,"ROE_AVG_SQ":14.893177872299,"PE_TTM_SQ":3.98964847962,"PB_TTM_SQ":0.626615227766,"ROA_SQ":9.717095222252,"START_DATE":"2022-01-01 00:00:00","FISCAL_YEAR":"12-31","CURRENCY":"HKD","IS_CNY_CODE":0,"DPS_HKD_LY":0.011,"ORG_TYPE":"一般企业","PREMIUM_INCOME":null,"PREMIUM_INCOME_YOY":null,"NET_INTEREST_INCOME":null,"NET_INTEREST_INCOME_YOY":null,"FEE_COMMISSION_INCOME":null,"FEE_COMMISSION_INCOME_YOY":null,"ACCOUNTS_RECE_TDAYS":4.721672628593,"INVENTORY_TDAYS":183.380263580842,"CURRENT_ASSETS_TDAYS":0.978173013652,"TOTAL_ASSETS_TDAYS":0.94262995496,"PREMIUM_EXPENSE":null,"LOAN_DEPOSIT":null,"LOAN_EQUITY":null,"LOAN_ASSETS":null,"DEPOSIT_EQUITY":null,"DEPOSIT_ASSETS":null,"EQUITY_MULTIPLIER":1.393868975066,"EQUITY_RATIO":0.393868975066},{"SECUCODE":"06038.HK","SECURITY_CODE":"06038","SECURITY_NAME_ABBR":"信越控股","ORG_CODE":"10654270","STD_REPORT_DATE":"2022-06-30 00:00:00","REPORT_DATE":"2022-06-30 00:00:00","DATE_TYPE_CODE":"002","REPORT_TYPE":"2022年中报","PER_NETCASH_OPERATE":0.07009564835,"PER_OI":0.15327741408,"BPS":0.227624634826,"BASIC_EPS":0.01795899,"DILUTED_EPS":0.01795899,"OPERATE_INCOME":153277414.08,"OPERATE_INCOME_YOY":13.1272327909,"GROSS_PROFIT":38909434.62,"GROSS_PROFIT_YOY":13.584617229481,"HOLDER_PROFIT":17634872.99,"HOLDER_PROFIT_YOY":3.837051211,"GROSS_PROFIT_RATIO":25.384975897161,"EPS_TTM":0.03119827627,"OPERATE_INCOME_QOQ":6.505886568953,"NET_PROFIT_RATIO":11.5051999643,"ROE_AVG":7.866407263294,"GROSS_PROFIT_QOQ":6.129201392458,"ROA":5.076975726733,"HOLDER_PROFIT_QOQ":3.691199421158,"ROE_YEARLY":15.732814526589,"ROIC_YEARLY":14.466943199656,"TOTAL_ASSETS":345364205.55,"TOTAL_LIABILITIES":117056696.82,"TAX_EBT":16.171389080857,"OCF_SALES":45.731231030173,"TOTAL_PARENT_EQUITY":228307508.73,"DEBT_ASSET_RATIO":33.8936968391,"OPERATE_PROFIT":21492635.08,"PRETAX_PROFIT":21036818.81,"NETCASH_OPERATE":70095648.35,"NETCASH_INVEST":-98346.85,"NETCASH_FINANCE":-13956700.8,"END_CASH":131579533.4,"DIVI_RATIO":1.751109565388,"DIVIDEND_RATE":25,"CURRENT_RATIO":3.001905555427,"COMMON_ACS":10000000000,"CURRENTDEBT_DEBT":94.698198395652,"ISSUED_COMMON_SHARES":1003000000,"HK_COMMON_SHARES":1003000000,"PER_SHARES":10000,"TOTAL_MARKET_CAP":240720000,"HKSK_MARKET_CAP":240720000,"PE_TTM":3.760721148588,"PB_TTM":0.742296270942,"REPORT_DATE_SQ":"2021-06-30 00:00:00","REPORT_TYPE_SQ":"2021年中报","OPERATE_INCOME_SQ":131829762.72,"DPS_HKD":0.06,"OPERATE_INCOME_QOQ_SQ":3.923138939241,"NET_PROFIT_RATIO_SQ":12.5345569764,"HOLDER_PROFIT_SQ":16524276.72,"HOLDER_PROFIT_QOQ_SQ":7.41657469516,"ROE_AVG_SQ":8.229628985003,"PE_TTM_SQ":3.98964847962,"PB_TTM_SQ":0.626615227766,"ROA_SQ":5.722527029208,"START_DATE":"2022-01-01 00:00:00","FISCAL_YEAR":"12-31","CURRENCY":"HKD","IS_CNY_CODE":0,"DPS_HKD_LY":0.011,"ORG_TYPE":"一般企业","PREMIUM_INCOME":null,"PREMIUM_INCOME_YOY":null,"NET_INTEREST_INCOME":null,"NET_INTEREST_INCOME_YOY":null,"FEE_COMMISSION_INCOME":null,"FEE_COMMISSION_INCOME_YOY":null,"ACCOUNTS_RECE_TDAYS":null,"INVENTORY_TDAYS":87.038073543768,"CURRENT_ASSETS_TDAYS":0.45967118348,"TOTAL_ASSETS_TDAYS":0.441276617746,"PREMIUM_EXPENSE":null,"LOAN_DEPOSIT":null,"LOAN_EQUITY":null,"LOAN_ASSETS":null,"DEPOSIT_EQUITY":null,"DEPOSIT_ASSETS":null,"EQUITY_MULTIPLIER":1.512715054669,"EQUITY_RATIO":0.51271505467},{"SECUCODE":"06038.HK","SECURITY_CODE":"06038","SECURITY_NAME_ABBR":"信越控股","ORG_CODE":"10654270","STD_REPORT_DATE":"2021-12-31 00:00:00","REPORT_DATE":"2021-12-31 00:00:00","DATE_TYPE_CODE":"001","REPORT_TYPE":"2021年年报","PER_NETCASH_OPERATE":-0.0411522608,"PER_OI":0.3296653136,"BPS":0.209749859222,"BASIC_EPS":0.0302512,"DILUTED_EPS":0.0302512,"OPERATE_INCOME":329665313.6,"OPERATE_INCOME_YOY":65.6584455976,"GROSS_PROFIT":75923971.2,"GROSS_PROFIT_YOY":42.804427069828,"HOLDER_PROFIT":30087680,"HOLDER_PROFIT_YOY":57.9466929911,"GROSS_PROFIT_RATIO":23.030621684428,"EPS_TTM":0.03008768,"OPERATE_INCOME_QOQ":54.851651396668,"NET_PROFIT_RATIO":9.1267351337,"ROE_AVG":14.893177872299,"GROSS_PROFIT_QOQ":38.809597342933,"ROA":9.717095222252,"HOLDER_PROFIT_QOQ":42.841286475578,"ROE_YEARLY":14.893177872299,"ROIC_YEARLY":14.155152783334,"TOTAL_ASSETS":333980606.4,"TOTAL_LIABILITIES":123601497.6,"TAX_EBT":16.759030966545,"OCF_SALES":-12.483042377316,"TOTAL_PARENT_EQUITY":210379108.8,"DEBT_ASSET_RATIO":37.0085852985,"OPERATE_PROFIT":36800993.6,"PRETAX_PROFIT":36145278.4,"NETCASH_OPERATE":-41152260.8,"NETCASH_INVEST":-4141144,"NETCASH_FINANCE":-4467366.4,"END_CASH":72209614.4,"DIVI_RATIO":1.815746511529,"DIVIDEND_RATE":25,"CURRENT_RATIO":2.735117464229,"COMMON_ACS":10000000000,"CURRENTDEBT_DEBT":94.493835000265,"ISSUED_COMMON_SHARES":1003000000,"HK_COMMON_SHARES":1003000000,"PER_SHARES":10000,"TOTAL_MARKET_CAP":240720000,"HKSK_MARKET_CAP":240720000,"PE_TTM":3.760721148588,"PB_TTM":0.742296270942,"REPORT_DATE_SQ":"2020-12-31 00:00:00","REPORT_TYPE_SQ":"2020年年报","OPERATE_INCOME_SQ":204854334.36,"DPS_HKD":0.06,"OPERATE_INCOME_QOQ_SQ":-25.968253902098,"NET_PROFIT_RATIO_SQ":9.5723482841,"HOLDER_PROFIT_SQ":19609370.36,"HOLDER_PROFIT_QOQ_SQ":-12.224886706443,"ROE_AVG_SQ":10.032898986332,"PE_TTM_SQ":3.98964847962,"PB_TTM_SQ":0.626615227766,"ROA_SQ":7.270871886732,"START_DATE":"2021-01-01 00:00:00","FISCAL_YEAR":"12-31","CURRENCY":"HKD","IS_CNY_CODE":0,"DPS_HKD_LY":0.0165,"ORG_TYPE":"一般企业","PREMIUM_INCOME":null,"PREMIUM_INCOME_YOY":null,"NET_INTEREST_INCOME":null,"NET_INTEREST_INCOME_YOY":null,"FEE_COMMISSION_INCOME":null,"FEE_COMMISSION_INCOME_YOY":null,"ACCOUNTS_RECE_TDAYS":null,"INVENTORY_TDAYS":174.746058558559,"CURRENT_ASSETS_TDAYS":1.119610701542,"TOTAL_ASSETS_TDAYS":1.064684696103,"PREMIUM_EXPENSE":null,"LOAN_DEPOSIT":null,"LOAN_EQUITY":null,"LOAN_ASSETS":null,"DEPOSIT_EQUITY":null,"DEPOSIT_ASSETS":null,"EQUITY_MULTIPLIER":1.587517925639,"EQUITY_RATIO":0.587517925639},{"SECUCODE":"06038.HK","SECURITY_CODE":"06038","SECURITY_NAME_ABBR":"信越控股","ORG_CODE":"10654270","STD_REPORT_DATE":"2021-06-30 00:00:00","REPORT_DATE":"2021-06-30 00:00:00","DATE_TYPE_CODE":"002","REPORT_TYPE":"2021年中报","PER_NETCASH_OPERATE":-0.0062281188,"PER_OI":0.13182976272,"BPS":0.203871214277,"BASIC_EPS":0.0166416,"DILUTED_EPS":0.0166416,"OPERATE_INCOME":131829762.72,"OPERATE_INCOME_YOY":16.9047548774,"GROSS_PROFIT":34255901.52,"GROSS_PROFIT_YOY":4.675473003837,"HOLDER_PROFIT":16524276.72,"HOLDER_PROFIT_YOY":20.3721663232,"GROSS_PROFIT_RATIO":25.984952724794,"EPS_TTM":0.02106371396,"OPERATE_INCOME_QOQ":3.923138939241,"NET_PROFIT_RATIO":12.5345569764,"ROE_AVG":8.229628985003,"GROSS_PROFIT_QOQ":2.877920405623,"ROA":5.722527029208,"HOLDER_PROFIT_QOQ":7.41657469516,"ROE_YEARLY":16.459257970006,"ROIC_YEARLY":19.490818439675,"TOTAL_ASSETS":287171610,"TOTAL_LIABILITIES":82688782.08,"TAX_EBT":15.277303754266,"OCF_SALES":-4.724364719694,"TOTAL_PARENT_EQUITY":204482827.92,"DEBT_ASSET_RATIO":28.7942049982,"OPERATE_PROFIT":19751915.04,"PRETAX_PROFIT":19503955.2,"NETCASH_OPERATE":-6228118.8,"NETCASH_INVEST":-4915928.64,"NETCASH_FINANCE":1286395.68,"END_CASH":114287020.08,"DIVI_RATIO":2.593635676203,"DIVIDEND_RATE":25,"CURRENT_RATIO":3.59764096407,"COMMON_ACS":10000000000,"CURRENTDEBT_DEBT":90.516824987925,"ISSUED_COMMON_SHARES":1003000000,"HK_COMMON_SHARES":1003000000,"PER_SHARES":10000,"TOTAL_MARKET_CAP":240720000,"HKSK_MARKET_CAP":240720000,"PE_TTM":3.760721148588,"PB_TTM":0.742296270942,"REPORT_DATE_SQ":"2020-06-30 00:00:00","REPORT_TYPE_SQ":"2020年中报","OPERATE_INCOME_SQ":123793042.56,"DPS_HKD":0.06,"OPERATE_INCOME_QOQ_SQ":3.052354313407,"NET_PROFIT_RATIO_SQ":12.1734895664,"HOLDER_PROFIT_SQ":15069933.12,"HOLDER_PROFIT_QOQ_SQ":-5.409691722202,"ROE_AVG_SQ":7.20987654321,"PE_TTM_SQ":3.98964847962,"PB_TTM_SQ":0.626615227766,"ROA_SQ":5.63387977209,"START_DATE":"2021-01-01 00:00:00","FISCAL_YEAR":"12-31","CURRENCY":"HKD","IS_CNY_CODE":0,"DPS_HKD_LY":0.0165,"ORG_TYPE":"一般企业","PREMIUM_INCOME":null,"PREMIUM_INCOME_YOY":null,"NET_INTEREST_INCOME":null,"NET_INTEREST_INCOME_YOY":null,"FEE_COMMISSION_INCOME":null,"FEE_COMMISSION_INCOME_YOY":null,"ACCOUNTS_RECE_TDAYS":1.896311723131,"INVENTORY_TDAYS":98.583438419504,"CURRENT_ASSETS_TDAYS":0.485124807094,"TOTAL_ASSETS_TDAYS":0.456540030891,"PREMIUM_EXPENSE":null,"LOAN_DEPOSIT":null,"LOAN_EQUITY":null,"LOAN_ASSETS":null,"DEPOSIT_EQUITY":null,"DEPOSIT_ASSETS":null,"EQUITY_MULTIPLIER":1.404380078861,"EQUITY_RATIO":0.404380078861},{"SECUCODE":"06038.HK","SECURITY_CODE":"06038","SECURITY_NAME_ABBR":"信越控股","ORG_CODE":"10654270","STD_REPORT_DATE":"2020-12-31 00:00:00","REPORT_DATE":"2020-12-31 00:00:00","DATE_TYPE_CODE":"001","REPORT_TYPE":"2020年年报","PER_NETCASH_OPERATE":0.03403087176,"PER_OI":0.20485433436,"BPS":0.198765495234,"BASIC_EPS":0.01935772,"DILUTED_EPS":0.01935772,"OPERATE_INCOME":204854334.36,"OPERATE_INCOME_YOY":-18.8009581126,"GROSS_PROFIT":53166398.8,"GROSS_PROFIT_YOY":-14.542314527966,"HOLDER_PROFIT":19609370.36,"HOLDER_PROFIT_YOY":-11.6324053706,"GROSS_PROFIT_RATIO":25.953270144906,"EPS_TTM":0.01960937036,"OPERATE_INCOME_QOQ":-25.968253902098,"NET_PROFIT_RATIO":9.5723482841,"ROE_AVG":10.032898986332,"GROSS_PROFIT_QOQ":-14.92459874119,"ROA":7.270871886732,"HOLDER_PROFIT_QOQ":-12.224886706443,"ROE_YEARLY":10.032898986332,"ROIC_YEARLY":12.827656071926,"TOTAL_ASSETS":293681019.96,"TOTAL_LIABILITIES":94319228.24,"TAX_EBT":15.79689194073,"OCF_SALES":16.612229302503,"TOTAL_PARENT_EQUITY":199361791.72,"DEBT_ASSET_RATIO":32.1162151551,"OPERATE_PROFIT":20104254.68,"PRETAX_PROFIT":23288178.8,"NETCASH_OPERATE":34030871.76,"NETCASH_INVEST":-2460955.36,"NETCASH_FINANCE":-14157226.44,"END_CASH":125536497.48,"DIVI_RATIO":2.785994603449,"DIVIDEND_RATE":25,"CURRENT_RATIO":3.264905189324,"COMMON_ACS":10000000000,"CURRENTDEBT_DEBT":90.070137240555,"ISSUED_COMMON_SHARES":1003000000,"HK_COMMON_SHARES":1003000000,"PER_SHARES":10000,"TOTAL_MARKET_CAP":240720000,"HKSK_MARKET_CAP":240720000,"PE_TTM":3.760721148588,"PB_TTM":0.742296270942,"REPORT_DATE_SQ":"2019-12-31 00:00:00","REPORT_TYPE_SQ":"2019年年报","OPERATE_INCOME_SQ":268515429.68,"DPS_HKD":0.06,"OPERATE_INCOME_QOQ_SQ":-8.982832272317,"NET_PROFIT_RATIO_SQ":8.7958206008,"HOLDER_PROFIT_SQ":23618135.48,"HOLDER_PROFIT_QOQ_SQ":-25.792381330798,"ROE_AVG_SQ":11.807486822601,"PE_TTM_SQ":3.98964847962,"PB_TTM_SQ":0.626615227766,"ROA_SQ":8.870795447855,"START_DATE":"2020-01-01 00:00:00","FISCAL_YEAR":"12-31","CURRENCY":"HKD","IS_CNY_CODE":0,"DPS_HKD_LY":0.014,"ORG_TYPE":"一般企业","PREMIUM_INCOME":null,"PREMIUM_INCOME_YOY":null,"NET_INTEREST_INCOME":null,"NET_INTEREST_INCOME_YOY":null,"FEE_COMMISSION_INCOME":null,"FEE_COMMISSION_INCOME_YOY":null,"ACCOUNTS_RECE_TDAYS":3.028217027259,"INVENTORY_TDAYS":168.991092358181,"CURRENT_ASSETS_TDAYS":0.790513153621,"TOTAL_ASSETS_TDAYS":0.759570344804,"PREMIUM_EXPENSE":null,"LOAN_DEPOSIT":null,"LOAN_EQUITY":null,"LOAN_ASSETS":null,"DEPOSIT_EQUITY":null,"DEPOSIT_ASSETS":null,"EQUITY_MULTIPLIER":1.473105841527,"EQUITY_RATIO":0.473105841527},{"SECUCODE":"06038.HK","SECURITY_CODE":"06038","SECURITY_NAME_ABBR":"信越控股","ORG_CODE":"10654270","STD_REPORT_DATE":"2020-06-30 00:00:00","REPORT_DATE":"2020-06-30 00:00:00","DATE_TYPE_CODE":"002","REPORT_TYPE":"2020年中报","PER_NETCASH_OPERATE":-0.01292152224,"PER_OI":0.12379304256,"BPS":0.209527471825,"BASIC_EPS":0.01461504,"DILUTED_EPS":0.01461504,"OPERATE_INCOME":123793042.56,"OPERATE_INCOME_YOY":3.1298749724,"GROSS_PROFIT":32725814.88,"GROSS_PROFIT_YOY":0.861596337311,"HOLDER_PROFIT":15069933.12,"HOLDER_PROFIT_YOY":-11.2247094275,"GROSS_PROFIT_RATIO":26.43590803105,"EPS_TTM":0.02234046716,"OPERATE_INCOME_QOQ":3.052354313407,"NET_PROFIT_RATIO":12.1734895664,"ROE_AVG":7.20987654321,"GROSS_PROFIT_QOQ":0.449347528859,"ROA":5.63387977209,"HOLDER_PROFIT_QOQ":-5.409691722202,"ROE_YEARLY":14.41975308642,"ROIC_YEARLY":19.61642271976,"TOTAL_ASSETS":268299250.56,"TOTAL_LIABILITIES":58143196.32,"TAX_EBT":15.654396728016,"OCF_SALES":-10.438003600838,"TOTAL_PARENT_EQUITY":210156054.24,"DEBT_ASSET_RATIO":21.6710244992,"OPERATE_PROFIT":16071976.8,"PRETAX_PROFIT":17866886.4,"NETCASH_OPERATE":-12921522.24,"NETCASH_INVEST":-141583.2,"NETCASH_FINANCE":6061587.84,"END_CASH":110336244.48,"DIVI_RATIO":2.44540991953,"DIVIDEND_RATE":25,"CURRENT_RATIO":4.616502758455,"COMMON_ACS":10000000000,"CURRENTDEBT_DEBT":98.243602029755,"ISSUED_COMMON_SHARES":1003000000,"HK_COMMON_SHARES":1003000000,"PER_SHARES":10000,"TOTAL_MARKET_CAP":240720000,"HKSK_MARKET_CAP":240720000,"PE_TTM":3.760721148588,"PB_TTM":0.742296270942,"REPORT_DATE_SQ":"2019-06-30 00:00:00","REPORT_TYPE_SQ":"2019年中报","OPERATE_INCOME_SQ":115597000.26,"DPS_HKD":0.06,"OPERATE_INCOME_QOQ_SQ":-7.863576044489,"NET_PROFIT_RATIO_SQ":14.1418907093,"HOLDER_PROFIT_SQ":16347601.44,"HOLDER_PROFIT_QOQ_SQ":-1.6648620851,"ROE_AVG_SQ":8.471821756225,"PE_TTM_SQ":3.98964847962,"PB_TTM_SQ":0.626615227766,"ROA_SQ":6.167294159422,"START_DATE":"2020-01-01 00:00:00","FISCAL_YEAR":"12-31","CURRENCY":"HKD","IS_CNY_CODE":0,"DPS_HKD_LY":0.014,"ORG_TYPE":"一般企业","PREMIUM_INCOME":null,"PREMIUM_INCOME_YOY":null,"NET_INTEREST_INCOME":null,"NET_INTEREST_INCOME_YOY":null,"FEE_COMMISSION_INCOME":null,"FEE_COMMISSION_INCOME_YOY":null,"ACCOUNTS_RECE_TDAYS":1.708206763553,"INVENTORY_TDAYS":160.801612903226,"CURRENT_ASSETS_TDAYS":0.471437019515,"TOTAL_ASSETS_TDAYS":0.46279908003,"PREMIUM_EXPENSE":null,"LOAN_DEPOSIT":null,"LOAN_EQUITY":null,"LOAN_ASSETS":null,"DEPOSIT_EQUITY":null,"DEPOSIT_ASSETS":null,"EQUITY_MULTIPLIER":1.276666768085,"EQUITY_RATIO":0.276666768085}],"count":21},"success":true,"message":"ok","code":0}