{"version":"a857c2f8c4ca1de34ecceba4fd8eba63","result":{"pages":2,"data":[{"SECUCODE":"06049.HK","SECURITY_CODE":"06049","SECURITY_NAME_ABBR":"保利物业","ORG_CODE":"10328654","STD_REPORT_DATE":"2024-06-30 00:00:00","REPORT_DATE":"2024-06-30 00:00:00","DATE_TYPE_CODE":"002","REPORT_TYPE":"2024年中报","PER_NETCASH_OPERATE":0.771167979377,"PER_OI":14.225372984895,"BPS":16.374728147623,"BASIC_EPS":1.54,"DILUTED_EPS":1.54,"OPERATE_INCOME":7871374000,"OPERATE_INCOME_YOY":10.2247155452,"GROSS_PROFIT":1610134000,"GROSS_PROFIT_YOY":6.524372534348,"HOLDER_PROFIT":845958000,"HOLDER_PROFIT_YOY":10.79637209,"GROSS_PROFIT_RATIO":20.455564682862,"EPS_TTM":2.643203898409,"OPERATE_INCOME_QOQ":4.847795006433,"NET_PROFIT_RATIO":10.8567576639,"ROE_AVG":9.515522798485,"GROSS_PROFIT_QOQ":3.33945008806,"ROA":5.408144859557,"HOLDER_PROFIT_QOQ":5.972799860884,"ROE_YEARLY":19.031045596971,"ROIC_YEARLY":36.213036976695,"TOTAL_ASSETS":16407334000,"TOTAL_LIABILITIES":7178953000,"TAX_EBT":24.343944601144,"OCF_SALES":5.421073881129,"TOTAL_PARENT_EQUITY":9060684000,"DEBT_ASSET_RATIO":43.7545368431,"OPERATE_PROFIT":1129523000,"PRETAX_PROFIT":1129554000,"NETCASH_OPERATE":426713000,"NETCASH_INVEST":-803378000,"NETCASH_FINANCE":-30435000,"END_CASH":10604566000,"DIVI_RATIO":0.375673440629,"DIVIDEND_RATE":3.739726962457,"CURRENT_RATIO":2.128863611463,"COMMON_ACS":null,"CURRENTDEBT_DEBT":98.913225925842,"ISSUED_COMMON_SHARES":553333400,"HK_COMMON_SHARES":153333400,"PER_SHARES":200,"TOTAL_MARKET_CAP":16212668620,"HKSK_MARKET_CAP":4492668620,"PE_TTM":9.997195003083,"PB_TTM":1.633097280084,"REPORT_DATE_SQ":"2023-06-30 00:00:00","REPORT_TYPE_SQ":"2023年中报","OPERATE_INCOME_SQ":7141206000,"DPS_HKD":1.09574,"OPERATE_INCOME_QOQ_SQ":5.054329536303,"NET_PROFIT_RATIO_SQ":10.8783166317,"HOLDER_PROFIT_SQ":763525000,"HOLDER_PROFIT_QOQ_SQ":12.149877845297,"ROE_AVG_SQ":9.633888272131,"PE_TTM_SQ":11.629783751607,"PB_TTM_SQ":1.75989336734,"ROA_SQ":5.50567004154,"START_DATE":"2024-01-01 00:00:00","FISCAL_YEAR":"12-31","CURRENCY":"HKD","IS_CNY_CODE":0,"DPS_HKD_LY":1.09574,"ORG_TYPE":"一般企业","PREMIUM_INCOME":null,"PREMIUM_INCOME_YOY":null,"NET_INTEREST_INCOME":null,"NET_INTEREST_INCOME_YOY":null,"FEE_COMMISSION_INCOME":null,"FEE_COMMISSION_INCOME_YOY":null,"ACCOUNTS_RECE_TDAYS":2.658873395201,"INVENTORY_TDAYS":211.514086886021,"CURRENT_ASSETS_TDAYS":0.53647142277,"TOTAL_ASSETS_TDAYS":0.503210925788,"PREMIUM_EXPENSE":null,"LOAN_DEPOSIT":null,"LOAN_EQUITY":null,"LOAN_ASSETS":null,"DEPOSIT_EQUITY":null,"DEPOSIT_ASSETS":null,"EQUITY_MULTIPLIER":1.77792117599,"EQUITY_RATIO":0.792319100854},{"SECUCODE":"06049.HK","SECURITY_CODE":"06049","SECURITY_NAME_ABBR":"保利物业","ORG_CODE":"10328654","STD_REPORT_DATE":"2023-12-31 00:00:00","REPORT_DATE":"2023-12-31 00:00:00","DATE_TYPE_CODE":"001","REPORT_TYPE":"2023年年报","PER_NETCASH_OPERATE":4.366161522149,"PER_OI":27.22022202166,"BPS":15.758862559173,"BASIC_EPS":2.51,"DILUTED_EPS":2.51,"OPERATE_INCOME":15061858000,"OPERATE_INCOME_YOY":10.0477092223,"GROSS_PROFIT":2953091000,"GROSS_PROFIT_YOY":14.734653693075,"HOLDER_PROFIT":1380140000,"HOLDER_PROFIT_YOY":24.0092620131,"GROSS_PROFIT_RATIO":19.606419075256,"EPS_TTM":2.494228615153,"OPERATE_INCOME_QOQ":4.753140311346,"NET_PROFIT_RATIO":9.2763190305,"ROE_AVG":16.820176851094,"GROSS_PROFIT_QOQ":6.207880504172,"ROA":9.862794573755,"HOLDER_PROFIT_QOQ":10.574585006806,"ROE_YEARLY":16.820176851094,"ROIC_YEARLY":35.809740870156,"TOTAL_ASSETS":14877257000,"TOTAL_LIABILITIES":6000723000,"TAX_EBT":24.110233543157,"OCF_SALES":16.040139270998,"TOTAL_PARENT_EQUITY":8719905000,"DEBT_ASSET_RATIO":40.3348749034,"OPERATE_PROFIT":1843037000,"PRETAX_PROFIT":1841073000,"NETCASH_OPERATE":2415943000,"NETCASH_INVEST":56287000,"NETCASH_FINANCE":-418271000,"END_CASH":11011462000,"DIVI_RATIO":0.398111663369,"DIVIDEND_RATE":3.376702619414,"CURRENT_RATIO":2.402860754996,"COMMON_ACS":null,"CURRENTDEBT_DEBT":98.676509480608,"ISSUED_COMMON_SHARES":553333400,"HK_COMMON_SHARES":153333400,"PER_SHARES":200,"TOTAL_MARKET_CAP":17955668830,"HKSK_MARKET_CAP":4975668830,"PE_TTM":11.071978766213,"PB_TTM":1.80866917197,"REPORT_DATE_SQ":"2022-12-31 00:00:00","REPORT_TYPE_SQ":"2022年年报","OPERATE_INCOME_SQ":13686662000,"DPS_HKD":1.09574,"OPERATE_INCOME_QOQ_SQ":13.310941030576,"NET_PROFIT_RATIO_SQ":8.2806823168,"HOLDER_PROFIT_SQ":1112933000,"HOLDER_PROFIT_QOQ_SQ":13.198314433603,"ROE_AVG_SQ":15.375942316712,"PE_TTM_SQ":12.332115274795,"PB_TTM_SQ":1.86617467194,"ROA_SQ":9.179790378044,"START_DATE":"2023-01-01 00:00:00","FISCAL_YEAR":"12-31","CURRENCY":"HKD","IS_CNY_CODE":0,"DPS_HKD_LY":0.56795,"ORG_TYPE":"一般企业","PREMIUM_INCOME":null,"PREMIUM_INCOME_YOY":null,"NET_INTEREST_INCOME":null,"NET_INTEREST_INCOME_YOY":null,"FEE_COMMISSION_INCOME":null,"FEE_COMMISSION_INCOME_YOY":null,"ACCOUNTS_RECE_TDAYS":6.543147626001,"INVENTORY_TDAYS":337.41844426177,"CURRENT_ASSETS_TDAYS":1.142738027493,"TOTAL_ASSETS_TDAYS":1.076354654985,"PREMIUM_EXPENSE":null,"LOAN_DEPOSIT":null,"LOAN_EQUITY":null,"LOAN_ASSETS":null,"DEPOSIT_EQUITY":null,"DEPOSIT_ASSETS":null,"EQUITY_MULTIPLIER":1.676020955929,"EQUITY_RATIO":0.688163804537},{"SECUCODE":"06049.HK","SECURITY_CODE":"06049","SECURITY_NAME_ABBR":"保利物业","ORG_CODE":"10328654","STD_REPORT_DATE":"2023-06-30 00:00:00","REPORT_DATE":"2023-06-30 00:00:00","DATE_TYPE_CODE":"002","REPORT_TYPE":"2023年中报","PER_NETCASH_OPERATE":-3.637376670196,"PER_OI":12.905792420989,"BPS":14.747334970201,"BASIC_EPS":1.38,"DILUTED_EPS":1.38,"OPERATE_INCOME":7141206000,"OPERATE_INCOME_YOY":10.7260370169,"GROSS_PROFIT":1511517000,"GROSS_PROFIT_YOY":15.835797801942,"HOLDER_PROFIT":763525000,"HOLDER_PROFIT_YOY":21.521394864,"GROSS_PROFIT_RATIO":21.166130762787,"EPS_TTM":2.255697921,"OPERATE_INCOME_QOQ":5.054329536303,"NET_PROFIT_RATIO":10.8783166317,"ROE_AVG":9.633888272131,"GROSS_PROFIT_QOQ":8.028380896434,"ROA":5.50567004154,"HOLDER_PROFIT_QOQ":12.149877845297,"ROE_YEARLY":19.267776544263,"ROIC_YEARLY":26.416929046919,"TOTAL_ASSETS":14626415000,"TOTAL_LIABILITIES":6297862000,"TAX_EBT":24.812380106194,"OCF_SALES":-28.18406302801,"TOTAL_PARENT_EQUITY":8160193000,"DEBT_ASSET_RATIO":43.0581383066,"OPERATE_PROFIT":1034199000,"PRETAX_PROFIT":1033206000,"NETCASH_OPERATE":-2012682000,"NETCASH_INVEST":-8135000,"NETCASH_FINANCE":-43259000,"END_CASH":6895924000,"DIVI_RATIO":0.440210319633,"DIVIDEND_RATE":3.376702619414,"CURRENT_RATIO":2.224166611892,"COMMON_ACS":null,"CURRENTDEBT_DEBT":98.802752426141,"ISSUED_COMMON_SHARES":553333400,"HK_COMMON_SHARES":153333400,"PER_SHARES":200,"TOTAL_MARKET_CAP":17955668830,"HKSK_MARKET_CAP":4975668830,"PE_TTM":11.071978766213,"PB_TTM":1.80866917197,"REPORT_DATE_SQ":"2022-06-30 00:00:00","REPORT_TYPE_SQ":"2022年中报","OPERATE_INCOME_SQ":6449437000,"DPS_HKD":1.09574,"OPERATE_INCOME_QOQ_SQ":12.022240752164,"NET_PROFIT_RATIO_SQ":9.854084938,"HOLDER_PROFIT_SQ":628305000,"HOLDER_PROFIT_QOQ_SQ":16.256253746927,"ROE_AVG_SQ":8.983301529344,"PE_TTM_SQ":12.332115274795,"PB_TTM_SQ":1.86617467194,"ROA_SQ":5.334203937312,"START_DATE":"2023-01-01 00:00:00","FISCAL_YEAR":"12-31","CURRENCY":"HKD","IS_CNY_CODE":0,"DPS_HKD_LY":0.56795,"ORG_TYPE":"一般企业","PREMIUM_INCOME":null,"PREMIUM_INCOME_YOY":null,"NET_INTEREST_INCOME":null,"NET_INTEREST_INCOME_YOY":null,"FEE_COMMISSION_INCOME":null,"FEE_COMMISSION_INCOME_YOY":null,"ACCOUNTS_RECE_TDAYS":2.733587417056,"INVENTORY_TDAYS":144.275163055317,"CURRENT_ASSETS_TDAYS":0.549900510998,"TOTAL_ASSETS_TDAYS":0.514942194881,"PREMIUM_EXPENSE":null,"LOAN_DEPOSIT":null,"LOAN_EQUITY":null,"LOAN_ASSETS":null,"DEPOSIT_EQUITY":null,"DEPOSIT_ASSETS":null,"EQUITY_MULTIPLIER":1.756177213496,"EQUITY_RATIO":0.771778559649},{"SECUCODE":"06049.HK","SECURITY_CODE":"06049","SECURITY_NAME_ABBR":"保利物业","ORG_CODE":"10328654","STD_REPORT_DATE":"2022-12-31 00:00:00","REPORT_DATE":"2022-12-31 00:00:00","DATE_TYPE_CODE":"001","REPORT_TYPE":"2022年年报","PER_NETCASH_OPERATE":2.664352088632,"PER_OI":24.734928345189,"BPS":13.898716397745,"BASIC_EPS":2.01,"DILUTED_EPS":2.01,"OPERATE_INCOME":13686662000,"OPERATE_INCOME_YOY":26.9334551598,"GROSS_PROFIT":2573844000,"GROSS_PROFIT_YOY":27.757018623675,"HOLDER_PROFIT":1112933000,"HOLDER_PROFIT_YOY":31.6001196652,"GROSS_PROFIT_RATIO":18.805491068604,"EPS_TTM":2.011324456467,"OPERATE_INCOME_QOQ":13.310941030576,"NET_PROFIT_RATIO":8.2806823168,"ROE_AVG":15.375942316712,"GROSS_PROFIT_QOQ":12.490920200031,"ROA":9.179790378044,"HOLDER_PROFIT_QOQ":13.198314433603,"ROE_YEARLY":15.375942316712,"ROIC_YEARLY":30.311641773809,"TOTAL_ASSETS":13109537000,"TOTAL_LIABILITIES":5264708000,"TAX_EBT":25.110317585132,"OCF_SALES":10.771618382919,"TOTAL_PARENT_EQUITY":7690624000,"DEBT_ASSET_RATIO":40.1593740496,"OPERATE_PROFIT":1522790000,"PRETAX_PROFIT":1513358000,"NETCASH_OPERATE":1474275000,"NETCASH_INVEST":-97839000,"NETCASH_FINANCE":-137615000,"END_CASH":8956316000,"DIVI_RATIO":0.493695335731,"DIVIDEND_RATE":3.376702619414,"CURRENT_RATIO":2.339977805473,"COMMON_ACS":null,"CURRENTDEBT_DEBT":98.487171558233,"ISSUED_COMMON_SHARES":553333400,"HK_COMMON_SHARES":153333400,"PER_SHARES":200,"TOTAL_MARKET_CAP":17955668830,"HKSK_MARKET_CAP":4975668830,"PE_TTM":11.071978766213,"PB_TTM":1.80866917197,"REPORT_DATE_SQ":"2021-12-31 00:00:00","REPORT_TYPE_SQ":"2021年年报","OPERATE_INCOME_SQ":10782549000,"DPS_HKD":1.09574,"OPERATE_INCOME_QOQ_SQ":12.442725643082,"NET_PROFIT_RATIO_SQ":8.0767914897,"HOLDER_PROFIT_SQ":845693000,"HOLDER_PROFIT_QOQ_SQ":10.582218828292,"ROE_AVG_SQ":13.054270836453,"PE_TTM_SQ":12.332115274795,"PB_TTM_SQ":1.86617467194,"ROA_SQ":8.217750322428,"START_DATE":"2022-01-01 00:00:00","FISCAL_YEAR":"12-31","CURRENCY":"HKD","IS_CNY_CODE":0,"DPS_HKD_LY":0.3586,"ORG_TYPE":"一般企业","PREMIUM_INCOME":null,"PREMIUM_INCOME_YOY":null,"NET_INTEREST_INCOME":null,"NET_INTEREST_INCOME_YOY":null,"FEE_COMMISSION_INCOME":null,"FEE_COMMISSION_INCOME_YOY":null,"ACCOUNTS_RECE_TDAYS":7.422213557547,"INVENTORY_TDAYS":244.326360108611,"CURRENT_ASSETS_TDAYS":1.237296380527,"TOTAL_ASSETS_TDAYS":1.128915111109,"PREMIUM_EXPENSE":null,"LOAN_DEPOSIT":null,"LOAN_EQUITY":null,"LOAN_ASSETS":null,"DEPOSIT_EQUITY":null,"DEPOSIT_ASSETS":null,"EQUITY_MULTIPLIER":1.671105514218,"EQUITY_RATIO":0.684561876904},{"SECUCODE":"06049.HK","SECURITY_CODE":"06049","SECURITY_NAME_ABBR":"保利物业","ORG_CODE":"10328654","STD_REPORT_DATE":"2022-06-30 00:00:00","REPORT_DATE":"2022-06-30 00:00:00","DATE_TYPE_CODE":"002","REPORT_TYPE":"2022年中报","PER_NETCASH_OPERATE":-4.241545874513,"PER_OI":11.655607631855,"BPS":13.016783371472,"BASIC_EPS":1.14,"DILUTED_EPS":1.14,"OPERATE_INCOME":6449437000,"OPERATE_INCOME_YOY":25.15564803,"GROSS_PROFIT":1304879000,"GROSS_PROFIT_YOY":26.506365169035,"HOLDER_PROFIT":628305000,"HOLDER_PROFIT_YOY":28.0094615822,"GROSS_PROFIT_RATIO":20.232448196641,"EPS_TTM":1.776814846167,"OPERATE_INCOME_QOQ":12.022240752164,"NET_PROFIT_RATIO":9.854084938,"ROE_AVG":8.983301529344,"GROSS_PROFIT_QOQ":13.570960568638,"ROA":5.334203937312,"HOLDER_PROFIT_QOQ":16.256253746927,"ROE_YEARLY":17.966603058688,"ROIC_YEARLY":24.141641877942,"TOTAL_ASSETS":12419669000,"TOTAL_LIABILITIES":5087313000,"TAX_EBT":25.80359696692,"OCF_SALES":-36.390602776646,"TOTAL_PARENT_EQUITY":7202621000,"DEBT_ASSET_RATIO":40.9617438275,"OPERATE_PROFIT":846119000,"PRETAX_PROFIT":856555000,"NETCASH_OPERATE":-2346989000,"NETCASH_INVEST":-93928000,"NETCASH_FINANCE":-39256000,"END_CASH":5223878000,"DIVI_RATIO":0.558854798485,"DIVIDEND_RATE":3.376702619414,"CURRENT_RATIO":2.257921867216,"COMMON_ACS":null,"CURRENTDEBT_DEBT":98.330022155114,"ISSUED_COMMON_SHARES":553333400,"HK_COMMON_SHARES":153333400,"PER_SHARES":200,"TOTAL_MARKET_CAP":17955668830,"HKSK_MARKET_CAP":4975668830,"PE_TTM":11.071978766213,"PB_TTM":1.80866917197,"REPORT_DATE_SQ":"2021-06-30 00:00:00","REPORT_TYPE_SQ":"2021年中报","OPERATE_INCOME_SQ":5153133000,"DPS_HKD":1.09574,"OPERATE_INCOME_QOQ_SQ":19.312975883509,"NET_PROFIT_RATIO_SQ":9.8008725954,"HOLDER_PROFIT_SQ":490827000,"HOLDER_PROFIT_QOQ_SQ":13.546490479195,"ROE_AVG_SQ":7.791086553924,"PE_TTM_SQ":12.332115274795,"PB_TTM_SQ":1.86617467194,"ROA_SQ":4.955262238385,"START_DATE":"2022-01-01 00:00:00","FISCAL_YEAR":"12-31","CURRENCY":"HKD","IS_CNY_CODE":0,"DPS_HKD_LY":0.3586,"ORG_TYPE":"一般企业","PREMIUM_INCOME":null,"PREMIUM_INCOME_YOY":null,"NET_INTEREST_INCOME":null,"NET_INTEREST_INCOME_YOY":null,"FEE_COMMISSION_INCOME":null,"FEE_COMMISSION_INCOME_YOY":null,"ACCOUNTS_RECE_TDAYS":3.497990242738,"INVENTORY_TDAYS":111.650111225652,"CURRENT_ASSETS_TDAYS":0.605993555142,"TOTAL_ASSETS_TDAYS":0.547546370614,"PREMIUM_EXPENSE":null,"LOAN_DEPOSIT":null,"LOAN_EQUITY":null,"LOAN_ASSETS":null,"DEPOSIT_EQUITY":null,"DEPOSIT_ASSETS":null,"EQUITY_MULTIPLIER":1.69381696688,"EQUITY_RATIO":0.706314132036},{"SECUCODE":"06049.HK","SECURITY_CODE":"06049","SECURITY_NAME_ABBR":"保利物业","ORG_CODE":"10328654","STD_REPORT_DATE":"2021-12-31 00:00:00","REPORT_DATE":"2021-12-31 00:00:00","DATE_TYPE_CODE":"001","REPORT_TYPE":"2021年年报","PER_NETCASH_OPERATE":2.619113539866,"PER_OI":19.486531989575,"BPS":12.263250329729,"BASIC_EPS":1.53,"DILUTED_EPS":1.53,"OPERATE_INCOME":10782549000,"OPERATE_INCOME_YOY":34.1587621293,"GROSS_PROFIT":2014640000,"GROSS_PROFIT_YOY":34.393463641573,"HOLDER_PROFIT":845693000,"HOLDER_PROFIT_YOY":25.5622285735,"GROSS_PROFIT_RATIO":18.684264731837,"EPS_TTM":1.528360659234,"OPERATE_INCOME_QOQ":12.442725643082,"NET_PROFIT_RATIO":8.0767914897,"ROE_AVG":13.054270836453,"GROSS_PROFIT_QOQ":12.137443288112,"ROA":8.217750322428,"HOLDER_PROFIT_QOQ":10.582218828292,"ROE_YEARLY":13.054270836453,"ROIC_YEARLY":32.128373231681,"TOTAL_ASSETS":11137923000,"TOTAL_LIABILITIES":4249161000,"TAX_EBT":25.081187195521,"OCF_SALES":13.4406344919,"TOTAL_PARENT_EQUITY":6785666000,"DEBT_ASSET_RATIO":38.1503894398,"OPERATE_PROFIT":1151085000,"PRETAX_PROFIT":1162437000,"NETCASH_OPERATE":1449243000,"NETCASH_INVEST":-858303000,"NETCASH_FINANCE":-339806000,"END_CASH":7690572000,"DIVI_RATIO":0.649703652604,"DIVIDEND_RATE":3.376702619414,"CURRENT_RATIO":2.41541989893,"COMMON_ACS":null,"CURRENTDEBT_DEBT":97.340675017962,"ISSUED_COMMON_SHARES":553333400,"HK_COMMON_SHARES":153333400,"PER_SHARES":200,"TOTAL_MARKET_CAP":17955668830,"HKSK_MARKET_CAP":4975668830,"PE_TTM":11.071978766213,"PB_TTM":1.80866917197,"REPORT_DATE_SQ":"2020-12-31 00:00:00","REPORT_TYPE_SQ":"2020年年报","OPERATE_INCOME_SQ":8037156000,"DPS_HKD":1.09574,"OPERATE_INCOME_QOQ_SQ":19.144259298653,"NET_PROFIT_RATIO_SQ":8.6612105078,"HOLDER_PROFIT_SQ":673525000,"HOLDER_PROFIT_QOQ_SQ":16.826968942699,"ROE_AVG_SQ":11.998956387862,"PE_TTM_SQ":12.332115274795,"PB_TTM_SQ":1.86617467194,"ROA_SQ":7.916722229572,"START_DATE":"2021-01-01 00:00:00","FISCAL_YEAR":"12-31","CURRENCY":"HKD","IS_CNY_CODE":0,"DPS_HKD_LY":0.512136,"ORG_TYPE":"一般企业","PREMIUM_INCOME":null,"PREMIUM_INCOME_YOY":null,"NET_INTEREST_INCOME":null,"NET_INTEREST_INCOME_YOY":null,"FEE_COMMISSION_INCOME":null,"FEE_COMMISSION_INCOME_YOY":null,"ACCOUNTS_RECE_TDAYS":9.324097049725,"INVENTORY_TDAYS":173.287395622313,"CURRENT_ASSETS_TDAYS":1.141661585727,"TOTAL_ASSETS_TDAYS":1.047759595046,"PREMIUM_EXPENSE":null,"LOAN_DEPOSIT":null,"LOAN_EQUITY":null,"LOAN_ASSETS":null,"DEPOSIT_EQUITY":null,"DEPOSIT_ASSETS":null,"EQUITY_MULTIPLIER":1.616825055069,"EQUITY_RATIO":0.626196603252},{"SECUCODE":"06049.HK","SECURITY_CODE":"06049","SECURITY_NAME_ABBR":"保利物业","ORG_CODE":"10328654","STD_REPORT_DATE":"2021-06-30 00:00:00","REPORT_DATE":"2021-06-30 00:00:00","DATE_TYPE_CODE":"002","REPORT_TYPE":"2021年中报","PER_NETCASH_OPERATE":1.132151068416,"PER_OI":9.312889841821,"BPS":11.618311853215,"BASIC_EPS":0.89,"DILUTED_EPS":0.89,"OPERATE_INCOME":5153133000,"OPERATE_INCOME_YOY":43.1060515385,"GROSS_PROFIT":1031473000,"GROSS_PROFIT_YOY":40.536655616913,"HOLDER_PROFIT":490827000,"HOLDER_PROFIT_YOY":22.8332682663,"GROSS_PROFIT_RATIO":20.01642495934,"EPS_TTM":1.382103447939,"OPERATE_INCOME_QOQ":19.312975883509,"NET_PROFIT_RATIO":9.8008725954,"ROE_AVG":7.791086553924,"GROSS_PROFIT_QOQ":19.847090945599,"ROA":4.955262238385,"HOLDER_PROFIT_QOQ":13.546490479195,"ROE_YEARLY":15.582173107849,"ROIC_YEARLY":38.706746870184,"TOTAL_ASSETS":10366152000,"TOTAL_LIABILITIES":3847254000,"TAX_EBT":25.626696236215,"OCF_SALES":12.156817997905,"TOTAL_PARENT_EQUITY":6428800000,"DEBT_ASSET_RATIO":37.1136174735,"OPERATE_PROFIT":676533000,"PRETAX_PROFIT":679077000,"NETCASH_OPERATE":626457000,"NETCASH_INVEST":-853864000,"NETCASH_FINANCE":-93249000,"END_CASH":7123998000,"DIVI_RATIO":0.718456714858,"DIVIDEND_RATE":3.376702619414,"CURRENT_RATIO":2.43340930494,"COMMON_ACS":null,"CURRENTDEBT_DEBT":97.485739179165,"ISSUED_COMMON_SHARES":553333400,"HK_COMMON_SHARES":153333400,"PER_SHARES":200,"TOTAL_MARKET_CAP":17955668830,"HKSK_MARKET_CAP":4975668830,"PE_TTM":11.071978766213,"PB_TTM":1.80866917197,"REPORT_DATE_SQ":"2020-06-30 00:00:00","REPORT_TYPE_SQ":"2020年中报","OPERATE_INCOME_SQ":3600919000,"DPS_HKD":1.09574,"OPERATE_INCOME_QOQ_SQ":13.053802718895,"NET_PROFIT_RATIO_SQ":11.4055884067,"HOLDER_PROFIT_SQ":399588000,"HOLDER_PROFIT_QOQ_SQ":17.533551745017,"ROE_AVG_SQ":7.295442147013,"PE_TTM_SQ":12.332115274795,"PB_TTM_SQ":1.86617467194,"ROA_SQ":4.886934871566,"START_DATE":"2021-01-01 00:00:00","FISCAL_YEAR":"12-31","CURRENCY":"HKD","IS_CNY_CODE":0,"DPS_HKD_LY":0.512136,"ORG_TYPE":"一般企业","PREMIUM_INCOME":null,"PREMIUM_INCOME_YOY":null,"NET_INTEREST_INCOME":null,"NET_INTEREST_INCOME_YOY":null,"FEE_COMMISSION_INCOME":null,"FEE_COMMISSION_INCOME_YOY":null,"ACCOUNTS_RECE_TDAYS":4.713245772091,"INVENTORY_TDAYS":87.107382124818,"CURRENT_ASSETS_TDAYS":0.571769443168,"TOTAL_ASSETS_TDAYS":0.520246957977,"PREMIUM_EXPENSE":null,"LOAN_DEPOSIT":null,"LOAN_EQUITY":null,"LOAN_ASSETS":null,"DEPOSIT_EQUITY":null,"DEPOSIT_ASSETS":null,"EQUITY_MULTIPLIER":1.59016938139,"EQUITY_RATIO":0.59844045545},{"SECUCODE":"06049.HK","SECURITY_CODE":"06049","SECURITY_NAME_ABBR":"保利物业","ORG_CODE":"10328654","STD_REPORT_DATE":"2020-12-31 00:00:00","REPORT_DATE":"2020-12-31 00:00:00","DATE_TYPE_CODE":"001","REPORT_TYPE":"2020年年报","PER_NETCASH_OPERATE":0.991864940739,"PER_OI":14.524978972894,"BPS":11.152238415393,"BASIC_EPS":1.22,"DILUTED_EPS":1.22,"OPERATE_INCOME":8037156000,"OPERATE_INCOME_YOY":34.6971158584,"GROSS_PROFIT":1499061000,"GROSS_PROFIT_YOY":23.815561140841,"HOLDER_PROFIT":673525000,"HOLDER_PROFIT_YOY":37.3108859944,"GROSS_PROFIT_RATIO":18.651634981329,"EPS_TTM":1.217213708769,"OPERATE_INCOME_QOQ":19.144259298653,"NET_PROFIT_RATIO":8.6612105078,"ROE_AVG":11.998956387862,"GROSS_PROFIT_QOQ":17.283101593233,"ROA":7.916722229572,"HOLDER_PROFIT_QOQ":16.826968942699,"ROE_YEARLY":11.998956387862,"ROIC_YEARLY":46.196793780297,"TOTAL_ASSETS":9444182000,"TOTAL_LIABILITIES":3197403000,"TAX_EBT":25.564483015253,"OCF_SALES":6.828684176343,"TOTAL_PARENT_EQUITY":6170906000,"DEBT_ASSET_RATIO":33.8557960869,"OPERATE_PROFIT":922252000,"PRETAX_PROFIT":935192000,"NETCASH_OPERATE":548832000,"NETCASH_INVEST":59805000,"NETCASH_FINANCE":302330000,"END_CASH":7448102000,"DIVI_RATIO":0.815782385333,"DIVIDEND_RATE":3.376702619414,"CURRENT_RATIO":2.843239048118,"COMMON_ACS":null,"CURRENTDEBT_DEBT":97.88440806492,"ISSUED_COMMON_SHARES":553333400,"HK_COMMON_SHARES":153333400,"PER_SHARES":200,"TOTAL_MARKET_CAP":17955668830,"HKSK_MARKET_CAP":4975668830,"PE_TTM":11.071978766213,"PB_TTM":1.80866917197,"REPORT_DATE_SQ":"2019-12-31 00:00:00","REPORT_TYPE_SQ":"2019年年报","OPERATE_INCOME_SQ":5966836000,"DPS_HKD":1.09574,"OPERATE_INCOME_QOQ_SQ":16.185671636676,"NET_PROFIT_RATIO_SQ":8.4329785501,"HOLDER_PROFIT_SQ":490511000,"HOLDER_PROFIT_QOQ_SQ":14.491417420978,"ROE_AVG_SQ":17.194788395794,"PE_TTM_SQ":12.332115274795,"PB_TTM_SQ":1.86617467194,"ROA_SQ":9.690542765895,"START_DATE":"2020-01-01 00:00:00","FISCAL_YEAR":"12-31","CURRENCY":"HKD","IS_CNY_CODE":0,"DPS_HKD_LY":0.32812,"ORG_TYPE":"一般企业","PREMIUM_INCOME":null,"PREMIUM_INCOME_YOY":null,"NET_INTEREST_INCOME":null,"NET_INTEREST_INCOME_YOY":null,"FEE_COMMISSION_INCOME":null,"FEE_COMMISSION_INCOME_YOY":null,"ACCOUNTS_RECE_TDAYS":12.563503706685,"INVENTORY_TDAYS":134.939630974986,"CURRENT_ASSETS_TDAYS":0.992121508269,"TOTAL_ASSETS_TDAYS":0.944700368475,"PREMIUM_EXPENSE":null,"LOAN_DEPOSIT":null,"LOAN_EQUITY":null,"LOAN_ASSETS":null,"DEPOSIT_EQUITY":null,"DEPOSIT_ASSETS":null,"EQUITY_MULTIPLIER":1.511848266121,"EQUITY_RATIO":0.518141582452},{"SECUCODE":"06049.HK","SECURITY_CODE":"06049","SECURITY_NAME_ABBR":"保利物业","ORG_CODE":"10328654","STD_REPORT_DATE":"2020-06-30 00:00:00","REPORT_DATE":"2020-06-30 00:00:00","DATE_TYPE_CODE":"002","REPORT_TYPE":"2020年中报","PER_NETCASH_OPERATE":0.185640339079,"PER_OI":6.507684155701,"BPS":10.660786064966,"BASIC_EPS":0.72,"DILUTED_EPS":0.72,"OPERATE_INCOME":3600919000,"OPERATE_INCOME_YOY":27.6007611569,"GROSS_PROFIT":733953000,"GROSS_PROFIT_YOY":10.117506203884,"HOLDER_PROFIT":399588000,"HOLDER_PROFIT_YOY":27.426144191,"GROSS_PROFIT_RATIO":20.382380164619,"EPS_TTM":1.041894452784,"OPERATE_INCOME_QOQ":13.053802718895,"NET_PROFIT_RATIO":11.4055884067,"ROE_AVG":7.295442147013,"GROSS_PROFIT_QOQ":5.569821618688,"ROA":4.886934871566,"HOLDER_PROFIT_QOQ":17.533551745017,"ROE_YEARLY":14.590884294026,"ROIC_YEARLY":64.785674737287,"TOTAL_ASSETS":8782251000,"TOTAL_LIABILITIES":2817850000,"TAX_EBT":26.136664058917,"OCF_SALES":2.852632897324,"TOTAL_PARENT_EQUITY":5898969000,"DEBT_ASSET_RATIO":32.0857374721,"OPERATE_PROFIT":547416000,"PRETAX_PROFIT":556035000,"NETCASH_OPERATE":102721000,"NETCASH_INVEST":36218000,"NETCASH_FINANCE":543138000,"END_CASH":7245369000,"DIVI_RATIO":0.953053833953,"DIVIDEND_RATE":3.376702619414,"CURRENT_RATIO":3.048222237439,"COMMON_ACS":null,"CURRENTDEBT_DEBT":98.989548769452,"ISSUED_COMMON_SHARES":553333400,"HK_COMMON_SHARES":153333400,"PER_SHARES":200,"TOTAL_MARKET_CAP":17955668830,"HKSK_MARKET_CAP":4975668830,"PE_TTM":11.071978766213,"PB_TTM":1.80866917197,"REPORT_DATE_SQ":"2019-06-30 00:00:00","REPORT_TYPE_SQ":"2019年中报","OPERATE_INCOME_SQ":2822020000,"DPS_HKD":1.09574,"OPERATE_INCOME_QOQ_SQ":21.426933227534,"NET_PROFIT_RATIO_SQ":11.3667160403,"HOLDER_PROFIT_SQ":313584000,"HOLDER_PROFIT_QOQ_SQ":30.441110204479,"ROE_AVG_SQ":43.068809229501,"PE_TTM_SQ":12.332115274795,"PB_TTM_SQ":1.86617467194,"ROA_SQ":11.298111523022,"START_DATE":"2020-01-01 00:00:00","FISCAL_YEAR":"12-31","CURRENCY":"HKD","IS_CNY_CODE":0,"DPS_HKD_LY":0.32812,"ORG_TYPE":"一般企业","PREMIUM_INCOME":null,"PREMIUM_INCOME_YOY":null,"NET_INTEREST_INCOME":null,"NET_INTEREST_INCOME_YOY":null,"FEE_COMMISSION_INCOME":null,"FEE_COMMISSION_INCOME_YOY":null,"ACCOUNTS_RECE_TDAYS":6.172245695529,"INVENTORY_TDAYS":62.781193886042,"CURRENT_ASSETS_TDAYS":0.455641031822,"TOTAL_ASSETS_TDAYS":0.440390017488,"PREMIUM_EXPENSE":null,"LOAN_DEPOSIT":null,"LOAN_EQUITY":null,"LOAN_ASSETS":null,"DEPOSIT_EQUITY":null,"DEPOSIT_ASSETS":null,"EQUITY_MULTIPLIER":1.47244476017,"EQUITY_RATIO":0.477685168374}],"count":15},"success":true,"message":"ok","code":0}