{"version":"81cb81939476f56f3c19d8bbcc0f6e68","result":{"pages":2,"data":[{"SECUCODE":"06055.HK","SECURITY_CODE":"06055","SECURITY_NAME_ABBR":"中烟香港","ORG_CODE":"11000939","STD_REPORT_DATE":"2024-06-30 00:00:00","REPORT_DATE":"2024-06-30 00:00:00","DATE_TYPE_CODE":"002","REPORT_TYPE":"2024年中报","PER_NETCASH_OPERATE":0.547073597675,"PER_OI":11.485093708015,"BPS":3.833844502313,"BASIC_EPS":0.8487924,"DILUTED_EPS":0.8487924,"OPERATE_INCOME":7944009615.96,"OPERATE_INCOME_YOY":12.3973156505,"GROSS_PROFIT":880019746.2,"GROSS_PROFIT_YOY":28.06002268971,"HOLDER_PROFIT":587164463.88,"HOLDER_PROFIT_YOY":40.7896234178,"GROSS_PROFIT_RATIO":11.077777957771,"EPS_TTM":1.024294365863,"OPERATE_INCOME_QOQ":7.497491225692,"NET_PROFIT_RATIO":7.8090341194,"ROE_AVG":23.831094132379,"GROSS_PROFIT_QOQ":19.551271715405,"ROA":7.842944828954,"HOLDER_PROFIT_QOQ":30.567217963944,"ROE_YEARLY":47.662188264758,"ROIC_YEARLY":23.772033595026,"TOTAL_ASSETS":8821237474.04,"TOTAL_LIABILITIES":5952242496.92,"TAX_EBT":19.305581278285,"OCF_SALES":4.763335951656,"TOTAL_PARENT_EQUITY":2651793565.36,"DEBT_ASSET_RATIO":67.4762754595,"OPERATE_PROFIT":874145737.72,"PRETAX_PROFIT":768764966.88,"NETCASH_OPERATE":378399866.04,"NETCASH_INVEST":-306341042,"NETCASH_FINANCE":40189863.8,"END_CASH":649432969.56,"DIVI_RATIO":0.416767302669,"DIVIDEND_RATE":1.693693693694,"CURRENT_RATIO":1.423253374124,"COMMON_ACS":null,"CURRENTDEBT_DEBT":99.238406315881,"ISSUED_COMMON_SHARES":691680000,"HK_COMMON_SHARES":691680000,"PER_SHARES":1000,"TOTAL_MARKET_CAP":19194120000,"HKSK_MARKET_CAP":19194120000,"PE_TTM":24.446063360173,"PB_TTM":6.606128648337,"REPORT_DATE_SQ":"2023-06-30 00:00:00","REPORT_TYPE_SQ":"2023年中报","OPERATE_INCOME_SQ":7139812198.02,"DPS_HKD":0.47,"OPERATE_INCOME_QOQ_SQ":51.51764404908,"NET_PROFIT_RATIO_SQ":6.5927177935,"HOLDER_PROFIT_SQ":421300604.96,"HOLDER_PROFIT_QOQ_SQ":69.883431244271,"ROE_AVG_SQ":20.905246509955,"PE_TTM_SQ":10.710199994977,"PB_TTM_SQ":2.795017713585,"ROA_SQ":7.239117279825,"START_DATE":"2024-01-01 00:00:00","FISCAL_YEAR":"12-31","CURRENCY":"HKD","IS_CNY_CODE":0,"DPS_HKD_LY":0.47,"ORG_TYPE":"一般企业","PREMIUM_INCOME":null,"PREMIUM_INCOME_YOY":null,"NET_INTEREST_INCOME":null,"NET_INTEREST_INCOME_YOY":null,"FEE_COMMISSION_INCOME":null,"FEE_COMMISSION_INCOME_YOY":null,"ACCOUNTS_RECE_TDAYS":5.102434752177,"INVENTORY_TDAYS":2.264681136069,"CURRENT_ASSETS_TDAYS":1.128565166928,"TOTAL_ASSETS_TDAYS":1.061106946543,"PREMIUM_EXPENSE":null,"LOAN_DEPOSIT":null,"LOAN_EQUITY":null,"LOAN_ASSETS":null,"DEPOSIT_EQUITY":null,"DEPOSIT_ASSETS":null,"EQUITY_MULTIPLIER":3.074678605013,"EQUITY_RATIO":2.244610053616},{"SECUCODE":"06055.HK","SECURITY_CODE":"06055","SECURITY_NAME_ABBR":"中烟香港","ORG_CODE":"11000939","STD_REPORT_DATE":"2023-12-31 00:00:00","REPORT_DATE":"2023-12-31 00:00:00","DATE_TYPE_CODE":"001","REPORT_TYPE":"2023年年报","PER_NETCASH_OPERATE":0.678550043344,"PER_OI":15.507489293633,"BPS":3.267138754366,"BASIC_EPS":0.7884114,"DILUTED_EPS":0.7884114,"OPERATE_INCOME":10726220194.62,"OPERATE_INCOME_YOY":42.1904073722,"GROSS_PROFIT":986260975.28,"GROSS_PROFIT_YOY":36.919248112484,"HOLDER_PROFIT":542620068.06,"HOLDER_PROFIT_YOY":59.7132606927,"GROSS_PROFIT_RATIO":9.194860420399,"EPS_TTM":0.784495818963,"OPERATE_INCOME_QOQ":-4.795389854894,"NET_PROFIT_RATIO":5.8496119665,"ROE_AVG":26.512916109493,"GROSS_PROFIT_QOQ":-7.401896732804,"ROA":9.133961599563,"HOLDER_PROFIT_QOQ":-4.623297720799,"ROE_YEARLY":26.512916109493,"ROIC_YEARLY":13.96102612729,"TOTAL_ASSETS":6108280756.9,"TOTAL_LIABILITIES":3665753240.66,"TAX_EBT":19.40332386949,"OCF_SALES":4.375627998159,"TOTAL_PARENT_EQUITY":2259814533.62,"DEBT_ASSET_RATIO":60.0128479117,"OPERATE_PROFIT":930194050.1,"PRETAX_PROFIT":778496446.98,"NETCASH_OPERATE":469339493.98,"NETCASH_INVEST":-1539607063.26,"NETCASH_FINANCE":-24514157.22,"END_CASH":517277625.76,"DIVI_RATIO":0.544161472479,"DIVIDEND_RATE":1.743970315399,"CURRENT_RATIO":1.554330546754,"COMMON_ACS":null,"CURRENTDEBT_DEBT":98.825987867305,"ISSUED_COMMON_SHARES":691680000,"HK_COMMON_SHARES":691680000,"PER_SHARES":1000,"TOTAL_MARKET_CAP":18640776000,"HKSK_MARKET_CAP":18640776000,"PE_TTM":23.741311984024,"PB_TTM":6.415681696313,"REPORT_DATE_SQ":"2022-12-31 00:00:00","REPORT_TYPE_SQ":"2022年年报","OPERATE_INCOME_SQ":7435762600.35,"DPS_HKD":0.47,"OPERATE_INCOME_QOQ_SQ":10.504042136936,"NET_PROFIT_RATIO_SQ":5.576010166,"HOLDER_PROFIT_SQ":334891389.35,"HOLDER_PROFIT_QOQ_SQ":34.210439099142,"ROE_AVG_SQ":19.807653500937,"PE_TTM_SQ":11.646919277994,"PB_TTM_SQ":3.039471317618,"ROA_SQ":6.732525463012,"START_DATE":"2023-01-01 00:00:00","FISCAL_YEAR":"12-31","CURRENCY":"HKD","IS_CNY_CODE":0,"DPS_HKD_LY":0.2,"ORG_TYPE":"一般企业","PREMIUM_INCOME":null,"PREMIUM_INCOME_YOY":null,"NET_INTEREST_INCOME":null,"NET_INTEREST_INCOME_YOY":null,"FEE_COMMISSION_INCOME":null,"FEE_COMMISSION_INCOME_YOY":null,"ACCOUNTS_RECE_TDAYS":9.424890930185,"INVENTORY_TDAYS":3.920488044683,"CURRENT_ASSETS_TDAYS":1.954188847342,"TOTAL_ASSETS_TDAYS":1.805552155791,"PREMIUM_EXPENSE":null,"LOAN_DEPOSIT":null,"LOAN_EQUITY":null,"LOAN_ASSETS":null,"DEPOSIT_EQUITY":null,"DEPOSIT_ASSETS":null,"EQUITY_MULTIPLIER":2.500803252484,"EQUITY_RATIO":1.622147829445},{"SECUCODE":"06055.HK","SECURITY_CODE":"06055","SECURITY_NAME_ABBR":"中烟香港","ORG_CODE":"11000939","STD_REPORT_DATE":"2023-06-30 00:00:00","REPORT_DATE":"2023-06-30 00:00:00","DATE_TYPE_CODE":"002","REPORT_TYPE":"2023年中报","PER_NETCASH_OPERATE":0.514512239966,"PER_OI":10.3224210589,"BPS":3.130423881564,"BASIC_EPS":0.6085068,"DILUTED_EPS":0.6085068,"OPERATE_INCOME":7139812198.02,"OPERATE_INCOME_YOY":100.1337412506,"GROSS_PROFIT":687193183.1,"GROSS_PROFIT_YOY":82.785088199961,"HOLDER_PROFIT":421300604.96,"HOLDER_PROFIT_YOY":108.6748440483,"GROSS_PROFIT_RATIO":9.624807544526,"EPS_TTM":0.822523530606,"OPERATE_INCOME_QOQ":51.51764404908,"NET_PROFIT_RATIO":6.5927177935,"ROE_AVG":20.905246509955,"GROSS_PROFIT_QOQ":41.285564724259,"ROA":7.239117279825,"HOLDER_PROFIT_QOQ":69.883431244271,"ROE_YEARLY":41.810493019911,"ROIC_YEARLY":22.306608329032,"TOTAL_ASSETS":5766064763.96,"TOTAL_LIABILITIES":3353714235.74,"TAX_EBT":18.401465302163,"OCF_SALES":4.984414383318,"TOTAL_PARENT_EQUITY":2165251590.4,"DEBT_ASSET_RATIO":58.1629650902,"OPERATE_PROFIT":643577075.24,"PRETAX_PROFIT":576857992.54,"NETCASH_OPERATE":355877826.14,"NETCASH_INVEST":-621414.52,"NETCASH_FINANCE":-5745779.36,"END_CASH":1994181889.32,"DIVI_RATIO":0.519003267524,"DIVIDEND_RATE":1.743970315399,"CURRENT_RATIO":1.587172132288,"COMMON_ACS":null,"CURRENTDEBT_DEBT":99.799973223463,"ISSUED_COMMON_SHARES":691680000,"HK_COMMON_SHARES":691680000,"PER_SHARES":1000,"TOTAL_MARKET_CAP":18640776000,"HKSK_MARKET_CAP":18640776000,"PE_TTM":23.741311984024,"PB_TTM":6.415681696313,"REPORT_DATE_SQ":"2022-06-30 00:00:00","REPORT_TYPE_SQ":"2022年中报","OPERATE_INCOME_SQ":3309082448.28,"DPS_HKD":0.47,"OPERATE_INCOME_QOQ_SQ":2.058624825857,"NET_PROFIT_RATIO_SQ":7.1779970506,"HOLDER_PROFIT_SQ":187267795.82,"HOLDER_PROFIT_QOQ_SQ":-56.576426026435,"ROE_AVG_SQ":12.067370660332,"PE_TTM_SQ":11.646919277994,"PB_TTM_SQ":3.039471317618,"ROA_SQ":3.99058615037,"START_DATE":"2023-01-01 00:00:00","FISCAL_YEAR":"12-31","CURRENCY":"HKD","IS_CNY_CODE":0,"DPS_HKD_LY":0.2,"ORG_TYPE":"一般企业","PREMIUM_INCOME":null,"PREMIUM_INCOME_YOY":null,"NET_INTEREST_INCOME":null,"NET_INTEREST_INCOME_YOY":null,"FEE_COMMISSION_INCOME":null,"FEE_COMMISSION_INCOME_YOY":null,"ACCOUNTS_RECE_TDAYS":5.704649540438,"INVENTORY_TDAYS":2.801212197394,"CURRENT_ASSETS_TDAYS":1.328086317092,"TOTAL_ASSETS_TDAYS":1.226818505573,"PREMIUM_EXPENSE":null,"LOAN_DEPOSIT":null,"LOAN_EQUITY":null,"LOAN_ASSETS":null,"DEPOSIT_EQUITY":null,"DEPOSIT_ASSETS":null,"EQUITY_MULTIPLIER":2.390226750428,"EQUITY_RATIO":1.548879700913},{"SECUCODE":"06055.HK","SECURITY_CODE":"06055","SECURITY_NAME_ABBR":"中烟香港","ORG_CODE":"11000939","STD_REPORT_DATE":"2022-12-31 00:00:00","REPORT_DATE":"2022-12-31 00:00:00","DATE_TYPE_CODE":"001","REPORT_TYPE":"2022年年报","PER_NETCASH_OPERATE":-0.518229451441,"PER_OI":10.750292910522,"BPS":2.612821850391,"BASIC_EPS":0.4823658,"DILUTED_EPS":0.4823658,"OPERATE_INCOME":7435762600.35,"OPERATE_INCOME_YOY":3.2252660084,"GROSS_PROFIT":720323102.03,"GROSS_PROFIT_YOY":97.880618139519,"HOLDER_PROFIT":334891389.35,"HOLDER_PROFIT_YOY":-46.6579138427,"GROSS_PROFIT_RATIO":10.138330530986,"EPS_TTM":0.484169365183,"OPERATE_INCOME_QOQ":10.504042136936,"NET_PROFIT_RATIO":5.576010166,"ROE_AVG":19.807653500937,"GROSS_PROFIT_QOQ":26.836637145576,"ROA":6.732525463012,"HOLDER_PROFIT_QOQ":34.210439099142,"ROE_YEARLY":19.807653500937,"ROIC_YEARLY":10.331493121988,"TOTAL_ASSETS":5690595293.67,"TOTAL_LIABILITIES":3691823274.37,"TAX_EBT":24.603941659668,"OCF_SALES":-4.820607682171,"TOTAL_PARENT_EQUITY":1807236172.63,"DEBT_ASSET_RATIO":64.875875237,"OPERATE_PROFIT":625889277.44,"PRETAX_PROFIT":549922916.83,"NETCASH_OPERATE":-358448705.79,"NETCASH_INVEST":10009983.62,"NETCASH_FINANCE":457944691.47,"END_CASH":1594611114.53,"DIVI_RATIO":0.88170055914,"DIVIDEND_RATE":1.743970315399,"CURRENT_RATIO":1.447519117123,"COMMON_ACS":null,"CURRENTDEBT_DEBT":98.622382033477,"ISSUED_COMMON_SHARES":691680000,"HK_COMMON_SHARES":691680000,"PER_SHARES":1000,"TOTAL_MARKET_CAP":18640776000,"HKSK_MARKET_CAP":18640776000,"PE_TTM":23.741311984024,"PB_TTM":6.415681696313,"REPORT_DATE_SQ":"2021-12-31 00:00:00","REPORT_TYPE_SQ":"2021年年报","OPERATE_INCOME_SQ":6593221159.84,"DPS_HKD":0.47,"OPERATE_INCOME_QOQ_SQ":53.968792429164,"NET_PROFIT_RATIO_SQ":8.8957283464,"HOLDER_PROFIT_SQ":574633131.8448,"HOLDER_PROFIT_QOQ_SQ":323.260714082926,"ROE_AVG_SQ":40.067284167657,"PE_TTM_SQ":11.646919277994,"PB_TTM_SQ":3.039471317618,"ROA_SQ":16.711584628521,"START_DATE":"2022-01-01 00:00:00","FISCAL_YEAR":"12-31","CURRENCY":"HKD","IS_CNY_CODE":0,"DPS_HKD_LY":0.17,"ORG_TYPE":"一般企业","PREMIUM_INCOME":null,"PREMIUM_INCOME_YOY":null,"NET_INTEREST_INCOME":null,"NET_INTEREST_INCOME_YOY":null,"FEE_COMMISSION_INCOME":null,"FEE_COMMISSION_INCOME_YOY":null,"ACCOUNTS_RECE_TDAYS":5.672338200101,"INVENTORY_TDAYS":3.940069198584,"CURRENT_ASSETS_TDAYS":1.635706196869,"TOTAL_ASSETS_TDAYS":1.494861648288,"PREMIUM_EXPENSE":null,"LOAN_DEPOSIT":null,"LOAN_EQUITY":null,"LOAN_ASSETS":null,"DEPOSIT_EQUITY":null,"DEPOSIT_ASSETS":null,"EQUITY_MULTIPLIER":2.847046031033,"EQUITY_RATIO":2.042800675574},{"SECUCODE":"06055.HK","SECURITY_CODE":"06055","SECURITY_NAME_ABBR":"中烟香港","ORG_CODE":"11000939","STD_REPORT_DATE":"2022-06-30 00:00:00","REPORT_DATE":"2022-06-30 00:00:00","DATE_TYPE_CODE":"002","REPORT_TYPE":"2022年中报","PER_NETCASH_OPERATE":-0.494952598466,"PER_OI":4.78412336381,"BPS":2.30833563952,"BASIC_EPS":0.2736608,"DILUTED_EPS":0.2736608,"OPERATE_INCOME":3309082448.28,"OPERATE_INCOME_YOY":1.4592634949,"GROSS_PROFIT":375956917.42,"GROSS_PROFIT_YOY":140.085798330809,"HOLDER_PROFIT":187267795.82,"HOLDER_PROFIT_YOY":-64.4386523093,"GROSS_PROFIT_RATIO":11.692985443237,"EPS_TTM":0.360753879082,"OPERATE_INCOME_QOQ":2.058624825857,"NET_PROFIT_RATIO":7.1779970506,"ROE_AVG":12.067370660332,"GROSS_PROFIT_QOQ":63.276304483457,"ROA":3.99058615037,"HOLDER_PROFIT_QOQ":-56.576426026435,"ROE_YEARLY":24.134741320664,"ROIC_YEARLY":12.813733571342,"TOTAL_ASSETS":5309165331.60538,"TOTAL_LIABILITIES":3511653744.29226,"TAX_EBT":24.772485969968,"OCF_SALES":-10.345732506747,"TOTAL_PARENT_EQUITY":1596629595.14331,"DEBT_ASSET_RATIO":66.1432357999,"OPERATE_PROFIT":341505588.27,"PRETAX_PROFIT":315742989.52,"NETCASH_OPERATE":-342348805.61,"NETCASH_INVEST":1846355.21,"NETCASH_FINANCE":649889667.84,"END_CASH":1730964423.3,"DIVI_RATIO":1.183334191961,"DIVIDEND_RATE":1.743970315399,"CURRENT_RATIO":1.419296586429,"COMMON_ACS":null,"CURRENTDEBT_DEBT":97.872303575947,"ISSUED_COMMON_SHARES":691680000,"HK_COMMON_SHARES":691680000,"PER_SHARES":1000,"TOTAL_MARKET_CAP":18640776000,"HKSK_MARKET_CAP":18640776000,"PE_TTM":23.741311984024,"PB_TTM":6.415681696313,"REPORT_DATE_SQ":"2021-06-30 00:00:00","REPORT_TYPE_SQ":"2021年中报","OPERATE_INCOME_SQ":3173352710.20368,"DPS_HKD":0.47,"OPERATE_INCOME_QOQ_SQ":46.16582147376,"NET_PROFIT_RATIO_SQ":3.5102510869,"HOLDER_PROFIT_SQ":512374893.24792,"HOLDER_PROFIT_QOQ_SQ":69.455836240728,"ROE_AVG_SQ":7.548338129586,"PE_TTM_SQ":11.646919277994,"PB_TTM_SQ":3.039471317618,"ROA_SQ":4.232481521347,"START_DATE":"2022-01-01 00:00:00","FISCAL_YEAR":"12-31","CURRENCY":"HKD","IS_CNY_CODE":0,"DPS_HKD_LY":0.17,"ORG_TYPE":"一般企业","PREMIUM_INCOME":null,"PREMIUM_INCOME_YOY":null,"NET_INTEREST_INCOME":null,"NET_INTEREST_INCOME_YOY":null,"FEE_COMMISSION_INCOME":null,"FEE_COMMISSION_INCOME_YOY":null,"ACCOUNTS_RECE_TDAYS":3.062249101265,"INVENTORY_TDAYS":1.811818754024,"CURRENT_ASSETS_TDAYS":0.775272393301,"TOTAL_ASSETS_TDAYS":0.705148667729,"PREMIUM_EXPENSE":null,"LOAN_DEPOSIT":null,"LOAN_EQUITY":null,"LOAN_ASSETS":null,"DEPOSIT_EQUITY":null,"DEPOSIT_ASSETS":null,"EQUITY_MULTIPLIER":2.953619531063,"EQUITY_RATIO":2.19941666807},{"SECUCODE":"06055.HK","SECURITY_CODE":"06055","SECURITY_NAME_ABBR":"中烟香港","ORG_CODE":"11000939","STD_REPORT_DATE":"2021-12-31 00:00:00","REPORT_DATE":"2021-12-31 00:00:00","DATE_TYPE_CODE":"001","REPORT_TYPE":"2021年年报","PER_NETCASH_OPERATE":-0.028011706743,"PER_OI":9.532184188989,"BPS":2.08309483338,"BASIC_EPS":0.833952,"DILUTED_EPS":0.833952,"OPERATE_INCOME":6593221159.84,"OPERATE_INCOME_YOY":131.4167790626,"GROSS_PROFIT":364019027.6352,"GROSS_PROFIT_YOY":205.459657642174,"HOLDER_PROFIT":574633131.8448,"HOLDER_PROFIT_YOY":562.2933183833,"GROSS_PROFIT_RATIO":5.521110528682,"EPS_TTM":0.8307788744,"OPERATE_INCOME_QOQ":53.968792429164,"NET_PROFIT_RATIO":8.8957283464,"ROE_AVG":40.067284167657,"GROSS_PROFIT_QOQ":88.266302059417,"ROA":16.711584628521,"HOLDER_PROFIT_QOQ":323.260714082926,"ROE_YEARLY":40.067284167657,"ROIC_YEARLY":28.581482043071,"TOTAL_ASSETS":3897147908.3488,"TOTAL_LIABILITIES":2275569764.5296,"TAX_EBT":7.285970459832,"OCF_SALES":-0.293864514026,"TOTAL_PARENT_EQUITY":1440835034.352,"DEBT_ASSET_RATIO":58.3906440824,"OPERATE_PROFIT":235768482.2864,"PRETAX_PROFIT":632606571.5872,"NETCASH_OPERATE":-19375137.32,"NETCASH_INVEST":54782079.5872,"NETCASH_FINANCE":-35425651.408,"END_CASH":1356375668.2672,"DIVI_RATIO":0.513845998201,"DIVIDEND_RATE":1.743970315399,"CURRENT_RATIO":1.588758028185,"COMMON_ACS":null,"CURRENTDEBT_DEBT":96.747013235197,"ISSUED_COMMON_SHARES":691680000,"HK_COMMON_SHARES":691680000,"PER_SHARES":1000,"TOTAL_MARKET_CAP":18640776000,"HKSK_MARKET_CAP":18640776000,"PE_TTM":23.741311984024,"PB_TTM":6.415681696313,"REPORT_DATE_SQ":"2020-12-31 00:00:00","REPORT_TYPE_SQ":"2020年年报","OPERATE_INCOME_SQ":2932839413.6194,"DPS_HKD":0.47,"OPERATE_INCOME_QOQ_SQ":-53.532957530252,"NET_PROFIT_RATIO_SQ":2.7346834539,"HOLDER_PROFIT_SQ":89315282.02756,"HOLDER_PROFIT_QOQ_SQ":-64.082089690409,"ROE_AVG_SQ":5.965512123,"PE_TTM_SQ":11.646919277994,"PB_TTM_SQ":3.039471317618,"ROA_SQ":2.922458342444,"START_DATE":"2021-01-01 00:00:00","FISCAL_YEAR":"12-31","CURRENCY":"HKD","IS_CNY_CODE":0,"DPS_HKD_LY":0.04,"ORG_TYPE":"一般企业","PREMIUM_INCOME":null,"PREMIUM_INCOME_YOY":null,"NET_INTEREST_INCOME":null,"NET_INTEREST_INCOME_YOY":null,"FEE_COMMISSION_INCOME":null,"FEE_COMMISSION_INCOME_YOY":null,"ACCOUNTS_RECE_TDAYS":9.478301424197,"INVENTORY_TDAYS":5.23481844308,"CURRENT_ASSETS_TDAYS":2.04682862022,"TOTAL_ASSETS_TDAYS":1.917452497622,"PREMIUM_EXPENSE":null,"LOAN_DEPOSIT":null,"LOAN_EQUITY":null,"LOAN_ASSETS":null,"DEPOSIT_EQUITY":null,"DEPOSIT_ASSETS":null,"EQUITY_MULTIPLIER":2.403305645923,"EQUITY_RATIO":1.579340944852},{"SECUCODE":"06055.HK","SECURITY_CODE":"06055","SECURITY_NAME_ABBR":"中烟香港","ORG_CODE":"11000939","STD_REPORT_DATE":"2021-06-30 00:00:00","REPORT_DATE":"2021-06-30 00:00:00","DATE_TYPE_CODE":"002","REPORT_TYPE":"2021年中报","PER_NETCASH_OPERATE":0.277425877812,"PER_OI":4.587891380702,"BPS":2.033013913463,"BASIC_EPS":0.7405512,"DILUTED_EPS":0.7405512,"OPERATE_INCOME":3173352710.20368,"OPERATE_INCOME_YOY":96.0292565068,"GROSS_PROFIT":156592734.77808,"GROSS_PROFIT_YOY":130.855840612096,"HOLDER_PROFIT":512374893.24792,"HOLDER_PROFIT_YOY":126.6760992656,"GROSS_PROFIT_RATIO":4.722950867142,"EPS_TTM":0.196280648489,"OPERATE_INCOME_QOQ":46.16582147376,"NET_PROFIT_RATIO":3.5102510869,"ROE_AVG":7.548338129586,"GROSS_PROFIT_QOQ":66.677783769152,"ROA":4.232481521347,"HOLDER_PROFIT_QOQ":69.455836240728,"ROE_YEARLY":15.096676259173,"ROIC_YEARLY":19.239993751734,"TOTAL_ASSETS":2066106731.53632,"TOTAL_LIABILITIES":659911667.87232,"TAX_EBT":0.958297512444,"OCF_SALES":6.242485211387,"TOTAL_PARENT_EQUITY":1406195063.664,"DEBT_ASSET_RATIO":31.9398634059,"OPERATE_PROFIT":92456697.34032,"PRETAX_PROFIT":511945690.5744,"NETCASH_OPERATE":-205394151.0588,"NETCASH_INVEST":46973224.18992,"NETCASH_FINANCE":402601036.81224,"END_CASH":1604646558.03984,"DIVI_RATIO":2.174908241271,"DIVIDEND_RATE":1.743970315399,"CURRENT_RATIO":3.152369630389,"COMMON_ACS":null,"CURRENTDEBT_DEBT":97.82220774411,"ISSUED_COMMON_SHARES":691680000,"HK_COMMON_SHARES":691680000,"PER_SHARES":1000,"TOTAL_MARKET_CAP":18640776000,"HKSK_MARKET_CAP":18640776000,"PE_TTM":23.741311984024,"PB_TTM":6.415681696313,"REPORT_DATE_SQ":"2020-06-30 00:00:00","REPORT_TYPE_SQ":"2020年中报","OPERATE_INCOME_SQ":1721427412.2408,"DPS_HKD":0.47,"OPERATE_INCOME_QOQ_SQ":-21.594986149505,"NET_PROFIT_RATIO_SQ":3.0356615141,"HOLDER_PROFIT_SQ":52256709.44736,"HOLDER_PROFIT_QOQ_SQ":-21.922743649338,"ROE_AVG_SQ":3.628355327232,"PE_TTM_SQ":11.646919277994,"PB_TTM_SQ":3.039471317618,"ROA_SQ":2.355573810766,"START_DATE":"2021-01-01 00:00:00","FISCAL_YEAR":"12-31","CURRENCY":"HKD","IS_CNY_CODE":0,"DPS_HKD_LY":0.04,"ORG_TYPE":"一般企业","PREMIUM_INCOME":null,"PREMIUM_INCOME_YOY":null,"NET_INTEREST_INCOME":null,"NET_INTEREST_INCOME_YOY":null,"FEE_COMMISSION_INCOME":null,"FEE_COMMISSION_INCOME_YOY":null,"ACCOUNTS_RECE_TDAYS":8.913609206417,"INVENTORY_TDAYS":4.043328326488,"CURRENT_ASSETS_TDAYS":1.221806706973,"TOTAL_ASSETS_TDAYS":1.205748938343,"PREMIUM_EXPENSE":null,"LOAN_DEPOSIT":null,"LOAN_EQUITY":null,"LOAN_ASSETS":null,"DEPOSIT_EQUITY":null,"DEPOSIT_ASSETS":null,"EQUITY_MULTIPLIER":1.469288852539,"EQUITY_RATIO":0.469288852539},{"SECUCODE":"06055.HK","SECURITY_CODE":"06055","SECURITY_NAME_ABBR":"中烟香港","ORG_CODE":"11000939","STD_REPORT_DATE":"2020-12-31 00:00:00","REPORT_DATE":"2020-12-31 00:00:00","DATE_TYPE_CODE":"001","REPORT_TYPE":"2020年年报","PER_NETCASH_OPERATE":-0.03861514116,"PER_OI":4.240168016452,"BPS":1.932243950447,"BASIC_EPS":0.126246,"DILUTED_EPS":0.126246,"OPERATE_INCOME":2932839413.6194,"OPERATE_INCOME_YOY":-61.2239236924,"GROSS_PROFIT":119170901.46864,"GROSS_PROFIT_YOY":-68.23691894151,"HOLDER_PROFIT":89315282.02756,"HOLDER_PROFIT_YOY":-70.1523186593,"GROSS_PROFIT_RATIO":3.959630559411,"EPS_TTM":0.115829972483,"OPERATE_INCOME_QOQ":-53.532957530252,"NET_PROFIT_RATIO":2.7346834539,"ROE_AVG":5.965512123,"GROSS_PROFIT_QOQ":-58.549386290958,"ROA":2.922458342444,"HOLDER_PROFIT_QOQ":-64.082089690409,"ROE_YEARLY":5.965512123,"ROIC_YEARLY":6.01840785124,"TOTAL_ASSETS":3202274125.07028,"TOTAL_LIABILITIES":1732795208.7766,"TAX_EBT":0.845830742135,"OCF_SALES":-0.911682747858,"TOTAL_PARENT_EQUITY":1469478916.29368,"DEBT_ASSET_RATIO":56.4309844443,"OPERATE_PROFIT":85839451.06472,"PRETAX_PROFIT":90077182.52904,"NETCASH_OPERATE":-28435920.04808,"NETCASH_INVEST":55314907.9346,"NETCASH_FINANCE":-131978537.96928,"END_CASH":1375518068.46536,"DIVI_RATIO":3.685508947714,"DIVIDEND_RATE":1.743970315399,"CURRENT_RATIO":1.768755587021,"COMMON_ACS":null,"CURRENTDEBT_DEBT":99.003211731503,"ISSUED_COMMON_SHARES":691680000,"HK_COMMON_SHARES":691680000,"PER_SHARES":1000,"TOTAL_MARKET_CAP":18640776000,"HKSK_MARKET_CAP":18640776000,"PE_TTM":23.741311984024,"PB_TTM":6.415681696313,"REPORT_DATE_SQ":"2019-12-31 00:00:00","REPORT_TYPE_SQ":"2019年年报","OPERATE_INCOME_SQ":8041373624.52358,"DPS_HKD":0.47,"OPERATE_INCOME_QOQ_SQ":29.556777096382,"NET_PROFIT_RATIO_SQ":3.5527146338,"HOLDER_PROFIT_SQ":285687057.5166,"HOLDER_PROFIT_QOQ_SQ":53.816828990848,"ROE_AVG_SQ":29.296901175082,"PE_TTM_SQ":11.646919277994,"PB_TTM_SQ":3.039471317618,"ROA_SQ":12.735733515086,"START_DATE":"2020-01-01 00:00:00","FISCAL_YEAR":"12-31","CURRENCY":"HKD","IS_CNY_CODE":0,"DPS_HKD_LY":0.16,"ORG_TYPE":"一般企业","PREMIUM_INCOME":null,"PREMIUM_INCOME_YOY":null,"NET_INTEREST_INCOME":null,"NET_INTEREST_INCOME_YOY":null,"FEE_COMMISSION_INCOME":null,"FEE_COMMISSION_INCOME_YOY":null,"ACCOUNTS_RECE_TDAYS":5.704108775127,"INVENTORY_TDAYS":3.593849589218,"CURRENT_ASSETS_TDAYS":1.082972326257,"TOTAL_ASSETS_TDAYS":1.068664213518,"PREMIUM_EXPENSE":null,"LOAN_DEPOSIT":null,"LOAN_EQUITY":null,"LOAN_ASSETS":null,"DEPOSIT_EQUITY":null,"DEPOSIT_ASSETS":null,"EQUITY_MULTIPLIER":2.295209077473,"EQUITY_RATIO":1.179190248709},{"SECUCODE":"06055.HK","SECURITY_CODE":"06055","SECURITY_NAME_ABBR":"中烟香港","ORG_CODE":"11000939","STD_REPORT_DATE":"2020-06-30 00:00:00","REPORT_DATE":"2020-06-30 00:00:00","DATE_TYPE_CODE":"002","REPORT_TYPE":"2020年中报","PER_NETCASH_OPERATE":-0.01054415455,"PER_OI":2.488762740344,"BPS":2.046922001527,"BASIC_EPS":0.0730752,"DILUTED_EPS":0.0730752,"OPERATE_INCOME":1721427412.2408,"OPERATE_INCOME_YOY":-52.0594016139,"GROSS_PROFIT":67831393.98288,"GROSS_PROFIT_YOY":-58.4256820741,"HOLDER_PROFIT":52256709.44736,"HOLDER_PROFIT_YOY":-56.196842332,"GROSS_PROFIT_RATIO":3.940415581891,"EPS_TTM":0.322485276801,"OPERATE_INCOME_QOQ":-21.594986149505,"NET_PROFIT_RATIO":3.0356615141,"ROE_AVG":3.628355327232,"GROSS_PROFIT_QOQ":-25.407492077367,"ROA":2.355573810766,"HOLDER_PROFIT_QOQ":-21.922743649338,"ROE_YEARLY":7.256710654464,"ROIC_YEARLY":15.153842401008,"TOTAL_ASSETS":1815470456.62752,"TOTAL_LIABILITIES":399655446.61152,"TAX_EBT":11.87434303796,"OCF_SALES":-0.423670540333,"TOTAL_PARENT_EQUITY":1415815010.016,"DEBT_ASSET_RATIO":22.0138777336,"OPERATE_PROFIT":60013113.95904,"PRETAX_PROFIT":59297951.63952,"NETCASH_OPERATE":-7293180.81888,"NETCASH_INVEST":-6175166.79648,"NETCASH_FINANCE":-104120307.20256,"END_CASH":1469951061.97632,"DIVI_RATIO":1.323757798292,"DIVIDEND_RATE":1.743970315399,"CURRENT_RATIO":4.684369299507,"COMMON_ACS":null,"CURRENTDEBT_DEBT":94.593686192206,"ISSUED_COMMON_SHARES":691680000,"HK_COMMON_SHARES":691680000,"PER_SHARES":1000,"TOTAL_MARKET_CAP":18640776000,"HKSK_MARKET_CAP":18640776000,"PE_TTM":23.741311984024,"PB_TTM":6.415681696313,"REPORT_DATE_SQ":"2019-06-30 00:00:00","REPORT_TYPE_SQ":"2019年中报","OPERATE_INCOME_SQ":3457960932.68658,"DPS_HKD":0.47,"OPERATE_INCOME_QOQ_SQ":0.727154899121,"NET_PROFIT_RATIO_SQ":3.3223958553,"HOLDER_PROFIT_SQ":114887150.70606,"HOLDER_PROFIT_QOQ_SQ":-18.309172705079,"ROE_AVG_SQ":13.968921112234,"PE_TTM_SQ":11.646919277994,"PB_TTM_SQ":3.039471317618,"ROA_SQ":5.961194119134,"START_DATE":"2020-01-01 00:00:00","FISCAL_YEAR":"12-31","CURRENCY":"HKD","IS_CNY_CODE":0,"DPS_HKD_LY":0.16,"ORG_TYPE":"一般企业","PREMIUM_INCOME":null,"PREMIUM_INCOME_YOY":null,"NET_INTEREST_INCOME":null,"NET_INTEREST_INCOME_YOY":null,"FEE_COMMISSION_INCOME":null,"FEE_COMMISSION_INCOME_YOY":null,"ACCOUNTS_RECE_TDAYS":3.508987316358,"INVENTORY_TDAYS":10.517789601977,"CURRENT_ASSETS_TDAYS":0.790900501668,"TOTAL_ASSETS_TDAYS":0.775967214984,"PREMIUM_EXPENSE":null,"LOAN_DEPOSIT":null,"LOAN_EQUITY":null,"LOAN_ASSETS":null,"DEPOSIT_EQUITY":null,"DEPOSIT_ASSETS":null,"EQUITY_MULTIPLIER":1.282279424773,"EQUITY_RATIO":0.282279424772}],"count":18},"success":true,"message":"ok","code":0}