{"version":"ca12d40c328453956fa3a38bdd4f7f53","result":{"pages":4,"data":[{"SECUCODE":"06058.HK","SECURITY_CODE":"06058","SECURITY_NAME_ABBR":"兴证国际","ORG_CODE":"10537255","STD_REPORT_DATE":"2024-06-30 00:00:00","REPORT_DATE":"2024-06-30 00:00:00","DATE_TYPE_CODE":"002","REPORT_TYPE":"2024年中报","PER_NETCASH_OPERATE":0.075261139793,"PER_OI":0.118823559492,"BPS":0.738694830013,"BASIC_EPS":0.016610776,"DILUTED_EPS":null,"OPERATE_INCOME":475294237.96828,"OPERATE_INCOME_YOY":50.8217224242,"GROSS_PROFIT":null,"GROSS_PROFIT_YOY":null,"HOLDER_PROFIT":80926620.97156,"HOLDER_PROFIT_YOY":42.5688074221,"GROSS_PROFIT_RATIO":null,"EPS_TTM":0.018258064727,"OPERATE_INCOME_QOQ":22.99364563261,"NET_PROFIT_RATIO":17.0266362406,"ROE_AVG":2.787718664286,"GROSS_PROFIT_QOQ":null,"ROA":0.553213605804,"HOLDER_PROFIT_QOQ":47.697327906668,"ROE_YEARLY":5.575437328571,"ROIC_YEARLY":1.331144661826,"TOTAL_ASSETS":14150216031.3544,"TOTAL_LIABILITIES":10282756711.3038,"TAX_EBT":8.401671812864,"OCF_SALES":63.338566959545,"TOTAL_PARENT_EQUITY":2954779320.05064,"DEBT_ASSET_RATIO":72.6685492894,"OPERATE_PROFIT":300147855.6338,"PRETAX_PROFIT":88349451.97496,"NETCASH_OPERATE":301044559.1704,"NETCASH_INVEST":458598059.76264,"NETCASH_FINANCE":-1089173007.90532,"END_CASH":1280931897.59376,"DIVI_RATIO":null,"DIVIDEND_RATE":null,"CURRENT_RATIO":1.785967027265,"COMMON_ACS":20000000000,"CURRENTDEBT_DEBT":74.216304154317,"ISSUED_COMMON_SHARES":4000000000,"HK_COMMON_SHARES":4000000000,"PER_SHARES":2000,"TOTAL_MARKET_CAP":864000000,"HKSK_MARKET_CAP":864000000,"PE_TTM":10.661465056326,"PB_TTM":0.266874590142,"REPORT_DATE_SQ":"2023-06-30 00:00:00","REPORT_TYPE_SQ":"2023年中报","OPERATE_INCOME_SQ":318347628.96972,"DPS_HKD":null,"OPERATE_INCOME_QOQ_SQ":74.420775631047,"NET_PROFIT_RATIO_SQ":18.0122612466,"HOLDER_PROFIT_SQ":57341606.60238,"HOLDER_PROFIT_QOQ_SQ":85.434039121649,"ROE_AVG_SQ":2.047582495698,"PE_TTM_SQ":-26.91044345481,"PB_TTM_SQ":0.322078792632,"ROA_SQ":0.452802044969,"START_DATE":"2024-01-01 00:00:00","FISCAL_YEAR":"12-31","CURRENCY":"HKD","IS_CNY_CODE":0,"DPS_HKD_LY":null,"ORG_TYPE":"证券","PREMIUM_INCOME":null,"PREMIUM_INCOME_YOY":null,"NET_INTEREST_INCOME":66419131.54712,"NET_INTEREST_INCOME_YOY":null,"FEE_COMMISSION_INCOME":128960929.21364,"FEE_COMMISSION_INCOME_YOY":47.940684505346,"ACCOUNTS_RECE_TDAYS":0.381058255262,"INVENTORY_TDAYS":null,"CURRENT_ASSETS_TDAYS":0.033716596309,"TOTAL_ASSETS_TDAYS":0.032491068581,"PREMIUM_EXPENSE":null,"LOAN_DEPOSIT":null,"LOAN_EQUITY":null,"LOAN_ASSETS":null,"DEPOSIT_EQUITY":null,"DEPOSIT_ASSETS":null,"EQUITY_MULTIPLIER":3.658788589704,"EQUITY_RATIO":3.480042195208},{"SECUCODE":"06058.HK","SECURITY_CODE":"06058","SECURITY_NAME_ABBR":"兴证国际","ORG_CODE":"10537255","STD_REPORT_DATE":"2023-12-31 00:00:00","REPORT_DATE":"2023-12-31 00:00:00","DATE_TYPE_CODE":"001","REPORT_TYPE":"2023年年报","PER_NETCASH_OPERATE":-0.000172441659,"PER_OI":0.170641284451,"BPS":0.707744724668,"BASIC_EPS":0.012324592,"DILUTED_EPS":null,"OPERATE_INCOME":682565137.80476,"OPERATE_INCOME_YOY":118.1899897433,"GROSS_PROFIT":null,"GROSS_PROFIT_YOY":null,"HOLDER_PROFIT":49447244.54026,"HOLDER_PROFIT_YOY":118.3469535096,"GROSS_PROFIT_RATIO":null,"EPS_TTM":0.012361811135,"OPERATE_INCOME_QOQ":26.907562419813,"NET_PROFIT_RATIO":7.2443261165,"ROE_AVG":1.783490408012,"GROSS_PROFIT_QOQ":null,"ROA":0.375991583603,"HOLDER_PROFIT_QOQ":227.78377539972,"ROE_YEARLY":1.783490408012,"ROIC_YEARLY":0.487161146051,"TOTAL_ASSETS":14999774260.4045,"TOTAL_LIABILITIES":11262575361.7329,"TAX_EBT":25.415592948292,"OCF_SALES":-0.101055063632,"TOTAL_PARENT_EQUITY":2830978898.67156,"DEBT_ASSET_RATIO":75.0849657215,"OPERATE_PROFIT":328105439.56274,"PRETAX_PROFIT":66297027.07964,"NETCASH_OPERATE":-689766.63434,"NETCASH_INVEST":-1815865955.6478,"NETCASH_FINANCE":965246842.69328,"END_CASH":1599063344.58066,"DIVI_RATIO":null,"DIVIDEND_RATE":null,"CURRENT_RATIO":1.384970397836,"COMMON_ACS":20000000000,"CURRENTDEBT_DEBT":92.70752724204,"ISSUED_COMMON_SHARES":4000000000,"HK_COMMON_SHARES":4000000000,"PER_SHARES":2000,"TOTAL_MARKET_CAP":904000000,"HKSK_MARKET_CAP":904000000,"PE_TTM":11.155051401527,"PB_TTM":0.279229895242,"REPORT_DATE_SQ":"2022-12-31 00:00:00","REPORT_TYPE_SQ":"2022年年报","OPERATE_INCOME_SQ":308360248.44912,"DPS_HKD":null,"OPERATE_INCOME_QOQ_SQ":-10.872510399785,"NET_PROFIT_RATIO_SQ":-86.1526923384,"HOLDER_PROFIT_SQ":-265660656.14032,"HOLDER_PROFIT_QOQ_SQ":-46.261219520236,"ROE_AVG_SQ":-9.31992759696,"PE_TTM_SQ":-17.361576422458,"PB_TTM_SQ":0.20779276944,"ROA_SQ":-2.032340672202,"START_DATE":"2023-01-01 00:00:00","FISCAL_YEAR":"12-31","CURRENCY":"HKD","IS_CNY_CODE":0,"DPS_HKD_LY":null,"ORG_TYPE":"证券","PREMIUM_INCOME":null,"PREMIUM_INCOME_YOY":null,"NET_INTEREST_INCOME":110423448.01334,"NET_INTEREST_INCOME_YOY":null,"FEE_COMMISSION_INCOME":151246079.91122,"FEE_COMMISSION_INCOME_YOY":-25.228545792683,"ACCOUNTS_RECE_TDAYS":0.691534882354,"INVENTORY_TDAYS":null,"CURRENT_ASSETS_TDAYS":0.054020051335,"TOTAL_ASSETS_TDAYS":0.051901526458,"PREMIUM_EXPENSE":null,"LOAN_DEPOSIT":null,"LOAN_EQUITY":null,"LOAN_ASSETS":null,"DEPOSIT_EQUITY":null,"DEPOSIT_ASSETS":null,"EQUITY_MULTIPLIER":4.013640875714,"EQUITY_RATIO":3.978332500824},{"SECUCODE":"06058.HK","SECURITY_CODE":"06058","SECURITY_NAME_ABBR":"兴证国际","ORG_CODE":"10537255","STD_REPORT_DATE":"2023-06-30 00:00:00","REPORT_DATE":"2023-06-30 00:00:00","DATE_TYPE_CODE":"002","REPORT_TYPE":"2023年中报","PER_NETCASH_OPERATE":0.002834942366,"PER_OI":0.079586907242,"BPS":0.709922681129,"BASIC_EPS":0.01429069,"DILUTED_EPS":null,"OPERATE_INCOME":318347628.96972,"OPERATE_INCOME_YOY":232.2914154297,"GROSS_PROFIT":null,"GROSS_PROFIT_YOY":null,"HOLDER_PROFIT":57341606.60238,"HOLDER_PROFIT_YOY":131.3563983778,"GROSS_PROFIT_RATIO":null,"EPS_TTM":-0.009674006811,"OPERATE_INCOME_QOQ":74.420775631047,"NET_PROFIT_RATIO":18.0122612466,"ROE_AVG":2.047582495698,"GROSS_PROFIT_QOQ":null,"ROA":0.452802044969,"HOLDER_PROFIT_QOQ":85.434039121649,"ROE_YEARLY":4.095164991397,"ROIC_YEARLY":1.203695107734,"TOTAL_ASSETS":13828348476.8938,"TOTAL_LIABILITIES":10066677752.3773,"TAX_EBT":16.956503388376,"OCF_SALES":3.562071280813,"TOTAL_PARENT_EQUITY":2839690724.5165,"DEBT_ASSET_RATIO":72.7973970948,"OPERATE_PROFIT":166839226.27534,"PRETAX_PROFIT":69050086.93282,"NETCASH_OPERATE":11339769.46468,"NETCASH_INVEST":-1188825934.04138,"NETCASH_FINANCE":591649280.8008,"END_CASH":1907149569.00578,"DIVI_RATIO":null,"DIVIDEND_RATE":null,"CURRENT_RATIO":1.455219352375,"COMMON_ACS":20000000000,"CURRENTDEBT_DEBT":91.610321307802,"ISSUED_COMMON_SHARES":4000000000,"HK_COMMON_SHARES":4000000000,"PER_SHARES":2000,"TOTAL_MARKET_CAP":904000000,"HKSK_MARKET_CAP":904000000,"PE_TTM":11.155051401527,"PB_TTM":0.279229895242,"REPORT_DATE_SQ":"2022-06-30 00:00:00","REPORT_TYPE_SQ":"2022年中报","OPERATE_INCOME_SQ":88863540.33606,"DPS_HKD":null,"OPERATE_INCOME_QOQ_SQ":-43.082939939473,"NET_PROFIT_RATIO_SQ":-167.5733207858,"HOLDER_PROFIT_SQ":-169623022.29537,"HOLDER_PROFIT_QOQ_SQ":-654.091760620946,"ROE_AVG_SQ":-6.039544043822,"PE_TTM_SQ":-17.361576422458,"PB_TTM_SQ":0.20779276944,"ROA_SQ":-1.171526400304,"START_DATE":"2023-01-01 00:00:00","FISCAL_YEAR":"12-31","CURRENCY":"HKD","IS_CNY_CODE":0,"DPS_HKD_LY":null,"ORG_TYPE":"证券","PREMIUM_INCOME":null,"PREMIUM_INCOME_YOY":null,"NET_INTEREST_INCOME":42481392.96074,"NET_INTEREST_INCOME_YOY":null,"FEE_COMMISSION_INCOME":88058948.73214,"FEE_COMMISSION_INCOME_YOY":-5.021902381084,"ACCOUNTS_RECE_TDAYS":0.283913853852,"INVENTORY_TDAYS":null,"CURRENT_ASSETS_TDAYS":0.02607464625,"TOTAL_ASSETS_TDAYS":0.025138545281,"PREMIUM_EXPENSE":null,"LOAN_DEPOSIT":null,"LOAN_EQUITY":null,"LOAN_ASSETS":null,"DEPOSIT_EQUITY":null,"DEPOSIT_ASSETS":null,"EQUITY_MULTIPLIER":3.676118801884,"EQUITY_RATIO":3.54499089125},{"SECUCODE":"06058.HK","SECURITY_CODE":"06058","SECURITY_NAME_ABBR":"兴证国际","ORG_CODE":"10537255","STD_REPORT_DATE":"2022-12-31 00:00:00","REPORT_DATE":"2022-12-31 00:00:00","DATE_TYPE_CODE":"001","REPORT_TYPE":"2022年年报","PER_NETCASH_OPERATE":0.460536517055,"PER_OI":0.077090062112,"BPS":0.668808601216,"BASIC_EPS":-0.066459288,"DILUTED_EPS":null,"OPERATE_INCOME":308360248.44912,"OPERATE_INCOME_YOY":-53.5685477265,"GROSS_PROFIT":null,"GROSS_PROFIT_YOY":null,"HOLDER_PROFIT":-265660656.14032,"HOLDER_PROFIT_YOY":-841.7695759669,"GROSS_PROFIT_RATIO":null,"EPS_TTM":-0.066415164035,"OPERATE_INCOME_QOQ":-10.872510399785,"NET_PROFIT_RATIO":-86.1526923384,"ROE_AVG":-9.31992759696,"GROSS_PROFIT_QOQ":null,"ROA":-2.032340672202,"HOLDER_PROFIT_QOQ":-46.261219520236,"ROE_YEARLY":-9.31992759696,"ROIC_YEARLY":-3.121216172548,"TOTAL_ASSETS":11141025560.4656,"TOTAL_LIABILITIES":7572521155.60003,"TAX_EBT":2.581565894006,"OCF_SALES":597.40063042633,"TOTAL_PARENT_EQUITY":2675234404.86554,"DEBT_ASSET_RATIO":67.969695559,"OPERATE_PROFIT":-110122428.32605,"PRETAX_PROFIT":-272700601.87097,"NETCASH_OPERATE":1842146068.21924,"NETCASH_INVEST":-2190368143.8296,"NETCASH_FINANCE":-2112744424.35392,"END_CASH":2415356090.88732,"DIVI_RATIO":null,"DIVIDEND_RATE":null,"CURRENT_RATIO":1.864638830374,"COMMON_ACS":20000000000,"CURRENTDEBT_DEBT":75.463800722832,"ISSUED_COMMON_SHARES":4000000000,"HK_COMMON_SHARES":4000000000,"PER_SHARES":2000,"TOTAL_MARKET_CAP":904000000,"HKSK_MARKET_CAP":904000000,"PE_TTM":11.155051401527,"PB_TTM":0.279229895242,"REPORT_DATE_SQ":"2021-12-31 00:00:00","REPORT_TYPE_SQ":"2021年年报","OPERATE_INCOME_SQ":607860962.4416,"DPS_HKD":null,"OPERATE_INCOME_QOQ_SQ":5.343387630172,"NET_PROFIT_RATIO_SQ":5.39277257,"HOLDER_PROFIT_SQ":32780559.2464,"HOLDER_PROFIT_QOQ_SQ":130.171177864483,"ROE_AVG_SQ":1.190728814483,"PE_TTM_SQ":-17.361576422458,"PB_TTM_SQ":0.20779276944,"ROA_SQ":0.228724251363,"START_DATE":"2022-01-01 00:00:00","FISCAL_YEAR":"12-31","CURRENCY":"HKD","IS_CNY_CODE":0,"DPS_HKD_LY":null,"ORG_TYPE":"证券","PREMIUM_INCOME":null,"PREMIUM_INCOME_YOY":null,"NET_INTEREST_INCOME":44121468.23035,"NET_INTEREST_INCOME_YOY":null,"FEE_COMMISSION_INCOME":199387260.30713,"FEE_COMMISSION_INCOME_YOY":-31.643896612836,"ACCOUNTS_RECE_TDAYS":0.257044944282,"INVENTORY_TDAYS":null,"CURRENT_ASSETS_TDAYS":0.024343211822,"TOTAL_ASSETS_TDAYS":0.023589984446,"PREMIUM_EXPENSE":null,"LOAN_DEPOSIT":null,"LOAN_EQUITY":null,"LOAN_ASSETS":null,"DEPOSIT_EQUITY":null,"DEPOSIT_ASSETS":null,"EQUITY_MULTIPLIER":3.122043381892,"EQUITY_RATIO":2.830600990264},{"SECUCODE":"06058.HK","SECURITY_CODE":"06058","SECURITY_NAME_ABBR":"兴证国际","ORG_CODE":"10537255","STD_REPORT_DATE":"2022-06-30 00:00:00","REPORT_DATE":"2022-06-30 00:00:00","DATE_TYPE_CODE":"002","REPORT_TYPE":"2022年中报","PER_NETCASH_OPERATE":-0.184463594458,"PER_OI":0.022215885084,"BPS":0.680095640985,"BASIC_EPS":-0.042417424,"DILUTED_EPS":null,"OPERATE_INCOME":88863540.33606,"OPERATE_INCOME_YOY":-72.8764130068,"GROSS_PROFIT":null,"GROSS_PROFIT_YOY":null,"HOLDER_PROFIT":-169623022.29537,"HOLDER_PROFIT_YOY":-468.4577009715,"GROSS_PROFIT_RATIO":null,"EPS_TTM":-0.045408594467,"OPERATE_INCOME_QOQ":-43.082939939473,"NET_PROFIT_RATIO":-167.5733207858,"ROE_AVG":-6.039544043822,"GROSS_PROFIT_QOQ":null,"ROA":-1.171526400304,"HOLDER_PROFIT_QOQ":-654.091760620946,"ROE_YEARLY":-12.079088087644,"ROIC_YEARLY":-3.626836498724,"TOTAL_ASSETS":14594862186.0792,"TOTAL_LIABILITIES":11019289622.1406,"TAX_EBT":0.280672017699,"OCF_SALES":-728.938245977222,"TOTAL_PARENT_EQUITY":2720382563.93862,"DEBT_ASSET_RATIO":75.501155692,"OPERATE_PROFIT":-102401957.44478,"PRETAX_PROFIT":-170100446.6511,"NETCASH_OPERATE":-737854377.83036,"NETCASH_INVEST":-3866976.76225,"NETCASH_FINANCE":-95902284.25386,"END_CASH":3830821866.39873,"DIVI_RATIO":null,"DIVIDEND_RATE":null,"CURRENT_RATIO":1.590375253946,"COMMON_ACS":20000000000,"CURRENTDEBT_DEBT":81.599349762435,"ISSUED_COMMON_SHARES":4000000000,"HK_COMMON_SHARES":4000000000,"PER_SHARES":2000,"TOTAL_MARKET_CAP":904000000,"HKSK_MARKET_CAP":904000000,"PE_TTM":11.155051401527,"PB_TTM":0.279229895242,"REPORT_DATE_SQ":"2021-06-30 00:00:00","REPORT_TYPE_SQ":"2021年中报","OPERATE_INCOME_SQ":363107540.33376,"DPS_HKD":null,"OPERATE_INCOME_QOQ_SQ":-7.654501396103,"NET_PROFIT_RATIO_SQ":11.943704265,"HOLDER_PROFIT_SQ":44791914.8208,"HOLDER_PROFIT_QOQ_SQ":73.79052324249,"ROE_AVG_SQ":1.389545240193,"PE_TTM_SQ":-17.361576422458,"PB_TTM_SQ":0.20779276944,"ROA_SQ":0.260917190755,"START_DATE":"2022-01-01 00:00:00","FISCAL_YEAR":"12-31","CURRENCY":"HKD","IS_CNY_CODE":0,"DPS_HKD_LY":null,"ORG_TYPE":"证券","PREMIUM_INCOME":null,"PREMIUM_INCOME_YOY":null,"NET_INTEREST_INCOME":15902575.32549,"NET_INTEREST_INCOME_YOY":null,"FEE_COMMISSION_INCOME":85998552.92364,"FEE_COMMISSION_INCOME_YOY":-33.424974376487,"ACCOUNTS_RECE_TDAYS":0.05820964753,"INVENTORY_TDAYS":null,"CURRENT_ASSETS_TDAYS":0.007140143247,"TOTAL_ASSETS_TDAYS":0.006991127196,"PREMIUM_EXPENSE":null,"LOAN_DEPOSIT":null,"LOAN_EQUITY":null,"LOAN_ASSETS":null,"DEPOSIT_EQUITY":null,"DEPOSIT_ASSETS":null,"EQUITY_MULTIPLIER":4.081825197254,"EQUITY_RATIO":4.050639703479},{"SECUCODE":"06058.HK","SECURITY_CODE":"06058","SECURITY_NAME_ABBR":"兴证国际","ORG_CODE":"10537255","STD_REPORT_DATE":"2021-12-31 00:00:00","REPORT_DATE":"2021-12-31 00:00:00","DATE_TYPE_CODE":"001","REPORT_TYPE":"2021年年报","PER_NETCASH_OPERATE":0.863995377935,"PER_OI":0.15196524061,"BPS":0.692343265477,"BASIC_EPS":0.008176,"DILUTED_EPS":null,"OPERATE_INCOME":607860962.4416,"OPERATE_INCOME_YOY":0.1402095185,"GROSS_PROFIT":null,"GROSS_PROFIT_YOY":null,"HOLDER_PROFIT":32780559.2464,"HOLDER_PROFIT_YOY":108.1402192206,"GROSS_PROFIT_RATIO":null,"EPS_TTM":0.008195139812,"OPERATE_INCOME_QOQ":5.343387630172,"NET_PROFIT_RATIO":5.39277257,"ROE_AVG":1.190728814483,"GROSS_PROFIT_QOQ":null,"ROA":0.228724251363,"HOLDER_PROFIT_QOQ":130.171177864483,"ROE_YEARLY":1.190728814483,"ROIC_YEARLY":0.305373524562,"TOTAL_ASSETS":13731431039.9056,"TOTAL_LIABILITIES":10144457977.9984,"TAX_EBT":18.80197384227,"OCF_SALES":568.548027473113,"TOTAL_PARENT_EQUITY":2769373061.9072,"DEBT_ASSET_RATIO":73.8776457349,"OPERATE_PROFIT":210376472.04,"PRETAX_PROFIT":40371128.2128,"NETCASH_OPERATE":3455981511.7408,"NETCASH_INVEST":-18267818.3072,"NETCASH_FINANCE":-843687411.7504,"END_CASH":4463243308.608,"DIVI_RATIO":null,"DIVIDEND_RATE":null,"CURRENT_RATIO":1.636794020396,"COMMON_ACS":20000000000,"CURRENTDEBT_DEBT":80.914903362456,"ISSUED_COMMON_SHARES":4000000000,"HK_COMMON_SHARES":4000000000,"PER_SHARES":2000,"TOTAL_MARKET_CAP":904000000,"HKSK_MARKET_CAP":904000000,"PE_TTM":11.155051401527,"PB_TTM":0.279229895242,"REPORT_DATE_SQ":"2020-12-31 00:00:00","REPORT_TYPE_SQ":"2020年年报","OPERATE_INCOME_SQ":624857867.8124,"DPS_HKD":null,"OPERATE_INCOME_QOQ_SQ":-42.845309526983,"NET_PROFIT_RATIO_SQ":-66.3413798097,"HOLDER_PROFIT_SQ":-414539331.35612,"HOLDER_PROFIT_QOQ_SQ":47.558729963521,"ROE_AVG_SQ":-13.706831045232,"PE_TTM_SQ":-17.361576422458,"PB_TTM_SQ":0.20779276944,"ROA_SQ":-2.314101559468,"START_DATE":"2021-01-01 00:00:00","FISCAL_YEAR":"12-31","CURRENCY":"HKD","IS_CNY_CODE":0,"DPS_HKD_LY":null,"ORG_TYPE":"证券","PREMIUM_INCOME":null,"PREMIUM_INCOME_YOY":null,"NET_INTEREST_INCOME":86956847.9248,"NET_INTEREST_INCOME_YOY":null,"FEE_COMMISSION_INCOME":266979700.848,"FEE_COMMISSION_INCOME_YOY":-4.983119672358,"ACCOUNTS_RECE_TDAYS":0.2973939901,"INVENTORY_TDAYS":null,"CURRENT_ASSETS_TDAYS":0.043425522579,"TOTAL_ASSETS_TDAYS":0.0424131091,"PREMIUM_EXPENSE":null,"LOAN_DEPOSIT":null,"LOAN_EQUITY":null,"LOAN_ASSETS":null,"DEPOSIT_EQUITY":null,"DEPOSIT_ASSETS":null,"EQUITY_MULTIPLIER":3.828138880024,"EQUITY_RATIO":3.663088269882},{"SECUCODE":"06058.HK","SECURITY_CODE":"06058","SECURITY_NAME_ABBR":"兴证国际","ORG_CODE":"10537255","STD_REPORT_DATE":"2021-06-30 00:00:00","REPORT_DATE":"2021-06-30 00:00:00","DATE_TYPE_CODE":"002","REPORT_TYPE":"2021年中报","PER_NETCASH_OPERATE":-0.144146832236,"PER_OI":0.090776885083,"BPS":0.707462622056,"BASIC_EPS":0.01123308,"DILUTED_EPS":null,"OPERATE_INCOME":363107540.33376,"OPERATE_INCOME_YOY":-2.6392331727,"GROSS_PROFIT":null,"GROSS_PROFIT_YOY":null,"HOLDER_PROFIT":44791914.8208,"HOLDER_PROFIT_YOY":118.8325726051,"GROSS_PROFIT_RATIO":null,"EPS_TTM":-0.027162147426,"OPERATE_INCOME_QOQ":-7.654501396103,"NET_PROFIT_RATIO":11.943704265,"ROE_AVG":1.389545240193,"GROSS_PROFIT_QOQ":null,"ROA":0.260917190755,"HOLDER_PROFIT_QOQ":73.79052324249,"ROE_YEARLY":2.779090480386,"ROIC_YEARLY":0.619327158892,"TOTAL_ASSETS":19137347901.2314,"TOTAL_LIABILITIES":15475417413.0079,"TAX_EBT":13.739823604552,"OCF_SALES":-153.746241199235,"TOTAL_PARENT_EQUITY":3661930488.22344,"DEBT_ASSET_RATIO":80.8650053961,"OPERATE_PROFIT":152821180.73952,"PRETAX_PROFIT":51926528.19936,"NETCASH_OPERATE":-576587328.94296,"NETCASH_INVEST":-1320105.73704,"NETCASH_FINANCE":2132208567.12696,"END_CASH":3456622687.9308,"DIVI_RATIO":null,"DIVIDEND_RATE":null,"CURRENT_RATIO":1.624586403277,"COMMON_ACS":20000000000,"CURRENTDEBT_DEBT":74.91528836668,"ISSUED_COMMON_SHARES":4000000000,"HK_COMMON_SHARES":4000000000,"PER_SHARES":2000,"TOTAL_MARKET_CAP":904000000,"HKSK_MARKET_CAP":904000000,"PE_TTM":11.155051401527,"PB_TTM":0.279229895242,"REPORT_DATE_SQ":"2020-06-30 00:00:00","REPORT_TYPE_SQ":"2020年中报","OPERATE_INCOME_SQ":422855071.54704,"DPS_HKD":null,"OPERATE_INCOME_QOQ_SQ":-12.44379886092,"NET_PROFIT_RATIO_SQ":-61.7466466413,"HOLDER_PROFIT_SQ":-261098826.8328,"HOLDER_PROFIT_QOQ_SQ":-91.065092347951,"ROE_AVG_SQ":-7.732290922299,"PE_TTM_SQ":-17.361576422458,"PB_TTM_SQ":0.20779276944,"ROA_SQ":-1.153893700634,"START_DATE":"2021-01-01 00:00:00","FISCAL_YEAR":"12-31","CURRENCY":"HKD","IS_CNY_CODE":0,"DPS_HKD_LY":null,"ORG_TYPE":"证券","PREMIUM_INCOME":null,"PREMIUM_INCOME_YOY":null,"NET_INTEREST_INCOME":61340668.00608,"NET_INTEREST_INCOME_YOY":null,"FEE_COMMISSION_INCOME":125684658.87744,"FEE_COMMISSION_INCOME_YOY":-15.083488031998,"ACCOUNTS_RECE_TDAYS":0.088796768581,"INVENTORY_TDAYS":null,"CURRENT_ASSETS_TDAYS":0.022288063874,"TOTAL_ASSETS_TDAYS":0.021845583662,"PREMIUM_EXPENSE":null,"LOAN_DEPOSIT":null,"LOAN_EQUITY":null,"LOAN_ASSETS":null,"DEPOSIT_EQUITY":null,"DEPOSIT_ASSETS":null,"EQUITY_MULTIPLIER":5.226027081273,"EQUITY_RATIO":4.226027081283},{"SECUCODE":"06058.HK","SECURITY_CODE":"06058","SECURITY_NAME_ABBR":"兴证国际","ORG_CODE":"10537255","STD_REPORT_DATE":"2020-12-31 00:00:00","REPORT_DATE":"2020-12-31 00:00:00","DATE_TYPE_CODE":"001","REPORT_TYPE":"2020年年报","PER_NETCASH_OPERATE":0.601180530457,"PER_OI":0.156214466953,"BPS":0.704264222707,"BASIC_EPS":-0.103605884,"DILUTED_EPS":null,"OPERATE_INCOME":624857867.8124,"OPERATE_INCOME_YOY":-46.7384523927,"GROSS_PROFIT":null,"GROSS_PROFIT_YOY":null,"HOLDER_PROFIT":-414539331.35612,"HOLDER_PROFIT_YOY":-6.6423099493,"GROSS_PROFIT_RATIO":null,"EPS_TTM":-0.103634832839,"OPERATE_INCOME_QOQ":-42.845309526983,"NET_PROFIT_RATIO":-66.3413798097,"ROE_AVG":-13.706831045232,"GROSS_PROFIT_QOQ":null,"ROA":-2.314101559468,"HOLDER_PROFIT_QOQ":47.558729963521,"ROE_YEARLY":-13.706831045232,"ROIC_YEARLY":-2.823862812812,"TOTAL_ASSETS":15371452804.8678,"TOTAL_LIABILITIES":12554395914.0417,"TAX_EBT":7.286532905077,"OCF_SALES":384.843057229547,"TOTAL_PARENT_EQUITY":2817056890.82612,"DEBT_ASSET_RATIO":81.6734506062,"OPERATE_PROFIT":-40024249.95644,"PRETAX_PROFIT":-447118789.04464,"NETCASH_OPERATE":2404722121.8286,"NETCASH_INVEST":-10474535.51468,"NETCASH_FINANCE":-4981218324.32932,"END_CASH":1924177860.25072,"DIVI_RATIO":null,"DIVIDEND_RATE":null,"CURRENT_RATIO":1.415985615462,"COMMON_ACS":20000000000,"CURRENTDEBT_DEBT":84.31334231009,"ISSUED_COMMON_SHARES":4000000000,"HK_COMMON_SHARES":4000000000,"PER_SHARES":2000,"TOTAL_MARKET_CAP":904000000,"HKSK_MARKET_CAP":904000000,"PE_TTM":11.155051401527,"PB_TTM":0.279229895242,"REPORT_DATE_SQ":"2019-12-31 00:00:00","REPORT_TYPE_SQ":"2019年年报","OPERATE_INCOME_SQ":1248654984.46136,"DPS_HKD":null,"OPERATE_INCOME_QOQ_SQ":12.242931511588,"NET_PROFIT_RATIO_SQ":-33.1336086094,"HOLDER_PROFIT_SQ":-413724455.43366,"HOLDER_PROFIT_QOQ_SQ":-313.395688059331,"ROE_AVG_SQ":-11.222826197148,"PE_TTM_SQ":-17.361576422458,"PB_TTM_SQ":0.20779276944,"ROA_SQ":-1.938610116744,"START_DATE":"2020-01-01 00:00:00","FISCAL_YEAR":"12-31","CURRENCY":"HKD","IS_CNY_CODE":0,"DPS_HKD_LY":null,"ORG_TYPE":"证券","PREMIUM_INCOME":null,"PREMIUM_INCOME_YOY":null,"NET_INTEREST_INCOME":176398498.5846,"NET_INTEREST_INCOME_YOY":null,"FEE_COMMISSION_INCOME":289243068.23116,"FEE_COMMISSION_INCOME_YOY":-4.177560727307,"ACCOUNTS_RECE_TDAYS":0.164535787138,"INVENTORY_TDAYS":null,"CURRENT_ASSETS_TDAYS":0.035622994275,"TOTAL_ASSETS_TDAYS":0.034881721877,"PREMIUM_EXPENSE":null,"LOAN_DEPOSIT":null,"LOAN_EQUITY":null,"LOAN_ASSETS":null,"DEPOSIT_EQUITY":null,"DEPOSIT_ASSETS":null,"EQUITY_MULTIPLIER":5.456564563858,"EQUITY_RATIO":4.456564563863},{"SECUCODE":"06058.HK","SECURITY_CODE":"06058","SECURITY_NAME_ABBR":"兴证国际","ORG_CODE":"10537255","STD_REPORT_DATE":"2020-06-30 00:00:00","REPORT_DATE":"2020-06-30 00:00:00","DATE_TYPE_CODE":"002","REPORT_TYPE":"2020年中报","PER_NETCASH_OPERATE":-0.023779121091,"PER_OI":0.105713767887,"BPS":0.81154592123,"BASIC_EPS":-0.06531096,"DILUTED_EPS":null,"OPERATE_INCOME":422855071.54704,"OPERATE_INCOME_YOY":-29.5758122435,"GROSS_PROFIT":null,"GROSS_PROFIT_YOY":null,"HOLDER_PROFIT":-261098826.8328,"HOLDER_PROFIT_YOY":-317.3990102943,"GROSS_PROFIT_RATIO":null,"EPS_TTM":-0.19762075321,"OPERATE_INCOME_QOQ":-12.44379886092,"NET_PROFIT_RATIO":-61.7466466413,"ROE_AVG":-7.732290922299,"GROSS_PROFIT_QOQ":null,"ROA":-1.153893700634,"HOLDER_PROFIT_QOQ":-91.065092347951,"ROE_YEARLY":-15.464581844598,"ROIC_YEARLY":-2.908654069865,"TOTAL_ASSETS":23054404901.5632,"TOTAL_LIABILITIES":19808221216.645,"TAX_EBT":11.913694841542,"OCF_SALES":-22.49387337747,"TOTAL_PARENT_EQUITY":3246183684.91824,"DEBT_ASSET_RATIO":85.91946442,"OPERATE_PROFIT":-14180597.88816,"PRETAX_PROFIT":-296412508.5768,"NETCASH_OPERATE":-95116484.364,"NETCASH_INVEST":-35606233.74,"NETCASH_FINANCE":-343083758.04384,"END_CASH":4422186556.02768,"DIVI_RATIO":null,"DIVIDEND_RATE":null,"CURRENT_RATIO":1.383212357509,"COMMON_ACS":20000000000,"CURRENTDEBT_DEBT":82.500294509748,"ISSUED_COMMON_SHARES":4000000000,"HK_COMMON_SHARES":4000000000,"PER_SHARES":2000,"TOTAL_MARKET_CAP":904000000,"HKSK_MARKET_CAP":904000000,"PE_TTM":11.155051401527,"PB_TTM":0.279229895242,"REPORT_DATE_SQ":"2019-06-30 00:00:00","REPORT_TYPE_SQ":"2019年中报","OPERATE_INCOME_SQ":578235186.28026,"DPS_HKD":null,"OPERATE_INCOME_QOQ_SQ":18.093472480992,"NET_PROFIT_RATIO_SQ":20.0021951825,"HOLDER_PROFIT_SQ":115659730.57392,"HOLDER_PROFIT_QOQ_SQ":53.872635342722,"ROE_AVG_SQ":2.980087465881,"PE_TTM_SQ":-17.361576422458,"PB_TTM_SQ":0.20779276944,"ROA_SQ":0.520146257756,"START_DATE":"2020-01-01 00:00:00","FISCAL_YEAR":"12-31","CURRENCY":"HKD","IS_CNY_CODE":0,"DPS_HKD_LY":null,"ORG_TYPE":"证券","PREMIUM_INCOME":null,"PREMIUM_INCOME_YOY":null,"NET_INTEREST_INCOME":90489728.076,"NET_INTEREST_INCOME_YOY":null,"FEE_COMMISSION_INCOME":162481928.94912,"FEE_COMMISSION_INCOME_YOY":-2.987653712717,"ACCOUNTS_RECE_TDAYS":0.09756651982,"INVENTORY_TDAYS":null,"CURRENT_ASSETS_TDAYS":0.019042436631,"TOTAL_ASSETS_TDAYS":0.018687552497,"PREMIUM_EXPENSE":null,"LOAN_DEPOSIT":null,"LOAN_EQUITY":null,"LOAN_ASSETS":null,"DEPOSIT_EQUITY":null,"DEPOSIT_ASSETS":null,"EQUITY_MULTIPLIER":7.102002578797,"EQUITY_RATIO":6.102002578805}],"count":28},"success":true,"message":"ok","code":0}