{"version":"731836bdb3a7fddb5d13629989f4bc8f","result":{"pages":3,"data":[{"SECUCODE":"06069.HK","SECURITY_CODE":"06069","SECURITY_NAME_ABBR":"盛业","ORG_CODE":"10663905","STD_REPORT_DATE":"2024-06-30 00:00:00","REPORT_DATE":"2024-06-30 00:00:00","DATE_TYPE_CODE":"002","REPORT_TYPE":"2024年中报","PER_NETCASH_OPERATE":0.581566608044,"PER_OI":0.441362905981,"BPS":3.895392788237,"BASIC_EPS":0.16,"DILUTED_EPS":0.16,"OPERATE_INCOME":436050000,"OPERATE_INCOME_YOY":-11.8798955614,"GROSS_PROFIT":436050000,"GROSS_PROFIT_YOY":-11.879895561358,"HOLDER_PROFIT":155322000,"HOLDER_PROFIT_YOY":-11.1745261978,"GROSS_PROFIT_RATIO":null,"EPS_TTM":0.251736275415,"OPERATE_INCOME_QOQ":-6.101183371769,"NET_PROFIT_RATIO":37.8685930513,"ROE_AVG":3.995539417886,"GROSS_PROFIT_QOQ":-6.237949560321,"ROA":1.399959440276,"HOLDER_PROFIT_QOQ":-7.28435838745,"ROE_YEARLY":7.991078835773,"ROIC_YEARLY":3.036243715238,"TOTAL_ASSETS":10369932000,"TOTAL_LIABILITIES":6481578000,"TAX_EBT":27.290260366442,"OCF_SALES":131.766081871345,"TOTAL_PARENT_EQUITY":3848204000,"DEBT_ASSET_RATIO":62.5035728296,"OPERATE_PROFIT":371815000,"PRETAX_PROFIT":227103000,"NETCASH_OPERATE":574566000,"NETCASH_INVEST":-199871000,"NETCASH_FINANCE":-288117000,"END_CASH":741054000,"DIVI_RATIO":0.968367310583,"DIVIDEND_RATE":3.183431952663,"CURRENT_RATIO":1.283575422449,"COMMON_ACS":5000000000,"CURRENTDEBT_DEBT":94.809011015527,"ISSUED_COMMON_SHARES":987886000,"HK_COMMON_SHARES":987886000,"PER_SHARES":500,"TOTAL_MARKET_CAP":8347636700,"HKSK_MARKET_CAP":8347636700,"PE_TTM":30.187256994999,"PB_TTM":1.9798121574,"REPORT_DATE_SQ":"2023-06-30 00:00:00","REPORT_TYPE_SQ":"2023年中报","OPERATE_INCOME_SQ":494836000,"DPS_HKD":0.269,"OPERATE_INCOME_QOQ_SQ":13.565293437861,"NET_PROFIT_RATIO_SQ":37.7915107227,"HOLDER_PROFIT_SQ":174862000,"HOLDER_PROFIT_QOQ_SQ":3.031007433945,"ROE_AVG_SQ":4.509202422347,"PE_TTM_SQ":18.170670731354,"PB_TTM_SQ":1.040964797275,"ROA_SQ":1.548710442729,"START_DATE":"2024-01-01 00:00:00","FISCAL_YEAR":"12-31","CURRENCY":"HKD","IS_CNY_CODE":0,"DPS_HKD_LY":0.269,"ORG_TYPE":"一般企业","PREMIUM_INCOME":null,"PREMIUM_INCOME_YOY":null,"NET_INTEREST_INCOME":null,"NET_INTEREST_INCOME_YOY":null,"FEE_COMMISSION_INCOME":null,"FEE_COMMISSION_INCOME_YOY":null,"ACCOUNTS_RECE_TDAYS":11.43108058512,"INVENTORY_TDAYS":null,"CURRENT_ASSETS_TDAYS":0.049819877806,"TOTAL_ASSETS_TDAYS":0.039302372744,"PREMIUM_EXPENSE":null,"LOAN_DEPOSIT":null,"LOAN_EQUITY":null,"LOAN_ASSETS":null,"DEPOSIT_EQUITY":null,"DEPOSIT_ASSETS":null,"EQUITY_MULTIPLIER":2.666920758758,"EQUITY_RATIO":1.684312474079},{"SECUCODE":"06069.HK","SECURITY_CODE":"06069","SECURITY_NAME_ABBR":"盛业","ORG_CODE":"10663905","STD_REPORT_DATE":"2023-12-31 00:00:00","REPORT_DATE":"2023-12-31 00:00:00","DATE_TYPE_CODE":"001","REPORT_TYPE":"2023年年报","PER_NETCASH_OPERATE":1.69935438242,"PER_OI":0.973496337459,"BPS":3.974715706063,"BASIC_EPS":0.27,"DILUTED_EPS":0.27,"OPERATE_INCOME":963518000,"OPERATE_INCOME_YOY":20.3758003561,"GROSS_PROFIT":942393000,"GROSS_PROFIT_YOY":22.098519103948,"HOLDER_PROFIT":268246000,"HOLDER_PROFIT_YOY":22.2640030264,"GROSS_PROFIT_RATIO":97.807513715364,"EPS_TTM":0.271023995959,"OPERATE_INCOME_QOQ":5.99699671619,"NET_PROFIT_RATIO":29.6356684566,"ROE_AVG":6.840603777396,"GROSS_PROFIT_QOQ":7.040242614237,"ROA":2.312662193212,"HOLDER_PROFIT_QOQ":18.667191626594,"ROE_YEARLY":6.840603777396,"ROIC_YEARLY":2.497183237707,"TOTAL_ASSETS":11819568000,"TOTAL_LIABILITIES":7756281000,"TAX_EBT":22.959559468275,"OCF_SALES":174.561969781571,"TOTAL_PARENT_EQUITY":3926566000,"DEBT_ASSET_RATIO":65.6223730004,"OPERATE_PROFIT":762119000,"PRETAX_PROFIT":370643000,"NETCASH_OPERATE":1681936000,"NETCASH_INVEST":-898406000,"NETCASH_FINANCE":-705915000,"END_CASH":658210000,"DIVI_RATIO":0.899452386634,"DIVIDEND_RATE":3.341614906832,"CURRENT_RATIO":1.568618163693,"COMMON_ACS":5000000000,"CURRENTDEBT_DEBT":79.04674933773,"ISSUED_COMMON_SHARES":987886000,"HK_COMMON_SHARES":987886000,"PER_SHARES":500,"TOTAL_MARKET_CAP":7952482300,"HKSK_MARKET_CAP":7952482300,"PE_TTM":28.758274415354,"PB_TTM":1.886093238707,"REPORT_DATE_SQ":"2022-12-31 00:00:00","REPORT_TYPE_SQ":"2022年年报","OPERATE_INCOME_SQ":800425000,"DPS_HKD":0.269,"OPERATE_INCOME_QOQ_SQ":20.852615447332,"NET_PROFIT_RATIO_SQ":30.4348314958,"HOLDER_PROFIT_SQ":219399000,"HOLDER_PROFIT_QOQ_SQ":-47.595696808434,"ROE_AVG_SQ":5.708285259977,"PE_TTM_SQ":20.203462662487,"PB_TTM_SQ":1.157419763181,"ROA_SQ":2.174287476602,"START_DATE":"2023-01-01 00:00:00","FISCAL_YEAR":"12-31","CURRENCY":"HKD","IS_CNY_CODE":0,"DPS_HKD_LY":0.075,"ORG_TYPE":"一般企业","PREMIUM_INCOME":null,"PREMIUM_INCOME_YOY":null,"NET_INTEREST_INCOME":null,"NET_INTEREST_INCOME_YOY":null,"FEE_COMMISSION_INCOME":null,"FEE_COMMISSION_INCOME_YOY":null,"ACCOUNTS_RECE_TDAYS":22.821634552754,"INVENTORY_TDAYS":null,"CURRENT_ASSETS_TDAYS":0.098535590089,"TOTAL_ASSETS_TDAYS":0.083068960994,"PREMIUM_EXPENSE":null,"LOAN_DEPOSIT":null,"LOAN_EQUITY":null,"LOAN_ASSETS":null,"DEPOSIT_EQUITY":null,"DEPOSIT_ASSETS":null,"EQUITY_MULTIPLIER":2.908868608097,"EQUITY_RATIO":1.97533442708},{"SECUCODE":"06069.HK","SECURITY_CODE":"06069","SECURITY_NAME_ABBR":"盛业","ORG_CODE":"10663905","STD_REPORT_DATE":"2023-06-30 00:00:00","REPORT_DATE":"2023-06-30 00:00:00","DATE_TYPE_CODE":"002","REPORT_TYPE":"2023年中报","PER_NETCASH_OPERATE":0.639471894992,"PER_OI":0.499169792135,"BPS":3.886675183169,"BASIC_EPS":0.18,"DILUTED_EPS":0.18,"OPERATE_INCOME":494836000,"OPERATE_INCOME_YOY":28.1108901868,"GROSS_PROFIT":494836000,"GROSS_PROFIT_YOY":28.110890186819,"HOLDER_PROFIT":174862000,"HOLDER_PROFIT_YOY":3.953344589,"GROSS_PROFIT_RATIO":null,"EPS_TTM":0.228028745569,"OPERATE_INCOME_QOQ":13.565293437861,"NET_PROFIT_RATIO":37.7915107227,"ROE_AVG":4.509202422347,"GROSS_PROFIT_QOQ":14.067864685229,"ROA":1.548710442729,"HOLDER_PROFIT_QOQ":3.031007433945,"ROE_YEARLY":9.018404844694,"ROIC_YEARLY":3.353594159911,"TOTAL_ASSETS":11203167000,"TOTAL_LIABILITIES":7157296000,"TAX_EBT":18.338704465463,"OCF_SALES":128.107090025786,"TOTAL_PARENT_EQUITY":3839592000,"DEBT_ASSET_RATIO":63.8863635613,"OPERATE_PROFIT":426178000,"PRETAX_PROFIT":229002000,"NETCASH_OPERATE":633920000,"NETCASH_INVEST":-217709000,"NETCASH_FINANCE":-371923000,"END_CASH":615502000,"DIVI_RATIO":1.069045831883,"DIVIDEND_RATE":3.341614906832,"CURRENT_RATIO":1.999396723586,"COMMON_ACS":5000000000,"CURRENTDEBT_DEBT":68.807745271399,"ISSUED_COMMON_SHARES":987886000,"HK_COMMON_SHARES":987886000,"PER_SHARES":500,"TOTAL_MARKET_CAP":7952482300,"HKSK_MARKET_CAP":7952482300,"PE_TTM":28.758274415354,"PB_TTM":1.886093238707,"REPORT_DATE_SQ":"2022-06-30 00:00:00","REPORT_TYPE_SQ":"2022年中报","OPERATE_INCOME_SQ":386256000,"DPS_HKD":0.269,"OPERATE_INCOME_QOQ_SQ":15.118548736123,"NET_PROFIT_RATIO_SQ":46.3638105298,"HOLDER_PROFIT_SQ":168212000,"HOLDER_PROFIT_QOQ_SQ":1.85455049715,"ROE_AVG_SQ":4.399113388212,"PE_TTM_SQ":20.203462662487,"PB_TTM_SQ":1.157419763181,"ROA_SQ":1.839988733334,"START_DATE":"2023-01-01 00:00:00","FISCAL_YEAR":"12-31","CURRENCY":"HKD","IS_CNY_CODE":0,"DPS_HKD_LY":0.075,"ORG_TYPE":"一般企业","PREMIUM_INCOME":null,"PREMIUM_INCOME_YOY":null,"NET_INTEREST_INCOME":null,"NET_INTEREST_INCOME_YOY":null,"FEE_COMMISSION_INCOME":null,"FEE_COMMISSION_INCOME_YOY":null,"ACCOUNTS_RECE_TDAYS":12.913088294777,"INVENTORY_TDAYS":null,"CURRENT_ASSETS_TDAYS":0.050018821396,"TOTAL_ASSETS_TDAYS":0.043826427734,"PREMIUM_EXPENSE":null,"LOAN_DEPOSIT":null,"LOAN_EQUITY":null,"LOAN_ASSETS":null,"DEPOSIT_EQUITY":null,"DEPOSIT_ASSETS":null,"EQUITY_MULTIPLIER":2.769037124515,"EQUITY_RATIO":1.864077224872},{"SECUCODE":"06069.HK","SECURITY_CODE":"06069","SECURITY_NAME_ABBR":"盛业","ORG_CODE":"10663905","STD_REPORT_DATE":"2022-12-31 00:00:00","REPORT_DATE":"2022-12-31 00:00:00","DATE_TYPE_CODE":"001","REPORT_TYPE":"2022年年报","PER_NETCASH_OPERATE":-0.763314410977,"PER_OI":0.794297392764,"BPS":3.964214494385,"BASIC_EPS":0.22,"DILUTED_EPS":0.22,"OPERATE_INCOME":800425000,"OPERATE_INCOME_YOY":39.1237770126,"GROSS_PROFIT":771830000,"GROSS_PROFIT_YOY":34.504992767893,"HOLDER_PROFIT":219399000,"HOLDER_PROFIT_YOY":-46.6238325431,"GROSS_PROFIT_RATIO":96.427522878471,"EPS_TTM":0.21771940366,"OPERATE_INCOME_QOQ":20.852615447332,"NET_PROFIT_RATIO":30.4348314958,"ROE_AVG":5.708285259977,"GROSS_PROFIT_QOQ":16.535183409707,"ROA":2.174287476602,"HOLDER_PROFIT_QOQ":-47.595696808434,"ROE_YEARLY":5.708285259977,"ROIC_YEARLY":2.383775087948,"TOTAL_ASSETS":11378459000,"TOTAL_LIABILITIES":7254770000,"TAX_EBT":14.821781970503,"OCF_SALES":-96.099322235063,"TOTAL_PARENT_EQUITY":3916192000,"DEBT_ASSET_RATIO":63.7588095189,"OPERATE_PROFIT":563976000,"PRETAX_PROFIT":285998000,"NETCASH_OPERATE":-769203000,"NETCASH_INVEST":-618859000,"NETCASH_FINANCE":1211997000,"END_CASH":577033000,"DIVI_RATIO":1.119666763281,"DIVIDEND_RATE":3.341614906832,"CURRENT_RATIO":1.825533554602,"COMMON_ACS":5000000000,"CURRENTDEBT_DEBT":75.049422655715,"ISSUED_COMMON_SHARES":987886000,"HK_COMMON_SHARES":987886000,"PER_SHARES":500,"TOTAL_MARKET_CAP":7952482300,"HKSK_MARKET_CAP":7952482300,"PE_TTM":28.758274415354,"PB_TTM":1.886093238707,"REPORT_DATE_SQ":"2021-12-31 00:00:00","REPORT_TYPE_SQ":"2021年年报","OPERATE_INCOME_SQ":575333000,"DPS_HKD":0.269,"OPERATE_INCOME_QOQ_SQ":22.05834618624,"NET_PROFIT_RATIO_SQ":73.2572266844,"HOLDER_PROFIT_SQ":411043000,"HOLDER_PROFIT_QOQ_SQ":32.325170379003,"ROE_AVG_SQ":12.293992485597,"PE_TTM_SQ":20.203462662487,"PB_TTM_SQ":1.157419763181,"ROA_SQ":6.049522450468,"START_DATE":"2022-01-01 00:00:00","FISCAL_YEAR":"12-31","CURRENCY":"HKD","IS_CNY_CODE":0,"DPS_HKD_LY":0.075,"ORG_TYPE":"一般企业","PREMIUM_INCOME":null,"PREMIUM_INCOME_YOY":null,"NET_INTEREST_INCOME":null,"NET_INTEREST_INCOME_YOY":null,"FEE_COMMISSION_INCOME":null,"FEE_COMMISSION_INCOME_YOY":null,"ACCOUNTS_RECE_TDAYS":27.649487028913,"INVENTORY_TDAYS":null,"CURRENT_ASSETS_TDAYS":0.088981254267,"TOTAL_ASSETS_TDAYS":0.079323700357,"PREMIUM_EXPENSE":null,"LOAN_DEPOSIT":null,"LOAN_EQUITY":null,"LOAN_ASSETS":null,"DEPOSIT_EQUITY":null,"DEPOSIT_ASSETS":null,"EQUITY_MULTIPLIER":2.759291255958,"EQUITY_RATIO":1.852506210114},{"SECUCODE":"06069.HK","SECURITY_CODE":"06069","SECURITY_NAME_ABBR":"盛业","ORG_CODE":"10663905","STD_REPORT_DATE":"2022-06-30 00:00:00","REPORT_DATE":"2022-06-30 00:00:00","DATE_TYPE_CODE":"002","REPORT_TYPE":"2022年中报","PER_NETCASH_OPERATE":0.457651988383,"PER_OI":0.384113224378,"BPS":3.924234172769,"BASIC_EPS":0.17,"DILUTED_EPS":0.17,"OPERATE_INCOME":386256000,"OPERATE_INCOME_YOY":29.0643356924,"GROSS_PROFIT":386256000,"GROSS_PROFIT_YOY":29.064335692376,"HOLDER_PROFIT":168212000,"HOLDER_PROFIT_YOY":4.7469004726,"GROSS_PROFIT_RATIO":null,"EPS_TTM":0.416343428186,"OPERATE_INCOME_QOQ":15.118548736123,"NET_PROFIT_RATIO":46.3638105298,"ROE_AVG":4.399113388212,"GROSS_PROFIT_QOQ":15.118548736123,"ROA":1.839988733334,"HOLDER_PROFIT_QOQ":1.85455049715,"ROE_YEARLY":8.798226776424,"ROIC_YEARLY":4.168731625634,"TOTAL_ASSETS":9481252000,"TOTAL_LIABILITIES":5411144000,"TAX_EBT":4.66905149744,"OCF_SALES":119.145074769065,"TOTAL_PARENT_EQUITY":3876696000,"DEBT_ASSET_RATIO":57.0720406967,"OPERATE_PROFIT":304555000,"PRETAX_PROFIT":187854000,"NETCASH_OPERATE":460205000,"NETCASH_INVEST":-306439000,"NETCASH_FINANCE":27843000,"END_CASH":958417000,"DIVI_RATIO":0.585509854358,"DIVIDEND_RATE":3.341614906832,"CURRENT_RATIO":1.799946877307,"COMMON_ACS":5000000000,"CURRENTDEBT_DEBT":85.230868001295,"ISSUED_COMMON_SHARES":987886000,"HK_COMMON_SHARES":987886000,"PER_SHARES":500,"TOTAL_MARKET_CAP":7952482300,"HKSK_MARKET_CAP":7952482300,"PE_TTM":28.758274415354,"PB_TTM":1.886093238707,"REPORT_DATE_SQ":"2021-06-30 00:00:00","REPORT_TYPE_SQ":"2021年中报","OPERATE_INCOME_SQ":299274000,"DPS_HKD":0.269,"OPERATE_INCOME_QOQ_SQ":-4.946288166457,"NET_PROFIT_RATIO_SQ":74.5862129043,"HOLDER_PROFIT_SQ":160589000,"HOLDER_PROFIT_QOQ_SQ":-5.655546511487,"ROE_AVG_SQ":5.384975860679,"PE_TTM_SQ":20.203462662487,"PB_TTM_SQ":1.157419763181,"ROA_SQ":3.12502706126,"START_DATE":"2022-01-01 00:00:00","FISCAL_YEAR":"12-31","CURRENCY":"HKD","IS_CNY_CODE":0,"DPS_HKD_LY":0.075,"ORG_TYPE":"一般企业","PREMIUM_INCOME":null,"PREMIUM_INCOME_YOY":null,"NET_INTEREST_INCOME":null,"NET_INTEREST_INCOME_YOY":null,"FEE_COMMISSION_INCOME":null,"FEE_COMMISSION_INCOME_YOY":null,"ACCOUNTS_RECE_TDAYS":17.012310334956,"INVENTORY_TDAYS":null,"CURRENT_ASSETS_TDAYS":0.047240509162,"TOTAL_ASSETS_TDAYS":0.042250653234,"PREMIUM_EXPENSE":null,"LOAN_DEPOSIT":null,"LOAN_EQUITY":null,"LOAN_ASSETS":null,"DEPOSIT_EQUITY":null,"DEPOSIT_ASSETS":null,"EQUITY_MULTIPLIER":2.329484131623,"EQUITY_RATIO":1.395813342083},{"SECUCODE":"06069.HK","SECURITY_CODE":"06069","SECURITY_NAME_ABBR":"盛业","ORG_CODE":"10663905","STD_REPORT_DATE":"2021-12-31 00:00:00","REPORT_DATE":"2021-12-31 00:00:00","DATE_TYPE_CODE":"001","REPORT_TYPE":"2021年年报","PER_NETCASH_OPERATE":-0.095104384014,"PER_OI":0.572871656926,"BPS":3.817085169746,"BASIC_EPS":0.43,"DILUTED_EPS":0.43,"OPERATE_INCOME":575333000,"OPERATE_INCOME_YOY":-9.2706427805,"GROSS_PROFIT":573830000,"GROSS_PROFIT_YOY":-9.507664164511,"HOLDER_PROFIT":411043000,"HOLDER_PROFIT_YOY":24.8414588218,"GROSS_PROFIT_RATIO":null,"EPS_TTM":0.409284509107,"OPERATE_INCOME_QOQ":22.05834618624,"NET_PROFIT_RATIO":73.2572266844,"ROE_AVG":12.293992485597,"GROSS_PROFIT_QOQ":22.05834618624,"ROA":6.049522450468,"HOLDER_PROFIT_QOQ":32.325170379003,"ROE_YEARLY":12.293992485597,"ROIC_YEARLY":6.768312462437,"TOTAL_ASSETS":8802773000,"TOTAL_LIABILITIES":4849179000,"TAX_EBT":8.801490428412,"OCF_SALES":-16.601342179225,"TOTAL_PARENT_EQUITY":3770845000,"DEBT_ASSET_RATIO":55.0869481696,"OPERATE_PROFIT":577912000,"PRETAX_PROFIT":462149000,"NETCASH_OPERATE":-95513000,"NETCASH_INVEST":-220363000,"NETCASH_FINANCE":775402000,"END_CASH":800410000,"DIVI_RATIO":0.595608127295,"DIVIDEND_RATE":3.341614906832,"CURRENT_RATIO":2.100194043777,"COMMON_ACS":5000000000,"CURRENTDEBT_DEBT":79.0581457191,"ISSUED_COMMON_SHARES":987886000,"HK_COMMON_SHARES":987886000,"PER_SHARES":500,"TOTAL_MARKET_CAP":7952482300,"HKSK_MARKET_CAP":7952482300,"PE_TTM":28.758274415354,"PB_TTM":1.886093238707,"REPORT_DATE_SQ":"2020-12-31 00:00:00","REPORT_TYPE_SQ":"2020年年报","OPERATE_INCOME_SQ":634120000,"DPS_HKD":0.269,"OPERATE_INCOME_QOQ_SQ":-0.261671641311,"NET_PROFIT_RATIO_SQ":68.0388878918,"HOLDER_PROFIT_SQ":329252000,"HOLDER_PROFIT_QOQ_SQ":-3.38764719173,"ROE_AVG_SQ":12.651261871653,"PE_TTM_SQ":20.203462662487,"PB_TTM_SQ":1.157419763181,"ROA_SQ":7.106921117,"START_DATE":"2021-01-01 00:00:00","FISCAL_YEAR":"12-31","CURRENCY":"HKD","IS_CNY_CODE":0,"DPS_HKD_LY":0.063,"ORG_TYPE":"一般企业","PREMIUM_INCOME":null,"PREMIUM_INCOME_YOY":null,"NET_INTEREST_INCOME":null,"NET_INTEREST_INCOME_YOY":null,"FEE_COMMISSION_INCOME":null,"FEE_COMMISSION_INCOME_YOY":null,"ACCOUNTS_RECE_TDAYS":50.687899211488,"INVENTORY_TDAYS":null,"CURRENT_ASSETS_TDAYS":0.091951228848,"TOTAL_ASSETS_TDAYS":0.084674593656,"PREMIUM_EXPENSE":null,"LOAN_DEPOSIT":null,"LOAN_EQUITY":null,"LOAN_ASSETS":null,"DEPOSIT_EQUITY":null,"DEPOSIT_ASSETS":null,"EQUITY_MULTIPLIER":2.226524271332,"EQUITY_RATIO":1.285966142867},{"SECUCODE":"06069.HK","SECURITY_CODE":"06069","SECURITY_NAME_ABBR":"盛业","ORG_CODE":"10663905","STD_REPORT_DATE":"2021-06-30 00:00:00","REPORT_DATE":"2021-06-30 00:00:00","DATE_TYPE_CODE":"002","REPORT_TYPE":"2021年中报","PER_NETCASH_OPERATE":-0.283789863308,"PER_OI":0.319049314619,"BPS":3.085667779481,"BASIC_EPS":0.17,"DILUTED_EPS":0.17,"OPERATE_INCOME":299274000,"OPERATE_INCOME_YOY":-9.8753900352,"GROSS_PROFIT":299274000,"GROSS_PROFIT_YOY":20.492803220936,"HOLDER_PROFIT":160589000,"HOLDER_PROFIT_YOY":-10.3906032029,"GROSS_PROFIT_RATIO":null,"EPS_TTM":0.331156758186,"OPERATE_INCOME_QOQ":-4.946288166457,"NET_PROFIT_RATIO":74.5862129043,"ROE_AVG":5.384975860679,"GROSS_PROFIT_QOQ":-4.946288166457,"ROA":3.12502706126,"HOLDER_PROFIT_QOQ":-5.655546511487,"ROE_YEARLY":10.769951721357,"ROIC_YEARLY":6.818075676484,"TOTAL_ASSETS":5491109000,"TOTAL_LIABILITIES":2347927000,"TAX_EBT":10.970394386025,"OCF_SALES":-118.920512671602,"TOTAL_PARENT_EQUITY":3048288000,"DEBT_ASSET_RATIO":42.7587032055,"OPERATE_PROFIT":229309000,"PRETAX_PROFIT":187532000,"NETCASH_OPERATE":-266200000,"NETCASH_INVEST":-170691000,"NETCASH_FINANCE":393599000,"END_CASH":301333000,"DIVI_RATIO":0.736126242253,"DIVIDEND_RATE":3.341614906832,"CURRENT_RATIO":2.813550196793,"COMMON_ACS":5000000000,"CURRENTDEBT_DEBT":77.209172176137,"ISSUED_COMMON_SHARES":987886000,"HK_COMMON_SHARES":987886000,"PER_SHARES":500,"TOTAL_MARKET_CAP":7952482300,"HKSK_MARKET_CAP":7952482300,"PE_TTM":28.758274415354,"PB_TTM":1.886093238707,"REPORT_DATE_SQ":"2020-06-30 00:00:00","REPORT_TYPE_SQ":"2020年中报","OPERATE_INCOME_SQ":248375000,"DPS_HKD":0.269,"OPERATE_INCOME_QOQ_SQ":10.382952837457,"NET_PROFIT_RATIO_SQ":73.5416205335,"HOLDER_PROFIT_SQ":179210000,"HOLDER_PROFIT_QOQ_SQ":21.564298020639,"ROE_AVG_SQ":7.594994110182,"PE_TTM_SQ":20.203462662487,"PB_TTM_SQ":1.157419763181,"ROA_SQ":3.92420187622,"START_DATE":"2021-01-01 00:00:00","FISCAL_YEAR":"12-31","CURRENCY":"HKD","IS_CNY_CODE":0,"DPS_HKD_LY":0.063,"ORG_TYPE":"一般企业","PREMIUM_INCOME":null,"PREMIUM_INCOME_YOY":null,"NET_INTEREST_INCOME":null,"NET_INTEREST_INCOME_YOY":null,"FEE_COMMISSION_INCOME":null,"FEE_COMMISSION_INCOME_YOY":null,"ACCOUNTS_RECE_TDAYS":35.223209556876,"INVENTORY_TDAYS":null,"CURRENT_ASSETS_TDAYS":0.046815881348,"TOTAL_ASSETS_TDAYS":0.043560140021,"PREMIUM_EXPENSE":null,"LOAN_DEPOSIT":null,"LOAN_EQUITY":null,"LOAN_ASSETS":null,"DEPOSIT_EQUITY":null,"DEPOSIT_ASSETS":null,"EQUITY_MULTIPLIER":1.746990470167,"EQUITY_RATIO":0.770244478212},{"SECUCODE":"06069.HK","SECURITY_CODE":"06069","SECURITY_NAME_ABBR":"盛业","ORG_CODE":"10663905","STD_REPORT_DATE":"2020-12-31 00:00:00","REPORT_DATE":"2020-12-31 00:00:00","DATE_TYPE_CODE":"001","REPORT_TYPE":"2020年年报","PER_NETCASH_OPERATE":0.491320697505,"PER_OI":0.677047521023,"BPS":2.951805167803,"BASIC_EPS":0.37,"DILUTED_EPS":0.37,"OPERATE_INCOME":634120000,"OPERATE_INCOME_YOY":10.094111953,"GROSS_PROFIT":634120000,"GROSS_PROFIT_YOY":40.78384444775,"HOLDER_PROFIT":329252000,"HOLDER_PROFIT_YOY":17.4461284926,"GROSS_PROFIT_RATIO":null,"EPS_TTM":0.35154111271,"OPERATE_INCOME_QOQ":-0.261671641311,"NET_PROFIT_RATIO":68.0388878918,"ROE_AVG":12.651261871653,"GROSS_PROFIT_QOQ":-0.261671641311,"ROA":7.106921117,"HOLDER_PROFIT_QOQ":-3.38764719173,"ROE_YEARLY":12.651261871653,"ROIC_YEARLY":7.934479072381,"TOTAL_ASSETS":4786498000,"TOTAL_LIABILITIES":1759154000,"TAX_EBT":12.837390980862,"OCF_SALES":92.797149350558,"TOTAL_PARENT_EQUITY":2916047000,"DEBT_ASSET_RATIO":36.7524231703,"OPERATE_PROFIT":500163000,"PRETAX_PROFIT":387088000,"NETCASH_OPERATE":460169000,"NETCASH_INVEST":-285241000,"NETCASH_FINANCE":-224340000,"END_CASH":337887000,"DIVI_RATIO":0.693441453037,"DIVIDEND_RATE":3.341614906832,"CURRENT_RATIO":2.641473024232,"COMMON_ACS":5000000000,"CURRENTDEBT_DEBT":96.032979489004,"ISSUED_COMMON_SHARES":987886000,"HK_COMMON_SHARES":987886000,"PER_SHARES":500,"TOTAL_MARKET_CAP":7952482300,"HKSK_MARKET_CAP":7952482300,"PE_TTM":28.758274415354,"PB_TTM":1.886093238707,"REPORT_DATE_SQ":"2019-12-31 00:00:00","REPORT_TYPE_SQ":"2019年年报","OPERATE_INCOME_SQ":450421000,"DPS_HKD":0.269,"OPERATE_INCOME_QOQ_SQ":8.508772563786,"NET_PROFIT_RATIO_SQ":65.5220338306,"HOLDER_PROFIT_SQ":280343000,"HOLDER_PROFIT_QOQ_SQ":10.897806118816,"ROE_AVG_SQ":13.011431409224,"PE_TTM_SQ":20.203462662487,"PB_TTM_SQ":1.157419763181,"ROA_SQ":7.308445068957,"START_DATE":"2020-01-01 00:00:00","FISCAL_YEAR":"12-31","CURRENCY":"HKD","IS_CNY_CODE":0,"DPS_HKD_LY":0.053,"ORG_TYPE":"一般企业","PREMIUM_INCOME":null,"PREMIUM_INCOME_YOY":null,"NET_INTEREST_INCOME":null,"NET_INTEREST_INCOME_YOY":null,"FEE_COMMISSION_INCOME":null,"FEE_COMMISSION_INCOME_YOY":null,"ACCOUNTS_RECE_TDAYS":404.413265306122,"INVENTORY_TDAYS":null,"CURRENT_ASSETS_TDAYS":0.112561209174,"TOTAL_ASSETS_TDAYS":0.107037460424,"PREMIUM_EXPENSE":null,"LOAN_DEPOSIT":null,"LOAN_EQUITY":null,"LOAN_ASSETS":null,"DEPOSIT_EQUITY":null,"DEPOSIT_ASSETS":null,"EQUITY_MULTIPLIER":1.581088241045,"EQUITY_RATIO":0.603266682601},{"SECUCODE":"06069.HK","SECURITY_CODE":"06069","SECURITY_NAME_ABBR":"盛业","ORG_CODE":"10663905","STD_REPORT_DATE":"2020-06-30 00:00:00","REPORT_DATE":"2020-06-30 00:00:00","DATE_TYPE_CODE":"002","REPORT_TYPE":"2020年中报","PER_NETCASH_OPERATE":0.163384834713,"PER_OI":0.281920110055,"BPS":2.459961979419,"BASIC_EPS":0.2,"DILUTED_EPS":0.2,"OPERATE_INCOME":248375000,"OPERATE_INCOME_YOY":23.1969961509,"GROSS_PROFIT":248375000,"GROSS_PROFIT_YOY":23.196996150946,"HOLDER_PROFIT":179210000,"HOLDER_PROFIT_YOY":50.9060594833,"GROSS_PROFIT_RATIO":null,"EPS_TTM":0.386824470041,"OPERATE_INCOME_QOQ":10.382952837457,"NET_PROFIT_RATIO":73.5416205335,"ROE_AVG":7.594994110182,"GROSS_PROFIT_QOQ":10.382952837457,"ROA":3.92420187622,"HOLDER_PROFIT_QOQ":21.564298020639,"ROE_YEARLY":15.189988220364,"ROIC_YEARLY":8.632907075217,"TOTAL_ASSETS":4654403000,"TOTAL_LIABILITIES":2112076000,"TAX_EBT":14.447436828177,"OCF_SALES":57.9543029693,"TOTAL_PARENT_EQUITY":2430162000,"DEBT_ASSET_RATIO":45.3780216281,"OPERATE_PROFIT":273090000,"PRETAX_PROFIT":213505000,"NETCASH_OPERATE":143944000,"NETCASH_INVEST":-182724000,"NETCASH_FINANCE":-117863000,"END_CASH":194943000,"DIVI_RATIO":0.630190690816,"DIVIDEND_RATE":3.341614906832,"CURRENT_RATIO":2.174845090965,"COMMON_ACS":5000000000,"CURRENTDEBT_DEBT":96.804613091574,"ISSUED_COMMON_SHARES":987886000,"HK_COMMON_SHARES":987886000,"PER_SHARES":500,"TOTAL_MARKET_CAP":7952482300,"HKSK_MARKET_CAP":7952482300,"PE_TTM":28.758274415354,"PB_TTM":1.886093238707,"REPORT_DATE_SQ":"2019-06-30 00:00:00","REPORT_TYPE_SQ":"2019年中报","OPERATE_INCOME_SQ":201608000,"DPS_HKD":0.269,"OPERATE_INCOME_QOQ_SQ":5.351572909661,"NET_PROFIT_RATIO_SQ":61.9494266101,"HOLDER_PROFIT_SQ":118756000,"HOLDER_PROFIT_QOQ_SQ":8.113864392572,"ROE_AVG_SQ":5.744147553528,"PE_TTM_SQ":20.203462662487,"PB_TTM_SQ":1.157419763181,"ROA_SQ":3.298672861655,"START_DATE":"2020-01-01 00:00:00","FISCAL_YEAR":"12-31","CURRENCY":"HKD","IS_CNY_CODE":0,"DPS_HKD_LY":0.053,"ORG_TYPE":"一般企业","PREMIUM_INCOME":null,"PREMIUM_INCOME_YOY":null,"NET_INTEREST_INCOME":null,"NET_INTEREST_INCOME_YOY":null,"FEE_COMMISSION_INCOME":null,"FEE_COMMISSION_INCOME_YOY":null,"ACCOUNTS_RECE_TDAYS":120.570388349515,"INVENTORY_TDAYS":null,"CURRENT_ASSETS_TDAYS":0.056479574405,"TOTAL_ASSETS_TDAYS":0.054387235143,"PREMIUM_EXPENSE":null,"LOAN_DEPOSIT":null,"LOAN_EQUITY":null,"LOAN_ASSETS":null,"DEPOSIT_EQUITY":null,"DEPOSIT_ASSETS":null,"EQUITY_MULTIPLIER":1.83076488587,"EQUITY_RATIO":0.86910913758}],"count":24},"success":true,"message":"ok","code":0}