{"version":"95dad28f6dc4c31daec7fe4e4b2d9c26","result":{"pages":3,"data":[{"SECUCODE":"06068.HK","SECURITY_CODE":"06068","SECURITY_NAME_ABBR":"光正教育","ORG_CODE":"10556879","STD_REPORT_DATE":"2024-12-31 00:00:00","REPORT_DATE":"2024-08-31 00:00:00","DATE_TYPE_CODE":"001","REPORT_TYPE":"2024年年报","PER_NETCASH_OPERATE":-0.006161639627,"PER_OI":0.083092839166,"BPS":0.276118676641,"BASIC_EPS":0.04,"DILUTED_EPS":0.04,"OPERATE_INCOME":180989000,"OPERATE_INCOME_YOY":-43.3114395698,"GROSS_PROFIT":72300000,"GROSS_PROFIT_YOY":-57.506832407652,"HOLDER_PROFIT":96433000,"HOLDER_PROFIT_YOY":-40.8821726336,"GROSS_PROFIT_RATIO":39.947179110333,"EPS_TTM":0.04427281083,"OPERATE_INCOME_QOQ":0,"NET_PROFIT_RATIO":53.2811386327,"ROE_AVG":15.891559097523,"GROSS_PROFIT_QOQ":0,"ROA":7.101457546675,"HOLDER_PROFIT_QOQ":0,"ROE_YEARLY":15.891559097523,"ROIC_YEARLY":7.947930845345,"TOTAL_ASSETS":1276327000,"TOTAL_LIABILITIES":674898000,"TAX_EBT":12.938319309523,"OCF_SALES":-7.415367784783,"TOTAL_PARENT_EQUITY":601429000,"DEBT_ASSET_RATIO":52.8781417301,"OPERATE_PROFIT":92244000,"PRETAX_PROFIT":110764000,"NETCASH_OPERATE":-13421000,"NETCASH_INVEST":-7478000,"NETCASH_FINANCE":-174177000,"END_CASH":47020000,"DIVI_RATIO":1.13717423982,"DIVIDEND_RATE":42.635658914729,"CURRENT_RATIO":1.375006899515,"COMMON_ACS":10000000000,"CURRENTDEBT_DEBT":99.324194174527,"ISSUED_COMMON_SHARES":2178154000,"HK_COMMON_SHARES":2178154000,"PER_SHARES":2000,"TOTAL_MARKET_CAP":280981866,"HKSK_MARKET_CAP":280981866,"PE_TTM":2.657983032805,"PB_TTM":0.426180443249,"REPORT_DATE_SQ":"2023-12-31 00:00:00","REPORT_TYPE_SQ":"2023年年报","OPERATE_INCOME_SQ":319269000,"DPS_HKD":0.055,"OPERATE_INCOME_QOQ_SQ":0,"NET_PROFIT_RATIO_SQ":51.091712631,"HOLDER_PROFIT_SQ":163120000,"HOLDER_PROFIT_QOQ_SQ":0,"ROE_AVG_SQ":30.667130408626,"PE_TTM_SQ":4.461446126225,"PB_TTM_SQ":1.188729816304,"ROA_SQ":11.612997843565,"START_DATE":"2023-09-01 00:00:00","FISCAL_YEAR":"8-31","CURRENCY":"HKD","IS_CNY_CODE":0,"DPS_HKD_LY":0.055,"ORG_TYPE":"一般企业","PREMIUM_INCOME":null,"PREMIUM_INCOME_YOY":null,"NET_INTEREST_INCOME":null,"NET_INTEREST_INCOME_YOY":null,"FEE_COMMISSION_INCOME":null,"FEE_COMMISSION_INCOME_YOY":null,"ACCOUNTS_RECE_TDAYS":0.351528806235,"INVENTORY_TDAYS":22.410103092784,"CURRENT_ASSETS_TDAYS":0.204966376676,"TOTAL_ASSETS_TDAYS":0.133282766264,"PREMIUM_EXPENSE":null,"LOAN_DEPOSIT":null,"LOAN_EQUITY":null,"LOAN_ASSETS":null,"DEPOSIT_EQUITY":null,"DEPOSIT_ASSETS":null,"EQUITY_MULTIPLIER":2.122157395136,"EQUITY_RATIO":1.122157395137},{"SECUCODE":"06068.HK","SECURITY_CODE":"06068","SECURITY_NAME_ABBR":"光正教育","ORG_CODE":"10556879","STD_REPORT_DATE":"2024-06-30 00:00:00","REPORT_DATE":"2024-02-29 00:00:00","DATE_TYPE_CODE":"002","REPORT_TYPE":"2024年中报","PER_NETCASH_OPERATE":-0.011089206732,"PER_OI":0.036573630698,"BPS":0.252997721924,"BASIC_EPS":0.0217,"DILUTED_EPS":0.0217,"OPERATE_INCOME":79663000,"OPERATE_INCOME_YOY":-29.6847141067,"GROSS_PROFIT":43913000,"GROSS_PROFIT_YOY":-29.852558265842,"HOLDER_PROFIT":47174000,"HOLDER_PROFIT_YOY":-14.1900864029,"GROSS_PROFIT_RATIO":55.123457564993,"EPS_TTM":0.071307630223,"OPERATE_INCOME_QOQ":0,"NET_PROFIT_RATIO":59.2169514078,"ROE_AVG":8.110536011629,"GROSS_PROFIT_QOQ":0,"ROA":3.340404921599,"HOLDER_PROFIT_QOQ":0,"ROE_YEARLY":16.221072023258,"ROIC_YEARLY":7.696041124731,"TOTAL_ASSETS":1384910000,"TOTAL_LIABILITIES":833842000,"TAX_EBT":17.801010629029,"OCF_SALES":-30.320223943361,"TOTAL_PARENT_EQUITY":551068000,"DEBT_ASSET_RATIO":60.2091110614,"OPERATE_PROFIT":46881000,"PRETAX_PROFIT":57390000,"NETCASH_OPERATE":-24154000,"NETCASH_INVEST":-37240000,"NETCASH_FINANCE":-50318000,"END_CASH":130364000,"DIVI_RATIO":0.7060380473,"DIVIDEND_RATE":39.568345323741,"CURRENT_RATIO":1.281707675424,"COMMON_ACS":10000000000,"CURRENTDEBT_DEBT":99.990765636655,"ISSUED_COMMON_SHARES":2178154000,"HK_COMMON_SHARES":2178154000,"PER_SHARES":2000,"TOTAL_MARKET_CAP":302763406,"HKSK_MARKET_CAP":302763406,"PE_TTM":2.864028229147,"PB_TTM":0.459217686911,"REPORT_DATE_SQ":"2023-06-30 00:00:00","REPORT_TYPE_SQ":"2023年中报","OPERATE_INCOME_SQ":113294000,"DPS_HKD":0.055,"OPERATE_INCOME_QOQ_SQ":0,"NET_PROFIT_RATIO_SQ":48.5241936908,"HOLDER_PROFIT_SQ":54975000,"HOLDER_PROFIT_QOQ_SQ":0,"ROE_AVG_SQ":11.552573402708,"PE_TTM_SQ":4.705908927662,"PB_TTM_SQ":1.25386569665,"ROA_SQ":4.080802487304,"START_DATE":"2023-09-01 00:00:00","FISCAL_YEAR":"8-31","CURRENCY":"HKD","IS_CNY_CODE":0,"DPS_HKD_LY":0.055,"ORG_TYPE":"一般企业","PREMIUM_INCOME":null,"PREMIUM_INCOME_YOY":null,"NET_INTEREST_INCOME":null,"NET_INTEREST_INCOME_YOY":null,"FEE_COMMISSION_INCOME":null,"FEE_COMMISSION_INCOME_YOY":null,"ACCOUNTS_RECE_TDAYS":0.165855740504,"INVENTORY_TDAYS":2.50043713936,"CURRENT_ASSETS_TDAYS":0.083287636287,"TOTAL_ASSETS_TDAYS":0.056409606408,"PREMIUM_EXPENSE":null,"LOAN_DEPOSIT":null,"LOAN_EQUITY":null,"LOAN_ASSETS":null,"DEPOSIT_EQUITY":null,"DEPOSIT_ASSETS":null,"EQUITY_MULTIPLIER":2.513138124517,"EQUITY_RATIO":1.513138124515},{"SECUCODE":"06068.HK","SECURITY_CODE":"06068","SECURITY_NAME_ABBR":"光正教育","ORG_CODE":"10556879","STD_REPORT_DATE":"2023-12-31 00:00:00","REPORT_DATE":"2023-08-31 00:00:00","DATE_TYPE_CODE":"001","REPORT_TYPE":"2023年年报","PER_NETCASH_OPERATE":0.09604784602,"PER_OI":0.146577790184,"BPS":0.281067821651,"BASIC_EPS":0.08,"DILUTED_EPS":0.08,"OPERATE_INCOME":319269000,"OPERATE_INCOME_YOY":15.015832874,"GROSS_PROFIT":170145000,"GROSS_PROFIT_YOY":10.934708620757,"HOLDER_PROFIT":163120000,"HOLDER_PROFIT_YOY":71.5337294285,"GROSS_PROFIT_RATIO":53.292051530214,"EPS_TTM":0.074889103342,"OPERATE_INCOME_QOQ":0,"NET_PROFIT_RATIO":51.091712631,"ROE_AVG":30.667130408626,"GROSS_PROFIT_QOQ":0,"ROA":11.612997843565,"HOLDER_PROFIT_QOQ":0,"ROE_YEARLY":30.667130408626,"ROIC_YEARLY":14.575373409058,"TOTAL_ASSETS":1439538000,"TOTAL_LIABILITIES":827329000,"TAX_EBT":13.700884047467,"OCF_SALES":65.52687545612,"TOTAL_PARENT_EQUITY":612209000,"DEBT_ASSET_RATIO":57.4718416603,"OPERATE_PROFIT":191316000,"PRETAX_PROFIT":189017000,"NETCASH_OPERATE":209207000,"NETCASH_INVEST":-212839000,"NETCASH_FINANCE":-85791000,"END_CASH":242226000,"DIVI_RATIO":0.672272703952,"DIVIDEND_RATE":39.568345323741,"CURRENT_RATIO":1.47710302937,"COMMON_ACS":10000000000,"CURRENTDEBT_DEBT":69.090289352845,"ISSUED_COMMON_SHARES":2178154000,"HK_COMMON_SHARES":2178154000,"PER_SHARES":2000,"TOTAL_MARKET_CAP":302763406,"HKSK_MARKET_CAP":302763406,"PE_TTM":2.864028229147,"PB_TTM":0.459217686911,"REPORT_DATE_SQ":"2022-12-31 00:00:00","REPORT_TYPE_SQ":"2022年年报","OPERATE_INCOME_SQ":277587000,"DPS_HKD":0.055,"OPERATE_INCOME_QOQ_SQ":0,"NET_PROFIT_RATIO_SQ":34.6503978933,"HOLDER_PROFIT_SQ":95095000,"HOLDER_PROFIT_QOQ_SQ":0,"ROE_AVG_SQ":18.74331970236,"PE_TTM_SQ":4.705908927662,"PB_TTM_SQ":1.25386569665,"ROA_SQ":6.931640269598,"START_DATE":"2022-09-01 00:00:00","FISCAL_YEAR":"8-31","CURRENCY":"HKD","IS_CNY_CODE":0,"DPS_HKD_LY":null,"ORG_TYPE":"一般企业","PREMIUM_INCOME":null,"PREMIUM_INCOME_YOY":null,"NET_INTEREST_INCOME":null,"NET_INTEREST_INCOME_YOY":null,"FEE_COMMISSION_INCOME":null,"FEE_COMMISSION_INCOME_YOY":null,"ACCOUNTS_RECE_TDAYS":0.692512417847,"INVENTORY_TDAYS":32.904677846425,"CURRENT_ASSETS_TDAYS":0.331869590549,"TOTAL_ASSETS_TDAYS":0.227297094686,"PREMIUM_EXPENSE":null,"LOAN_DEPOSIT":null,"LOAN_EQUITY":null,"LOAN_ASSETS":null,"DEPOSIT_EQUITY":null,"DEPOSIT_ASSETS":null,"EQUITY_MULTIPLIER":2.351383269438,"EQUITY_RATIO":1.351383269439},{"SECUCODE":"06068.HK","SECURITY_CODE":"06068","SECURITY_NAME_ABBR":"光正教育","ORG_CODE":"10556879","STD_REPORT_DATE":"2023-06-30 00:00:00","REPORT_DATE":"2023-02-28 00:00:00","DATE_TYPE_CODE":"002","REPORT_TYPE":"2023年中报","PER_NETCASH_OPERATE":0.035206417912,"PER_OI":0.052013769458,"BPS":0.229614159513,"BASIC_EPS":0.0254,"DILUTED_EPS":0.0254,"OPERATE_INCOME":113294000,"OPERATE_INCOME_YOY":-2.1412591882,"GROSS_PROFIT":62601000,"GROSS_PROFIT_YOY":-21.636101896476,"HOLDER_PROFIT":54975000,"HOLDER_PROFIT_YOY":0.530309957,"GROSS_PROFIT_RATIO":55.255353328508,"EPS_TTM":0.044292093213,"OPERATE_INCOME_QOQ":0,"NET_PROFIT_RATIO":48.5241936908,"ROE_AVG":11.552573402708,"GROSS_PROFIT_QOQ":0,"ROA":4.080802487304,"HOLDER_PROFIT_QOQ":0,"ROE_YEARLY":23.105146805417,"ROIC_YEARLY":11.136720334618,"TOTAL_ASSETS":1324595000,"TOTAL_LIABILITIES":824460000,"TAX_EBT":16.100724914155,"OCF_SALES":67.68672656981,"TOTAL_PARENT_EQUITY":500135000,"DEBT_ASSET_RATIO":62.2424212684,"OPERATE_PROFIT":67398000,"PRETAX_PROFIT":65525000,"NETCASH_OPERATE":76685000,"NETCASH_INVEST":95229000,"NETCASH_FINANCE":-110429000,"END_CASH":391030000,"DIVI_RATIO":1.136679175627,"DIVIDEND_RATE":39.568345323741,"CURRENT_RATIO":1.790415790404,"COMMON_ACS":10000000000,"CURRENTDEBT_DEBT":70.016980811683,"ISSUED_COMMON_SHARES":2178154000,"HK_COMMON_SHARES":2178154000,"PER_SHARES":2000,"TOTAL_MARKET_CAP":302763406,"HKSK_MARKET_CAP":302763406,"PE_TTM":2.864028229147,"PB_TTM":0.459217686911,"REPORT_DATE_SQ":"2022-06-30 00:00:00","REPORT_TYPE_SQ":"2022年中报","OPERATE_INCOME_SQ":115773000,"DPS_HKD":0.055,"OPERATE_INCOME_QOQ_SQ":0,"NET_PROFIT_RATIO_SQ":47.2346747515,"HOLDER_PROFIT_SQ":54685000,"HOLDER_PROFIT_QOQ_SQ":0,"ROE_AVG_SQ":11.122817794068,"PE_TTM_SQ":4.705908927662,"PB_TTM_SQ":1.25386569665,"ROA_SQ":4.002164835619,"START_DATE":"2022-09-01 00:00:00","FISCAL_YEAR":"8-31","CURRENCY":"HKD","IS_CNY_CODE":0,"DPS_HKD_LY":null,"ORG_TYPE":"一般企业","PREMIUM_INCOME":null,"PREMIUM_INCOME_YOY":null,"NET_INTEREST_INCOME":null,"NET_INTEREST_INCOME_YOY":null,"FEE_COMMISSION_INCOME":null,"FEE_COMMISSION_INCOME_YOY":null,"ACCOUNTS_RECE_TDAYS":null,"INVENTORY_TDAYS":2.453441099603,"CURRENT_ASSETS_TDAYS":0.107220799476,"TOTAL_ASSETS_TDAYS":0.084098305957,"PREMIUM_EXPENSE":null,"LOAN_DEPOSIT":null,"LOAN_EQUITY":null,"LOAN_ASSETS":null,"DEPOSIT_EQUITY":null,"DEPOSIT_ASSETS":null,"EQUITY_MULTIPLIER":2.648474911775,"EQUITY_RATIO":1.648474911774},{"SECUCODE":"06068.HK","SECURITY_CODE":"06068","SECURITY_NAME_ABBR":"光正教育","ORG_CODE":"10556879","STD_REPORT_DATE":"2022-12-31 00:00:00","REPORT_DATE":"2022-08-31 00:00:00","DATE_TYPE_CODE":"001","REPORT_TYPE":"2022年年报","PER_NETCASH_OPERATE":0.01276080571,"PER_OI":0.127441402215,"BPS":0.205536890413,"BASIC_EPS":0.04,"DILUTED_EPS":0.04,"OPERATE_INCOME":277587000,"OPERATE_INCOME_YOY":-87.737719807,"GROSS_PROFIT":153374000,"GROSS_PROFIT_YOY":-84.738206922904,"HOLDER_PROFIT":95095000,"HOLDER_PROFIT_YOY":104.5375676731,"GROSS_PROFIT_RATIO":55.635890729753,"EPS_TTM":0.044158952948,"OPERATE_INCOME_QOQ":0,"NET_PROFIT_RATIO":34.6503978933,"ROE_AVG":18.74331970236,"GROSS_PROFIT_QOQ":0,"ROA":6.931640269598,"HOLDER_PROFIT_QOQ":0,"ROE_YEARLY":18.74331970236,"ROIC_YEARLY":9.410011779024,"TOTAL_ASSETS":1475229000,"TOTAL_LIABILITIES":1023628000,"TAX_EBT":21.598291725753,"OCF_SALES":10.013076981271,"TOTAL_PARENT_EQUITY":451601000,"DEBT_ASSET_RATIO":67.3153355995,"OPERATE_PROFIT":113158000,"PRETAX_PROFIT":121292000,"NETCASH_OPERATE":32700000,"NETCASH_INVEST":34786000,"NETCASH_FINANCE":-144126000,"END_CASH":328749000,"DIVI_RATIO":1.140106289636,"DIVIDEND_RATE":39.568345323741,"CURRENT_RATIO":1.595370265027,"COMMON_ACS":10000000000,"CURRENTDEBT_DEBT":76.04227316955,"ISSUED_COMMON_SHARES":2178154000,"HK_COMMON_SHARES":2178154000,"PER_SHARES":2000,"TOTAL_MARKET_CAP":302763406,"HKSK_MARKET_CAP":302763406,"PE_TTM":2.864028229147,"PB_TTM":0.459217686911,"REPORT_DATE_SQ":"2021-12-31 00:00:00","REPORT_TYPE_SQ":"2021年年报","OPERATE_INCOME_SQ":2263747000,"DPS_HKD":0.055,"OPERATE_INCOME_QOQ_SQ":0,"NET_PROFIT_RATIO_SQ":-100.6546226235,"HOLDER_PROFIT_SQ":-2119748000,"HOLDER_PROFIT_QOQ_SQ":0,"ROE_AVG_SQ":-119.787724480345,"PE_TTM_SQ":4.705908927662,"PB_TTM_SQ":1.25386569665,"ROA_SQ":-45.470678543933,"START_DATE":"2021-09-01 00:00:00","FISCAL_YEAR":"8-31","CURRENCY":"HKD","IS_CNY_CODE":0,"DPS_HKD_LY":0.128,"ORG_TYPE":"一般企业","PREMIUM_INCOME":null,"PREMIUM_INCOME_YOY":null,"NET_INTEREST_INCOME":null,"NET_INTEREST_INCOME_YOY":null,"FEE_COMMISSION_INCOME":null,"FEE_COMMISSION_INCOME_YOY":null,"ACCOUNTS_RECE_TDAYS":null,"INVENTORY_TDAYS":29.825381448293,"CURRENT_ASSETS_TDAYS":0.224073896187,"TOTAL_ASSETS_TDAYS":0.200045041068,"PREMIUM_EXPENSE":null,"LOAN_DEPOSIT":null,"LOAN_EQUITY":null,"LOAN_ASSETS":null,"DEPOSIT_EQUITY":null,"DEPOSIT_ASSETS":null,"EQUITY_MULTIPLIER":3.059538833707,"EQUITY_RATIO":2.266664599946},{"SECUCODE":"06068.HK","SECURITY_CODE":"06068","SECURITY_NAME_ABBR":"光正教育","ORG_CODE":"10556879","STD_REPORT_DATE":"2022-06-30 00:00:00","REPORT_DATE":"2022-02-28 00:00:00","DATE_TYPE_CODE":"002","REPORT_TYPE":"2022年中报","PER_NETCASH_OPERATE":0.006812190506,"PER_OI":0.053151889169,"BPS":0.1857747432,"BASIC_EPS":0.0252,"DILUTED_EPS":0.0252,"OPERATE_INCOME":115773000,"OPERATE_INCOME_YOY":-89.3864525616,"GROSS_PROFIT":79885000,"GROSS_PROFIT_YOY":-84.278784181369,"HOLDER_PROFIT":54685000,"HOLDER_PROFIT_YOY":-83.1693925162,"GROSS_PROFIT_RATIO":69.001407927582,"EPS_TTM":-1.097248863028,"OPERATE_INCOME_QOQ":0,"NET_PROFIT_RATIO":47.2346747515,"ROE_AVG":11.122817794068,"GROSS_PROFIT_QOQ":0,"ROA":4.002164835619,"HOLDER_PROFIT_QOQ":0,"ROE_YEARLY":22.245635588135,"ROIC_YEARLY":10.319530870371,"TOTAL_ASSETS":1327254000,"TOTAL_LIABILITIES":922608000,"TAX_EBT":20.854198627956,"OCF_SALES":12.816459796326,"TOTAL_PARENT_EQUITY":404646000,"DEBT_ASSET_RATIO":69.5125424372,"OPERATE_PROFIT":65518000,"PRETAX_PROFIT":69094000,"NETCASH_OPERATE":14838000,"NETCASH_INVEST":-181124000,"NETCASH_FINANCE":-23962000,"END_CASH":210912000,"DIVI_RATIO":-0.045883756818,"DIVIDEND_RATE":39.568345323741,"CURRENT_RATIO":1.495102773588,"COMMON_ACS":10000000000,"CURRENTDEBT_DEBT":75.527526316702,"ISSUED_COMMON_SHARES":2178154000,"HK_COMMON_SHARES":2178154000,"PER_SHARES":2000,"TOTAL_MARKET_CAP":302763406,"HKSK_MARKET_CAP":302763406,"PE_TTM":2.864028229147,"PB_TTM":0.459217686911,"REPORT_DATE_SQ":"2021-06-30 00:00:00","REPORT_TYPE_SQ":"2021年中报","OPERATE_INCOME_SQ":1090804000,"DPS_HKD":0.055,"OPERATE_INCOME_QOQ_SQ":0,"NET_PROFIT_RATIO_SQ":29.6301627057,"HOLDER_PROFIT_SQ":324914000,"HOLDER_PROFIT_QOQ_SQ":0,"ROE_AVG_SQ":10.615353602808,"PE_TTM_SQ":4.705908927662,"PB_TTM_SQ":1.25386569665,"ROA_SQ":3.938151743454,"START_DATE":"2021-09-01 00:00:00","FISCAL_YEAR":"8-31","CURRENCY":"HKD","IS_CNY_CODE":0,"DPS_HKD_LY":0.128,"ORG_TYPE":"一般企业","PREMIUM_INCOME":null,"PREMIUM_INCOME_YOY":null,"NET_INTEREST_INCOME":null,"NET_INTEREST_INCOME_YOY":null,"FEE_COMMISSION_INCOME":null,"FEE_COMMISSION_INCOME_YOY":null,"ACCOUNTS_RECE_TDAYS":0.21714739081,"INVENTORY_TDAYS":0.990806438254,"CURRENT_ASSETS_TDAYS":0.094906987087,"TOTAL_ASSETS_TDAYS":0.08472938274,"PREMIUM_EXPENSE":null,"LOAN_DEPOSIT":null,"LOAN_EQUITY":null,"LOAN_ASSETS":null,"DEPOSIT_EQUITY":null,"DEPOSIT_ASSETS":null,"EQUITY_MULTIPLIER":3.280037365989,"EQUITY_RATIO":2.280037365994},{"SECUCODE":"06068.HK","SECURITY_CODE":"06068","SECURITY_NAME_ABBR":"光正教育","ORG_CODE":"10556879","STD_REPORT_DATE":"2021-12-31 00:00:00","REPORT_DATE":"2021-08-31 00:00:00","DATE_TYPE_CODE":"001","REPORT_TYPE":"2021年年报","PER_NETCASH_OPERATE":0.46071948999,"PER_OI":1.039296119558,"BPS":0.265659820196,"BASIC_EPS":-0.98,"DILUTED_EPS":-0.98,"OPERATE_INCOME":2263747000,"OPERATE_INCOME_YOY":26.2738686516,"GROSS_PROFIT":1004954000,"GROSS_PROFIT_YOY":15.786647863437,"HOLDER_PROFIT":-2119748000,"HOLDER_PROFIT_YOY":-514.1176194783,"GROSS_PROFIT_RATIO":44.393388483784,"EPS_TTM":-0.9731855507,"OPERATE_INCOME_QOQ":0,"NET_PROFIT_RATIO":-100.6546226235,"ROE_AVG":-119.787724480345,"GROSS_PROFIT_QOQ":0,"ROA":-45.470678543933,"HOLDER_PROFIT_QOQ":0,"ROE_YEARLY":-119.787724480345,"ROIC_YEARLY":-55.274548989503,"TOTAL_ASSETS":1405517000,"TOTAL_LIABILITIES":826869000,"TAX_EBT":-2.538064213025,"OCF_SALES":44.32995383318,"TOTAL_PARENT_EQUITY":578648000,"DEBT_ASSET_RATIO":58.8302382682,"OPERATE_PROFIT":754660000,"PRETAX_PROFIT":-2222166000,"NETCASH_OPERATE":1003518000,"NETCASH_INVEST":-2281368000,"NETCASH_FINANCE":574561000,"END_CASH":402189000,"DIVI_RATIO":-0.051733094438,"DIVIDEND_RATE":39.568345323741,"CURRENT_RATIO":1.695184241098,"COMMON_ACS":10000000000,"CURRENTDEBT_DEBT":99.728735748952,"ISSUED_COMMON_SHARES":2178154000,"HK_COMMON_SHARES":2178154000,"PER_SHARES":2000,"TOTAL_MARKET_CAP":302763406,"HKSK_MARKET_CAP":302763406,"PE_TTM":2.864028229147,"PB_TTM":0.459217686911,"REPORT_DATE_SQ":"2020-12-31 00:00:00","REPORT_TYPE_SQ":"2020年年报","OPERATE_INCOME_SQ":1792728000,"DPS_HKD":0.055,"OPERATE_INCOME_QOQ_SQ":0,"NET_PROFIT_RATIO_SQ":27.9842229273,"HOLDER_PROFIT_SQ":511871000,"HOLDER_PROFIT_QOQ_SQ":0,"ROE_AVG_SQ":19.987840269404,"PE_TTM_SQ":4.705908927662,"PB_TTM_SQ":1.25386569665,"ROA_SQ":7.214856765915,"START_DATE":"2020-09-01 00:00:00","FISCAL_YEAR":"8-31","CURRENCY":"HKD","IS_CNY_CODE":0,"DPS_HKD_LY":0.146,"ORG_TYPE":"一般企业","PREMIUM_INCOME":null,"PREMIUM_INCOME_YOY":null,"NET_INTEREST_INCOME":null,"NET_INTEREST_INCOME_YOY":null,"FEE_COMMISSION_INCOME":null,"FEE_COMMISSION_INCOME_YOY":null,"ACCOUNTS_RECE_TDAYS":null,"INVENTORY_TDAYS":null,"CURRENT_ASSETS_TDAYS":1.505490266756,"TOTAL_ASSETS_TDAYS":0.485595986607,"PREMIUM_EXPENSE":null,"LOAN_DEPOSIT":null,"LOAN_EQUITY":null,"LOAN_ASSETS":null,"DEPOSIT_EQUITY":null,"DEPOSIT_ASSETS":null,"EQUITY_MULTIPLIER":2.428967178665,"EQUITY_RATIO":1.428967178665},{"SECUCODE":"06068.HK","SECURITY_CODE":"06068","SECURITY_NAME_ABBR":"光正教育","ORG_CODE":"10556879","STD_REPORT_DATE":"2021-06-30 00:00:00","REPORT_DATE":"2021-02-28 00:00:00","DATE_TYPE_CODE":"002","REPORT_TYPE":"2021年中报","PER_NETCASH_OPERATE":0.160913782956,"PER_OI":0.500792873231,"BPS":1.451256430904,"BASIC_EPS":0.15,"DILUTED_EPS":0.1499,"OPERATE_INCOME":1090804000,"OPERATE_INCOME_YOY":17.017460297,"GROSS_PROFIT":508135000,"GROSS_PROFIT_YOY":16.645050215208,"HOLDER_PROFIT":324914000,"HOLDER_PROFIT_YOY":21.9120874998,"GROSS_PROFIT_RATIO":46.583529213314,"EPS_TTM":0.261813443861,"OPERATE_INCOME_QOQ":0,"NET_PROFIT_RATIO":29.6301627057,"ROE_AVG":10.615353602808,"GROSS_PROFIT_QOQ":0,"ROA":3.938151743454,"HOLDER_PROFIT_QOQ":0,"ROE_YEARLY":21.230707205616,"ROIC_YEARLY":9.000584154017,"TOTAL_ASSETS":8582772000,"TOTAL_LIABILITIES":5264601000,"TAX_EBT":7.479353629038,"OCF_SALES":32.13180369709,"TOTAL_PARENT_EQUITY":3161060000,"DEBT_ASSET_RATIO":61.3391687441,"OPERATE_PROFIT":385684000,"PRETAX_PROFIT":349335000,"NETCASH_OPERATE":350495000,"NETCASH_INVEST":-935867000,"NETCASH_FINANCE":130014000,"END_CASH":652536000,"DIVI_RATIO":0.192296847929,"DIVIDEND_RATE":39.568345323741,"CURRENT_RATIO":0.534905535945,"COMMON_ACS":10000000000,"CURRENTDEBT_DEBT":41.187128901127,"ISSUED_COMMON_SHARES":2178154000,"HK_COMMON_SHARES":2178154000,"PER_SHARES":2000,"TOTAL_MARKET_CAP":302763406,"HKSK_MARKET_CAP":302763406,"PE_TTM":2.864028229147,"PB_TTM":0.459217686911,"REPORT_DATE_SQ":"2020-06-30 00:00:00","REPORT_TYPE_SQ":"2020年中报","OPERATE_INCOME_SQ":932172000,"DPS_HKD":0.055,"OPERATE_INCOME_QOQ_SQ":0,"NET_PROFIT_RATIO_SQ":27.7213861819,"HOLDER_PROFIT_SQ":266515000,"HOLDER_PROFIT_QOQ_SQ":0,"ROE_AVG_SQ":11.836362723907,"PE_TTM_SQ":4.705908927662,"PB_TTM_SQ":1.25386569665,"ROA_SQ":4.155488213929,"START_DATE":"2020-09-01 00:00:00","FISCAL_YEAR":"8-31","CURRENCY":"HKD","IS_CNY_CODE":0,"DPS_HKD_LY":0.146,"ORG_TYPE":"一般企业","PREMIUM_INCOME":null,"PREMIUM_INCOME_YOY":null,"NET_INTEREST_INCOME":null,"NET_INTEREST_INCOME_YOY":null,"FEE_COMMISSION_INCOME":null,"FEE_COMMISSION_INCOME_YOY":null,"ACCOUNTS_RECE_TDAYS":null,"INVENTORY_TDAYS":82.977641697522,"CURRENT_ASSETS_TDAYS":0.787787461384,"TOTAL_ASSETS_TDAYS":0.132211959915,"PREMIUM_EXPENSE":null,"LOAN_DEPOSIT":null,"LOAN_EQUITY":null,"LOAN_ASSETS":null,"DEPOSIT_EQUITY":null,"DEPOSIT_ASSETS":null,"EQUITY_MULTIPLIER":2.586597254935,"EQUITY_RATIO":1.66545430963},{"SECUCODE":"06068.HK","SECURITY_CODE":"06068","SECURITY_NAME_ABBR":"光正教育","ORG_CODE":"10556879","STD_REPORT_DATE":"2020-12-31 00:00:00","REPORT_DATE":"2020-08-31 00:00:00","DATE_TYPE_CODE":"001","REPORT_TYPE":"2020年年报","PER_NETCASH_OPERATE":0.405750351146,"PER_OI":0.823427281671,"BPS":1.359190397006,"BASIC_EPS":0.25,"DILUTED_EPS":0.25,"OPERATE_INCOME":1792728000,"OPERATE_INCOME_YOY":6.6129061034,"GROSS_PROFIT":867936000,"GROSS_PROFIT_YOY":17.020765976265,"HOLDER_PROFIT":511871000,"HOLDER_PROFIT_YOY":42.3991965771,"GROSS_PROFIT_RATIO":48.414260278191,"EPS_TTM":0.235110148386,"OPERATE_INCOME_QOQ":0,"NET_PROFIT_RATIO":27.9842229273,"ROE_AVG":19.987840269404,"GROSS_PROFIT_QOQ":0,"ROA":7.214856765915,"HOLDER_PROFIT_QOQ":0,"ROE_YEARLY":19.987840269404,"ROIC_YEARLY":8.398291567008,"TOTAL_ASSETS":7918065000,"TOTAL_LIABILITIES":4828812000,"TAX_EBT":18.20827436889,"OCF_SALES":49.275796439839,"TOTAL_PARENT_EQUITY":2960526000,"DEBT_ASSET_RATIO":60.9847481676,"OPERATE_PROFIT":710513000,"PRETAX_PROFIT":613364000,"NETCASH_OPERATE":883381000,"NETCASH_INVEST":-644418000,"NETCASH_FINANCE":227213000,"END_CASH":1122778000,"DIVI_RATIO":0.214137502552,"DIVIDEND_RATE":39.568345323741,"CURRENT_RATIO":0.962293414681,"COMMON_ACS":10000000000,"CURRENTDEBT_DEBT":34.635703357265,"ISSUED_COMMON_SHARES":2178154000,"HK_COMMON_SHARES":2178154000,"PER_SHARES":2000,"TOTAL_MARKET_CAP":302763406,"HKSK_MARKET_CAP":302763406,"PE_TTM":2.864028229147,"PB_TTM":0.459217686911,"REPORT_DATE_SQ":"2019-12-31 00:00:00","REPORT_TYPE_SQ":"2019年年报","OPERATE_INCOME_SQ":1681530000,"DPS_HKD":0.055,"OPERATE_INCOME_QOQ_SQ":0,"NET_PROFIT_RATIO_SQ":21.027159789,"HOLDER_PROFIT_SQ":359462000,"HOLDER_PROFIT_QOQ_SQ":0,"ROE_AVG_SQ":17.653730770071,"PE_TTM_SQ":4.705908927662,"PB_TTM_SQ":1.25386569665,"ROA_SQ":6.12217126213,"START_DATE":"2019-09-01 00:00:00","FISCAL_YEAR":"8-31","CURRENCY":"HKD","IS_CNY_CODE":0,"DPS_HKD_LY":0.111,"ORG_TYPE":"一般企业","PREMIUM_INCOME":null,"PREMIUM_INCOME_YOY":null,"NET_INTEREST_INCOME":null,"NET_INTEREST_INCOME_YOY":null,"FEE_COMMISSION_INCOME":null,"FEE_COMMISSION_INCOME_YOY":null,"ACCOUNTS_RECE_TDAYS":null,"INVENTORY_TDAYS":133.264932632034,"CURRENT_ASSETS_TDAYS":1.118834787374,"TOTAL_ASSETS_TDAYS":0.252686238139,"PREMIUM_EXPENSE":null,"LOAN_DEPOSIT":null,"LOAN_EQUITY":null,"LOAN_ASSETS":null,"DEPOSIT_EQUITY":null,"DEPOSIT_ASSETS":null,"EQUITY_MULTIPLIER":2.563100205775,"EQUITY_RATIO":1.631065560647}],"count":23},"success":true,"message":"ok","code":0}