{"version":"eac65826ae6939a63beb4c906212a518","result":{"pages":2,"data":[{"SECUCODE":"06063.HK","SECURITY_CODE":"06063","SECURITY_NAME_ABBR":"智中国际","ORG_CODE":"10000056135","STD_REPORT_DATE":"2024-06-30 00:00:00","REPORT_DATE":"2024-09-30 00:00:00","DATE_TYPE_CODE":"002","REPORT_TYPE":"2024年中报","PER_NETCASH_OPERATE":-0.007668371265,"PER_OI":0.05892025323,"BPS":0.057624381,"BASIC_EPS":0.00090179,"DILUTED_EPS":null,"OPERATE_INCOME":117840506.46,"OPERATE_INCOME_YOY":21.2234220194,"GROSS_PROFIT":12062343.04,"GROSS_PROFIT_YOY":8.207979661397,"HOLDER_PROFIT":1820714.01,"HOLDER_PROFIT_YOY":77.2607550483,"GROSS_PROFIT_RATIO":10.236160215498,"EPS_TTM":0.001504873,"OPERATE_INCOME_QOQ":0,"NET_PROFIT_RATIO":1.5450663483,"ROE_AVG":1.592390597087,"GROSS_PROFIT_QOQ":0,"ROA":1.176569998339,"HOLDER_PROFIT_QOQ":0,"ROE_YEARLY":3.184781194175,"ROIC_YEARLY":3.9262205023,"TOTAL_ASSETS":154209697.16,"TOTAL_LIABILITIES":38960935.16,"TAX_EBT":10.425909494233,"OCF_SALES":-13.014830800312,"TOTAL_PARENT_EQUITY":115248762,"DEBT_ASSET_RATIO":25.2649060841,"OPERATE_PROFIT":2105679.65,"PRETAX_PROFIT":2032634.66,"NETCASH_OPERATE":-15336742.53,"NETCASH_INVEST":-2587235.51,"NETCASH_FINANCE":3137327.41,"END_CASH":53255208.45,"DIVI_RATIO":null,"DIVIDEND_RATE":null,"CURRENT_RATIO":3.850728558546,"COMMON_ACS":10000000000,"CURRENTDEBT_DEBT":97.532635867049,"ISSUED_COMMON_SHARES":2000000000,"HK_COMMON_SHARES":2000000000,"PER_SHARES":8000,"TOTAL_MARKET_CAP":398000000,"HKSK_MARKET_CAP":398000000,"PE_TTM":94.761904761905,"PB_TTM":3.114241001565,"REPORT_DATE_SQ":"2023-06-30 00:00:00","REPORT_TYPE_SQ":"2023年中报","OPERATE_INCOME_SQ":98916843.48,"DPS_HKD":null,"OPERATE_INCOME_QOQ_SQ":0,"NET_PROFIT_RATIO_SQ":1.0566254778,"HOLDER_PROFIT_SQ":1045180.57,"HOLDER_PROFIT_QOQ_SQ":0,"ROE_AVG_SQ":0.925786695169,"PE_TTM_SQ":-72.101790763431,"PB_TTM_SQ":2.47572815534,"ROA_SQ":0.645752011951,"START_DATE":"2024-04-01 00:00:00","FISCAL_YEAR":"3-31","CURRENCY":"HKD","IS_CNY_CODE":0,"DPS_HKD_LY":null,"ORG_TYPE":"一般企业","PREMIUM_INCOME":null,"PREMIUM_INCOME_YOY":null,"NET_INTEREST_INCOME":null,"NET_INTEREST_INCOME_YOY":null,"FEE_COMMISSION_INCOME":null,"FEE_COMMISSION_INCOME_YOY":null,"ACCOUNTS_RECE_TDAYS":3.941068251048,"INVENTORY_TDAYS":null,"CURRENT_ASSETS_TDAYS":0.803836051254,"TOTAL_ASSETS_TDAYS":0.761501277677,"PREMIUM_EXPENSE":null,"LOAN_DEPOSIT":null,"LOAN_EQUITY":null,"LOAN_ASSETS":null,"DEPOSIT_EQUITY":null,"DEPOSIT_ASSETS":null,"EQUITY_MULTIPLIER":1.338059467919,"EQUITY_RATIO":0.338059467919},{"SECUCODE":"06063.HK","SECURITY_CODE":"06063","SECURITY_NAME_ABBR":"智中国际","ORG_CODE":"10000056135","STD_REPORT_DATE":"2023-12-31 00:00:00","REPORT_DATE":"2024-03-31 00:00:00","DATE_TYPE_CODE":"001","REPORT_TYPE":"2023年年报","PER_NETCASH_OPERATE":0.02138460795,"PER_OI":0.10998173945,"BPS":0.057013382775,"BASIC_EPS":0.001541135,"DILUTED_EPS":null,"OPERATE_INCOME":219963478.9,"OPERATE_INCOME_YOY":27.2881791618,"GROSS_PROFIT":23926574.15,"GROSS_PROFIT_YOY":113.213583335526,"HOLDER_PROFIT":3009746,"HOLDER_PROFIT_YOY":140.9775364108,"GROSS_PROFIT_RATIO":10.877521245642,"EPS_TTM":-0.001794109445,"OPERATE_INCOME_QOQ":0,"NET_PROFIT_RATIO":1.3682935072,"ROE_AVG":2.674809258707,"GROSS_PROFIT_QOQ":0,"ROA":1.929996918981,"HOLDER_PROFIT_QOQ":0,"ROE_YEARLY":2.674809258707,"ROIC_YEARLY":3.127119282646,"TOTAL_ASSETS":156105190.35,"TOTAL_LIABILITIES":42078424.8,"TAX_EBT":15.500127258845,"OCF_SALES":19.443780446591,"TOTAL_PARENT_EQUITY":114026765.55,"DEBT_ASSET_RATIO":26.9551734351,"OPERATE_PROFIT":4872706.25,"PRETAX_PROFIT":3561834.95,"NETCASH_OPERATE":42769215.9,"NETCASH_INVEST":4196419.95,"NETCASH_FINANCE":-29561688.95,"END_CASH":68401010.6,"DIVI_RATIO":null,"DIVIDEND_RATE":null,"CURRENT_RATIO":3.663734731064,"COMMON_ACS":10000000000,"CURRENTDEBT_DEBT":95.770854877628,"ISSUED_COMMON_SHARES":2000000000,"HK_COMMON_SHARES":2000000000,"PER_SHARES":8000,"TOTAL_MARKET_CAP":436000000,"HKSK_MARKET_CAP":436000000,"PE_TTM":103.809523809524,"PB_TTM":3.411580594679,"REPORT_DATE_SQ":"2022-12-31 00:00:00","REPORT_TYPE_SQ":"2022年年报","OPERATE_INCOME_SQ":166871529.61,"DPS_HKD":null,"OPERATE_INCOME_QOQ_SQ":0,"NET_PROFIT_RATIO_SQ":-4.2503186952,"HOLDER_PROFIT_SQ":-7092571.82,"HOLDER_PROFIT_QOQ_SQ":0,"ROE_AVG_SQ":-6.404135576072,"PE_TTM_SQ":-41.470311027333,"PB_TTM_SQ":1.423948220065,"ROA_SQ":-4.662578805466,"START_DATE":"2023-04-01 00:00:00","FISCAL_YEAR":"3-31","CURRENCY":"HKD","IS_CNY_CODE":0,"DPS_HKD_LY":null,"ORG_TYPE":"一般企业","PREMIUM_INCOME":null,"PREMIUM_INCOME_YOY":null,"NET_INTEREST_INCOME":null,"NET_INTEREST_INCOME_YOY":null,"FEE_COMMISSION_INCOME":null,"FEE_COMMISSION_INCOME_YOY":null,"ACCOUNTS_RECE_TDAYS":8.404502944233,"INVENTORY_TDAYS":null,"CURRENT_ASSETS_TDAYS":1.523863953952,"TOTAL_ASSETS_TDAYS":1.410513832613,"PREMIUM_EXPENSE":null,"LOAN_DEPOSIT":null,"LOAN_EQUITY":null,"LOAN_ASSETS":null,"DEPOSIT_EQUITY":null,"DEPOSIT_ASSETS":null,"EQUITY_MULTIPLIER":1.369022348368,"EQUITY_RATIO":0.369022348367},{"SECUCODE":"06063.HK","SECURITY_CODE":"06063","SECURITY_NAME_ABBR":"智中国际","ORG_CODE":"10000056135","STD_REPORT_DATE":"2023-06-30 00:00:00","REPORT_DATE":"2023-09-30 00:00:00","DATE_TYPE_CODE":"002","REPORT_TYPE":"2023年中报","PER_NETCASH_OPERATE":0.006664287875,"PER_OI":0.04945842174,"BPS":0.056709534,"BASIC_EPS":0.000550578,"DILUTED_EPS":null,"OPERATE_INCOME":98916843.48,"OPERATE_INCOME_YOY":3.3697090581,"GROSS_PROFIT":11147369.24,"GROSS_PROFIT_YOY":73.667207146854,"HOLDER_PROFIT":1045180.57,"HOLDER_PROFIT_YOY":141.8904008827,"GROSS_PROFIT_RATIO":11.269434858436,"EPS_TTM":-0.00354628591,"OPERATE_INCOME_QOQ":0,"NET_PROFIT_RATIO":1.0566254778,"ROE_AVG":0.925786695169,"GROSS_PROFIT_QOQ":0,"ROA":0.645752011951,"HOLDER_PROFIT_QOQ":0,"ROE_YEARLY":1.851573390338,"ROIC_YEARLY":2.005228735157,"TOTAL_ASSETS":166019454.86,"TOTAL_LIABILITIES":52600386.86,"TAX_EBT":15.816703621582,"OCF_SALES":13.474525956436,"TOTAL_PARENT_EQUITY":113419068,"DEBT_ASSET_RATIO":31.6832668222,"OPERATE_PROFIT":2060996.98,"PRETAX_PROFIT":1241553.39,"NETCASH_OPERATE":13328575.75,"NETCASH_INVEST":3440194.87,"NETCASH_FINANCE":-4790946.23,"END_CASH":63598182.41,"DIVI_RATIO":null,"DIVIDEND_RATE":null,"CURRENT_RATIO":3.130019755913,"COMMON_ACS":10000000000,"CURRENTDEBT_DEBT":94.485537838875,"ISSUED_COMMON_SHARES":2000000000,"HK_COMMON_SHARES":2000000000,"PER_SHARES":8000,"TOTAL_MARKET_CAP":436000000,"HKSK_MARKET_CAP":436000000,"PE_TTM":103.809523809524,"PB_TTM":3.411580594679,"REPORT_DATE_SQ":"2022-06-30 00:00:00","REPORT_TYPE_SQ":"2022年中报","OPERATE_INCOME_SQ":94316812.08,"DPS_HKD":null,"OPERATE_INCOME_QOQ_SQ":0,"NET_PROFIT_RATIO_SQ":-2.6073531386,"HOLDER_PROFIT_SQ":-2459172.36,"HOLDER_PROFIT_QOQ_SQ":0,"ROE_AVG_SQ":-2.104432155476,"PE_TTM_SQ":-41.470311027333,"PB_TTM_SQ":1.423948220065,"ROA_SQ":-1.552002648508,"START_DATE":"2023-04-01 00:00:00","FISCAL_YEAR":"3-31","CURRENCY":"HKD","IS_CNY_CODE":0,"DPS_HKD_LY":null,"ORG_TYPE":"一般企业","PREMIUM_INCOME":null,"PREMIUM_INCOME_YOY":null,"NET_INTEREST_INCOME":null,"NET_INTEREST_INCOME_YOY":null,"FEE_COMMISSION_INCOME":null,"FEE_COMMISSION_INCOME_YOY":null,"ACCOUNTS_RECE_TDAYS":7.734797115488,"INVENTORY_TDAYS":null,"CURRENT_ASSETS_TDAYS":0.663131474692,"TOTAL_ASSETS_TDAYS":0.611145600354,"PREMIUM_EXPENSE":null,"LOAN_DEPOSIT":null,"LOAN_EQUITY":null,"LOAN_ASSETS":null,"DEPOSIT_EQUITY":null,"DEPOSIT_ASSETS":null,"EQUITY_MULTIPLIER":1.463770226538,"EQUITY_RATIO":0.463770226537},{"SECUCODE":"06063.HK","SECURITY_CODE":"06063","SECURITY_NAME_ABBR":"智中国际","ORG_CODE":"10000056135","STD_REPORT_DATE":"2022-12-31 00:00:00","REPORT_DATE":"2023-03-31 00:00:00","DATE_TYPE_CODE":"001","REPORT_TYPE":"2022年年报","PER_NETCASH_OPERATE":-0.000679755865,"PER_OI":0.083435764805,"BPS":0.053601792005,"BASIC_EPS":-0.003589181,"DILUTED_EPS":null,"OPERATE_INCOME":166871529.61,"OPERATE_INCOME_YOY":-14.8979200057,"GROSS_PROFIT":11221880.79,"GROSS_PROFIT_YOY":459.519626805319,"HOLDER_PROFIT":-7092571.82,"HOLDER_PROFIT_YOY":64.2390536723,"GROSS_PROFIT_RATIO":6.724862423343,"EPS_TTM":-0.0090954743,"OPERATE_INCOME_QOQ":0,"NET_PROFIT_RATIO":-4.2503186952,"ROE_AVG":-6.404135576072,"GROSS_PROFIT_QOQ":0,"ROA":-4.662578805466,"HOLDER_PROFIT_QOQ":0,"ROE_YEARLY":-6.404135576072,"ROIC_YEARLY":-6.609588063257,"TOTAL_ASSETS":150434831.45,"TOTAL_LIABILITIES":43231247.44,"TAX_EBT":0.086323837711,"OCF_SALES":-0.814705620052,"TOTAL_PARENT_EQUITY":107203584.01,"DEBT_ASSET_RATIO":28.7375250953,"OPERATE_PROFIT":-5951037.18,"PRETAX_PROFIT":-7098699.69,"NETCASH_OPERATE":-1359511.73,"NETCASH_INVEST":6524430.73,"NETCASH_FINANCE":3706485.94,"END_CASH":49245314.14,"DIVI_RATIO":null,"DIVIDEND_RATE":null,"CURRENT_RATIO":3.45633677663,"COMMON_ACS":10000000000,"CURRENTDEBT_DEBT":91.153005021869,"ISSUED_COMMON_SHARES":2000000000,"HK_COMMON_SHARES":2000000000,"PER_SHARES":8000,"TOTAL_MARKET_CAP":436000000,"HKSK_MARKET_CAP":436000000,"PE_TTM":103.809523809524,"PB_TTM":3.411580594679,"REPORT_DATE_SQ":"2021-12-31 00:00:00","REPORT_TYPE_SQ":"2021年年报","OPERATE_INCOME_SQ":181658940.91,"DPS_HKD":null,"OPERATE_INCOME_QOQ_SQ":0,"NET_PROFIT_RATIO_SQ":-10.1146921082,"HOLDER_PROFIT_SQ":-18374242.56,"HOLDER_PROFIT_QOQ_SQ":0,"ROE_AVG_SQ":-14.915959470936,"PE_TTM_SQ":-41.470311027333,"PB_TTM_SQ":1.423948220065,"ROA_SQ":-11.740928453717,"START_DATE":"2022-04-01 00:00:00","FISCAL_YEAR":"3-31","CURRENCY":"HKD","IS_CNY_CODE":0,"DPS_HKD_LY":null,"ORG_TYPE":"一般企业","PREMIUM_INCOME":null,"PREMIUM_INCOME_YOY":null,"NET_INTEREST_INCOME":null,"NET_INTEREST_INCOME_YOY":null,"FEE_COMMISSION_INCOME":null,"FEE_COMMISSION_INCOME_YOY":null,"ACCOUNTS_RECE_TDAYS":8.862589208917,"INVENTORY_TDAYS":null,"CURRENT_ASSETS_TDAYS":1.220689235616,"TOTAL_ASSETS_TDAYS":1.096995105501,"PREMIUM_EXPENSE":null,"LOAN_DEPOSIT":null,"LOAN_EQUITY":null,"LOAN_ASSETS":null,"DEPOSIT_EQUITY":null,"DEPOSIT_ASSETS":null,"EQUITY_MULTIPLIER":1.403263079675,"EQUITY_RATIO":0.403263079674},{"SECUCODE":"06063.HK","SECURITY_CODE":"06063","SECURITY_NAME_ABBR":"智中国际","ORG_CODE":"10000056135","STD_REPORT_DATE":"2022-06-30 00:00:00","REPORT_DATE":"2022-09-30 00:00:00","DATE_TYPE_CODE":"002","REPORT_TYPE":"2022年中报","PER_NETCASH_OPERATE":0.001334049,"PER_OI":0.04715840604,"BPS":0.05781361368,"BASIC_EPS":-0.001266216,"DILUTED_EPS":null,"OPERATE_INCOME":94316812.08,"OPERATE_INCOME_YOY":-10.2464131099,"GROSS_PROFIT":6418810.68,"GROSS_PROFIT_YOY":-1.330514933677,"HOLDER_PROFIT":-2459172.36,"HOLDER_PROFIT_YOY":14.2812105927,"GROSS_PROFIT_RATIO":6.805584856447,"EPS_TTM":-0.00918712128,"OPERATE_INCOME_QOQ":0,"NET_PROFIT_RATIO":-2.6073531386,"ROE_AVG":-2.104432155476,"GROSS_PROFIT_QOQ":0,"ROA":-1.552002648508,"HOLDER_PROFIT_QOQ":0,"ROE_YEARLY":-4.208864310951,"ROIC_YEARLY":-4.267524670891,"TOTAL_ASSETS":158003859.12,"TOTAL_LIABILITIES":42376631.76,"TAX_EBT":14.577442664153,"OCF_SALES":2.828867877486,"TOTAL_PARENT_EQUITY":115627227.36,"DEBT_ASSET_RATIO":26.8199979393,"OPERATE_PROFIT":-2473643.4,"PRETAX_PROFIT":-2878832.52,"NETCASH_OPERATE":2668098,"NETCASH_INVEST":1305106.92,"NETCASH_FINANCE":-996692.88,"END_CASH":44689284.84,"DIVI_RATIO":null,"DIVIDEND_RATE":null,"CURRENT_RATIO":3.770133461585,"COMMON_ACS":10000000000,"CURRENTDEBT_DEBT":88.754428650702,"ISSUED_COMMON_SHARES":2000000000,"HK_COMMON_SHARES":2000000000,"PER_SHARES":8000,"TOTAL_MARKET_CAP":436000000,"HKSK_MARKET_CAP":436000000,"PE_TTM":103.809523809524,"PB_TTM":3.411580594679,"REPORT_DATE_SQ":"2021-06-30 00:00:00","REPORT_TYPE_SQ":"2021年中报","OPERATE_INCOME_SQ":96790742.22,"DPS_HKD":null,"OPERATE_INCOME_QOQ_SQ":0,"NET_PROFIT_RATIO_SQ":-2.7300816787,"HOLDER_PROFIT_SQ":-2642466.32,"HOLDER_PROFIT_QOQ_SQ":0,"ROE_AVG_SQ":-1.962470535101,"PE_TTM_SQ":-41.470311027333,"PB_TTM_SQ":1.423948220065,"ROA_SQ":-1.521259019287,"START_DATE":"2022-04-01 00:00:00","FISCAL_YEAR":"3-31","CURRENCY":"HKD","IS_CNY_CODE":0,"DPS_HKD_LY":null,"ORG_TYPE":"一般企业","PREMIUM_INCOME":null,"PREMIUM_INCOME_YOY":null,"NET_INTEREST_INCOME":null,"NET_INTEREST_INCOME_YOY":null,"FEE_COMMISSION_INCOME":null,"FEE_COMMISSION_INCOME_YOY":null,"ACCOUNTS_RECE_TDAYS":5.101110404539,"INVENTORY_TDAYS":null,"CURRENT_ASSETS_TDAYS":0.66525257487,"TOTAL_ASSETS_TDAYS":0.595240677424,"PREMIUM_EXPENSE":null,"LOAN_DEPOSIT":null,"LOAN_EQUITY":null,"LOAN_ASSETS":null,"DEPOSIT_EQUITY":null,"DEPOSIT_ASSETS":null,"EQUITY_MULTIPLIER":1.366493539001,"EQUITY_RATIO":0.366493539001},{"SECUCODE":"06063.HK","SECURITY_CODE":"06063","SECURITY_NAME_ABBR":"智中国际","ORG_CODE":"10000056135","STD_REPORT_DATE":"2021-12-31 00:00:00","REPORT_DATE":"2022-03-31 00:00:00","DATE_TYPE_CODE":"001","REPORT_TYPE":"2021年年报","PER_NETCASH_OPERATE":-0.01103622408,"PER_OI":0.090829470455,"BPS":0.052943949315,"BASIC_EPS":-0.009164413,"DILUTED_EPS":null,"OPERATE_INCOME":181658940.91,"OPERATE_INCOME_YOY":1.4507129011,"GROSS_PROFIT":2005627.73,"GROSS_PROFIT_YOY":-95.289106374894,"HOLDER_PROFIT":-18374242.56,"HOLDER_PROFIT_YOY":-204.2326094958,"GROSS_PROFIT_RATIO":1.104062216786,"EPS_TTM":0.00454965124,"OPERATE_INCOME_QOQ":0,"NET_PROFIT_RATIO":-10.1146921082,"ROE_AVG":-14.915959470936,"GROSS_PROFIT_QOQ":0,"ROA":-11.740928453717,"HOLDER_PROFIT_QOQ":0,"ROE_YEARLY":-14.915959470936,"ROIC_YEARLY":-16.977017781808,"TOTAL_ASSETS":142484724.88,"TOTAL_LIABILITIES":36596826.25,"TAX_EBT":14.827067669173,"OCF_SALES":-12.150488189258,"TOTAL_PARENT_EQUITY":105887898.63,"DEBT_ASSET_RATIO":25.6847365785,"OPERATE_PROFIT":-20981639.71,"PRETAX_PROFIT":-21572866,"NETCASH_OPERATE":-22072448.16,"NETCASH_INVEST":5960923.5,"NETCASH_FINANCE":-5615433.24,"END_CASH":37403781.2,"DIVI_RATIO":null,"DIVIDEND_RATE":null,"CURRENT_RATIO":4.048615416408,"COMMON_ACS":10000000000,"CURRENTDEBT_DEBT":85.78836565097,"ISSUED_COMMON_SHARES":2000000000,"HK_COMMON_SHARES":2000000000,"PER_SHARES":8000,"TOTAL_MARKET_CAP":436000000,"HKSK_MARKET_CAP":436000000,"PE_TTM":103.809523809524,"PB_TTM":3.411580594679,"REPORT_DATE_SQ":"2020-12-31 00:00:00","REPORT_TYPE_SQ":"2020年年报","OPERATE_INCOME_SQ":186605601.84,"DPS_HKD":null,"OPERATE_INCOME_QOQ_SQ":0,"NET_PROFIT_RATIO_SQ":9.8447379387,"HOLDER_PROFIT_SQ":18370832.48,"HOLDER_PROFIT_QOQ_SQ":0,"ROE_AVG_SQ":18.460780608367,"PE_TTM_SQ":-41.470311027333,"PB_TTM_SQ":1.423948220065,"ROA_SQ":12.966149973305,"START_DATE":"2021-04-01 00:00:00","FISCAL_YEAR":"3-31","CURRENCY":"HKD","IS_CNY_CODE":0,"DPS_HKD_LY":0.01,"ORG_TYPE":"一般企业","PREMIUM_INCOME":null,"PREMIUM_INCOME_YOY":null,"NET_INTEREST_INCOME":null,"NET_INTEREST_INCOME_YOY":null,"FEE_COMMISSION_INCOME":null,"FEE_COMMISSION_INCOME_YOY":null,"ACCOUNTS_RECE_TDAYS":8.941578012415,"INVENTORY_TDAYS":null,"CURRENT_ASSETS_TDAYS":1.28346158915,"TOTAL_ASSETS_TDAYS":1.160779619208,"PREMIUM_EXPENSE":null,"LOAN_DEPOSIT":null,"LOAN_EQUITY":null,"LOAN_ASSETS":null,"DEPOSIT_EQUITY":null,"DEPOSIT_ASSETS":null,"EQUITY_MULTIPLIER":1.345618590259,"EQUITY_RATIO":0.345618590259},{"SECUCODE":"06063.HK","SECURITY_CODE":"06063","SECURITY_NAME_ABBR":"智中国际","ORG_CODE":"10000056135","STD_REPORT_DATE":"2021-06-30 00:00:00","REPORT_DATE":"2021-09-30 00:00:00","DATE_TYPE_CODE":"002","REPORT_TYPE":"2021年中报","PER_NETCASH_OPERATE":-0.0077849457,"PER_OI":0.04839537111,"BPS":0.06249907691,"BASIC_EPS":-0.001332896,"DILUTED_EPS":null,"OPERATE_INCOME":96790742.22,"OPERATE_INCOME_YOY":17.3926222303,"GROSS_PROFIT":6505365.54,"GROSS_PROFIT_YOY":-67.785435036537,"HOLDER_PROFIT":-2642466.32,"HOLDER_PROFIT_YOY":-142.046659597,"GROSS_PROFIT_RATIO":6.721061736683,"EPS_TTM":0.00918541624,"OPERATE_INCOME_QOQ":0,"NET_PROFIT_RATIO":-2.7300816787,"ROE_AVG":-1.962470535101,"GROSS_PROFIT_QOQ":0,"ROA":-1.521259019287,"HOLDER_PROFIT_QOQ":0,"ROE_YEARLY":-3.924941070202,"ROIC_YEARLY":-4.338534240158,"TOTAL_ASSETS":172259313.74,"TOTAL_LIABILITIES":47261159.92,"TAX_EBT":10.773558368495,"OCF_SALES":-16.086137003279,"TOTAL_PARENT_EQUITY":124998153.82,"DEBT_ASSET_RATIO":27.4360549185,"OPERATE_PROFIT":-2674955.66,"PRETAX_PROFIT":-2961528.3,"NETCASH_OPERATE":-15569891.4,"NETCASH_INVEST":3968697.84,"NETCASH_FINANCE":-6097999.2,"END_CASH":43039211.84,"DIVI_RATIO":null,"DIVIDEND_RATE":null,"CURRENT_RATIO":3.864234973234,"COMMON_ACS":10000000000,"CURRENTDEBT_DEBT":86.598392441656,"ISSUED_COMMON_SHARES":2000000000,"HK_COMMON_SHARES":2000000000,"PER_SHARES":8000,"TOTAL_MARKET_CAP":436000000,"HKSK_MARKET_CAP":436000000,"PE_TTM":103.809523809524,"PB_TTM":3.411580594679,"REPORT_DATE_SQ":"2020-06-30 00:00:00","REPORT_TYPE_SQ":"2020年中报","OPERATE_INCOME_SQ":86969554.56,"DPS_HKD":null,"OPERATE_INCOME_QOQ_SQ":0,"NET_PROFIT_RATIO_SQ":7.6222808241,"HOLDER_PROFIT_SQ":6629063.68,"HOLDER_PROFIT_QOQ_SQ":0,"ROE_AVG_SQ":6.818171547871,"PE_TTM_SQ":-41.470311027333,"PB_TTM_SQ":1.423948220065,"ROA_SQ":4.421988018898,"START_DATE":"2021-04-01 00:00:00","FISCAL_YEAR":"3-31","CURRENCY":"HKD","IS_CNY_CODE":0,"DPS_HKD_LY":0.01,"ORG_TYPE":"一般企业","PREMIUM_INCOME":null,"PREMIUM_INCOME_YOY":null,"NET_INTEREST_INCOME":null,"NET_INTEREST_INCOME_YOY":null,"FEE_COMMISSION_INCOME":null,"FEE_COMMISSION_INCOME_YOY":null,"ACCOUNTS_RECE_TDAYS":4.011566481373,"INVENTORY_TDAYS":null,"CURRENT_ASSETS_TDAYS":0.608057400342,"TOTAL_ASSETS_TDAYS":0.557221064546,"PREMIUM_EXPENSE":null,"LOAN_DEPOSIT":null,"LOAN_EQUITY":null,"LOAN_ASSETS":null,"DEPOSIT_EQUITY":null,"DEPOSIT_ASSETS":null,"EQUITY_MULTIPLIER":1.378094863609,"EQUITY_RATIO":0.378094863609},{"SECUCODE":"06063.HK","SECURITY_CODE":"06063","SECURITY_NAME_ABBR":"智中国际","ORG_CODE":"10000056135","STD_REPORT_DATE":"2020-12-31 00:00:00","REPORT_DATE":"2021-03-31 00:00:00","DATE_TYPE_CODE":"001","REPORT_TYPE":"2020年年报","PER_NETCASH_OPERATE":0.00782847975,"PER_OI":0.09330280092,"BPS":0.07320061721,"BASIC_EPS":0.00929698,"DILUTED_EPS":null,"OPERATE_INCOME":186605601.84,"OPERATE_INCOME_YOY":-9.309805178,"GROSS_PROFIT":42574252.14,"GROSS_PROFIT_YOY":-34.333777049943,"HOLDER_PROFIT":18370832.48,"HOLDER_PROFIT_YOY":-36.3662977926,"GROSS_PROFIT_RATIO":22.815098646666,"EPS_TTM":0.010760482685,"OPERATE_INCOME_QOQ":0,"NET_PROFIT_RATIO":9.8447379387,"ROE_AVG":18.460780608367,"GROSS_PROFIT_QOQ":0,"ROA":12.966149973305,"HOLDER_PROFIT_QOQ":0,"ROE_YEARLY":18.460780608367,"ROIC_YEARLY":17.500593793151,"TOTAL_ASSETS":177694023.92,"TOTAL_LIABILITIES":31292789.5,"TAX_EBT":16.251830161054,"OCF_SALES":8.390401652264,"TOTAL_PARENT_EQUITY":146401234.42,"DEBT_ASSET_RATIO":17.610490668,"OPERATE_PROFIT":22740413.08,"PRETAX_PROFIT":21935801.72,"NETCASH_OPERATE":15656959.5,"NETCASH_INVEST":-16851198.84,"NETCASH_FINANCE":51017600.34,"END_CASH":61622073.8,"DIVI_RATIO":null,"DIVIDEND_RATE":null,"CURRENT_RATIO":6.776321353066,"COMMON_ACS":10000000000,"CURRENTDEBT_DEBT":76.650911546253,"ISSUED_COMMON_SHARES":2000000000,"HK_COMMON_SHARES":2000000000,"PER_SHARES":8000,"TOTAL_MARKET_CAP":436000000,"HKSK_MARKET_CAP":436000000,"PE_TTM":103.809523809524,"PB_TTM":3.411580594679,"REPORT_DATE_SQ":"2019-12-31 00:00:00","REPORT_TYPE_SQ":"2019年年报","OPERATE_INCOME_SQ":222443006.1,"DPS_HKD":null,"OPERATE_INCOME_QOQ_SQ":0,"NET_PROFIT_RATIO_SQ":14.0306342497,"HOLDER_PROFIT_SQ":31210164.6,"HOLDER_PROFIT_QOQ_SQ":0,"ROE_AVG_SQ":75.595883589687,"PE_TTM_SQ":-41.470311027333,"PB_TTM_SQ":1.423948220065,"ROA_SQ":29.809794347502,"START_DATE":"2020-04-01 00:00:00","FISCAL_YEAR":"3-31","CURRENCY":"HKD","IS_CNY_CODE":0,"DPS_HKD_LY":0.005,"ORG_TYPE":"一般企业","PREMIUM_INCOME":null,"PREMIUM_INCOME_YOY":null,"NET_INTEREST_INCOME":null,"NET_INTEREST_INCOME_YOY":null,"FEE_COMMISSION_INCOME":null,"FEE_COMMISSION_INCOME_YOY":null,"ACCOUNTS_RECE_TDAYS":9.840572281773,"INVENTORY_TDAYS":null,"CURRENT_ASSETS_TDAYS":1.415416570505,"TOTAL_ASSETS_TDAYS":1.317064004557,"PREMIUM_EXPENSE":null,"LOAN_DEPOSIT":null,"LOAN_EQUITY":null,"LOAN_ASSETS":null,"DEPOSIT_EQUITY":null,"DEPOSIT_ASSETS":null,"EQUITY_MULTIPLIER":1.213746759882,"EQUITY_RATIO":0.213746759882},{"SECUCODE":"06063.HK","SECURITY_CODE":"06063","SECURITY_NAME_ABBR":"智中国际","ORG_CODE":"10000056135","STD_REPORT_DATE":"2020-06-30 00:00:00","REPORT_DATE":"2020-09-30 00:00:00","DATE_TYPE_CODE":"002","REPORT_TYPE":"2020年中报","PER_NETCASH_OPERATE":-0.0021133216,"PER_OI":0.04348477728,"BPS":0.06987010272,"BASIC_EPS":0.003339136,"DILUTED_EPS":null,"OPERATE_INCOME":86969554.56,"OPERATE_INCOME_YOY":-21.5850479729,"GROSS_PROFIT":20193864.32,"GROSS_PROFIT_YOY":-38.089024124372,"HOLDER_PROFIT":6629063.68,"HOLDER_PROFIT_YOY":-58.2997070366,"GROSS_PROFIT_RATIO":23.219463894193,"EPS_TTM":0.0156050823,"OPERATE_INCOME_QOQ":0,"NET_PROFIT_RATIO":7.6222808241,"ROE_AVG":6.818171547871,"GROSS_PROFIT_QOQ":0,"ROA":4.421988018898,"HOLDER_PROFIT_QOQ":0,"ROE_YEARLY":13.636343095743,"ROIC_YEARLY":11.288554701382,"TOTAL_ASSETS":189957296,"TOTAL_LIABILITIES":50217090.56,"TAX_EBT":16.447004097907,"OCF_SALES":-4.859911288937,"TOTAL_PARENT_EQUITY":139740205.44,"DEBT_ASSET_RATIO":26.4359893605,"OPERATE_PROFIT":8371565.44,"PRETAX_PROFIT":7933962.88,"NETCASH_OPERATE":-4226643.2,"NETCASH_INVEST":-5161601.28,"NETCASH_FINANCE":49782124.16,"END_CASH":52660810.88,"DIVI_RATIO":null,"DIVIDEND_RATE":null,"CURRENT_RATIO":4.113855421687,"COMMON_ACS":10000000000,"CURRENTDEBT_DEBT":84.237418632323,"ISSUED_COMMON_SHARES":2000000000,"HK_COMMON_SHARES":2000000000,"PER_SHARES":8000,"TOTAL_MARKET_CAP":436000000,"HKSK_MARKET_CAP":436000000,"PE_TTM":103.809523809524,"PB_TTM":3.411580594679,"REPORT_DATE_SQ":"2019-06-30 00:00:00","REPORT_TYPE_SQ":"2019年中报","OPERATE_INCOME_SQ":113848996.17,"DPS_HKD":null,"OPERATE_INCOME_QOQ_SQ":0,"NET_PROFIT_RATIO_SQ":14.3332514637,"HOLDER_PROFIT_SQ":16318262.91,"HOLDER_PROFIT_QOQ_SQ":0,"ROE_AVG_SQ":48.695207461341,"PE_TTM_SQ":-41.470311027333,"PB_TTM_SQ":1.423948220065,"ROA_SQ":15.635046842051,"START_DATE":"2020-04-01 00:00:00","FISCAL_YEAR":"3-31","CURRENCY":"HKD","IS_CNY_CODE":0,"DPS_HKD_LY":0.005,"ORG_TYPE":"一般企业","PREMIUM_INCOME":null,"PREMIUM_INCOME_YOY":null,"NET_INTEREST_INCOME":null,"NET_INTEREST_INCOME_YOY":null,"FEE_COMMISSION_INCOME":null,"FEE_COMMISSION_INCOME_YOY":null,"ACCOUNTS_RECE_TDAYS":5.293381468111,"INVENTORY_TDAYS":null,"CURRENT_ASSETS_TDAYS":0.623049684456,"TOTAL_ASSETS_TDAYS":0.580139740449,"PREMIUM_EXPENSE":null,"LOAN_DEPOSIT":null,"LOAN_EQUITY":null,"LOAN_ASSETS":null,"DEPOSIT_EQUITY":null,"DEPOSIT_ASSETS":null,"EQUITY_MULTIPLIER":1.359360360191,"EQUITY_RATIO":0.35936036019}],"count":15},"success":true,"message":"ok","code":0}