{"version":"ecfffd50e1022c9d3d2e4d86c0b9137d","result":{"pages":3,"data":[{"SECUCODE":"06060.HK","SECURITY_CODE":"06060","SECURITY_NAME_ABBR":"众安在线","ORG_CODE":"10388035","STD_REPORT_DATE":"2024-06-30 00:00:00","REPORT_DATE":"2024-06-30 00:00:00","DATE_TYPE_CODE":"002","REPORT_TYPE":"2024年中报","PER_NETCASH_OPERATE":0.578809724694,"PER_OI":0.9237318573,"BPS":13.770286000347,"BASIC_EPS":0.04,"DILUTED_EPS":0.04,"OPERATE_INCOME":1357713000,"OPERATE_INCOME_YOY":-35.545611594,"GROSS_PROFIT":null,"GROSS_PROFIT_YOY":null,"HOLDER_PROFIT":55467000,"HOLDER_PROFIT_YOY":-74.9551860063,"GROSS_PROFIT_RATIO":null,"EPS_TTM":2.661461877223,"OPERATE_INCOME_QOQ":-10.062046045312,"NET_PROFIT_RATIO":4.0853258384,"ROE_AVG":0.275180563214,"GROSS_PROFIT_QOQ":null,"ROA":0.129141558573,"HOLDER_PROFIT_QOQ":-4.070865687966,"ROE_YEARLY":0.550361126428,"ROIC_YEARLY":0.267677887808,"TOTAL_ASSETS":43037479000,"TOTAL_LIABILITIES":22797735000,"TAX_EBT":-41.696257504151,"OCF_SALES":62.659928865673,"TOTAL_PARENT_EQUITY":20239744000,"DEBT_ASSET_RATIO":52.9718178892,"OPERATE_PROFIT":117329000,"PRETAX_PROFIT":39145000,"NETCASH_OPERATE":850742000,"NETCASH_INVEST":948532000,"NETCASH_FINANCE":-1453127000,"END_CASH":2022907000,"DIVI_RATIO":null,"DIVIDEND_RATE":null,"CURRENT_RATIO":null,"COMMON_ACS":null,"CURRENTDEBT_DEBT":null,"ISSUED_COMMON_SHARES":1469812900,"HK_COMMON_SHARES":1419812900,"PER_SHARES":100,"TOTAL_MARKET_CAP":21400475824,"HKSK_MARKET_CAP":20672475824,"PE_TTM":4.953340958082,"PB_TTM":0.965021409117,"REPORT_DATE_SQ":"2023-06-30 00:00:00","REPORT_TYPE_SQ":"2023年中报","OPERATE_INCOME_SQ":2106471000,"DPS_HKD":null,"OPERATE_INCOME_QOQ_SQ":3.730894317264,"NET_PROFIT_RATIO_SQ":1.2357635116,"HOLDER_PROFIT_SQ":221471000,"HOLDER_PROFIT_QOQ_SQ":63.234139201162,"ROE_AVG_SQ":1.390164593816,"PE_TTM_SQ":-34.119866466366,"PB_TTM_SQ":1.043937863233,"ROA_SQ":0.426651736974,"START_DATE":"2024-01-01 00:00:00","FISCAL_YEAR":"12-31","CURRENCY":"HKD","IS_CNY_CODE":0,"DPS_HKD_LY":null,"ORG_TYPE":"保险","PREMIUM_INCOME":15087916000,"PREMIUM_INCOME_YOY":18.874636669248,"NET_INTEREST_INCOME":null,"NET_INTEREST_INCOME_YOY":null,"FEE_COMMISSION_INCOME":null,"FEE_COMMISSION_INCOME_YOY":null,"ACCOUNTS_RECE_TDAYS":null,"INVENTORY_TDAYS":null,"CURRENT_ASSETS_TDAYS":null,"TOTAL_ASSETS_TDAYS":0.031611079185,"PREMIUM_EXPENSE":null,"LOAN_DEPOSIT":null,"LOAN_EQUITY":null,"LOAN_ASSETS":null,"DEPOSIT_EQUITY":null,"DEPOSIT_ASSETS":null,"EQUITY_MULTIPLIER":2.126384553083,"EQUITY_RATIO":1.126384553085},{"SECUCODE":"06060.HK","SECURITY_CODE":"06060","SECURITY_NAME_ABBR":"众安在线","ORG_CODE":"10388035","STD_REPORT_DATE":"2023-12-31 00:00:00","REPORT_DATE":"2023-12-31 00:00:00","DATE_TYPE_CODE":"001","REPORT_TYPE":"2023年年报","PER_NETCASH_OPERATE":1.50238033698,"PER_OI":5.062827384356,"BPS":13.657128060313,"BASIC_EPS":2.77,"DILUTED_EPS":2.77,"OPERATE_INCOME":7441409000,"OPERATE_INCOME_YOY":198.331424347,"GROSS_PROFIT":null,"GROSS_PROFIT_YOY":null,"HOLDER_PROFIT":4077855000,"HOLDER_PROFIT_YOY":466.5771016906,"GROSS_PROFIT_RATIO":null,"EPS_TTM":2.774404143548,"OPERATE_INCOME_QOQ":-69.280071540762,"NET_PROFIT_RATIO":51.674057964,"ROE_AVG":22.756196491844,"GROSS_PROFIT_QOQ":null,"ROA":8.37161443867,"HOLDER_PROFIT_QOQ":917.893818444382,"ROE_YEARLY":22.756196491844,"ROIC_YEARLY":9.01128302251,"TOTAL_ASSETS":42863606000,"TOTAL_LIABILITIES":22790183000,"TAX_EBT":4.106847921962,"OCF_SALES":29.674729611019,"TOTAL_PARENT_EQUITY":20073423000,"DEBT_ASSET_RATIO":53.1690754156,"OPERATE_PROFIT":4568058000,"PRETAX_PROFIT":4009961000,"NETCASH_OPERATE":2208218000,"NETCASH_INVEST":-5327305000,"NETCASH_FINANCE":1138762000,"END_CASH":1676330000,"DIVI_RATIO":null,"DIVIDEND_RATE":null,"CURRENT_RATIO":null,"COMMON_ACS":null,"CURRENTDEBT_DEBT":null,"ISSUED_COMMON_SHARES":1469812900,"HK_COMMON_SHARES":1419812900,"PER_SHARES":100,"TOTAL_MARKET_CAP":18754812604,"HKSK_MARKET_CAP":18116812604,"PE_TTM":4.340977378099,"PB_TTM":0.845719311836,"REPORT_DATE_SQ":"2022-12-31 00:00:00","REPORT_TYPE_SQ":"2022年年报","OPERATE_INCOME_SQ":2494343000,"DPS_HKD":null,"OPERATE_INCOME_QOQ_SQ":-0.098489119074,"NET_PROFIT_RATIO_SQ":-6.9929795326,"HOLDER_PROFIT_SQ":-1112414000,"HOLDER_PROFIT_QOQ_SQ":-537.562294311237,"ROE_AVG_SQ":-8.485611544779,"PE_TTM_SQ":-52.830760980179,"PB_TTM_SQ":1.616419917264,"ROA_SQ":-2.550735651822,"START_DATE":"2023-01-01 00:00:00","FISCAL_YEAR":"12-31","CURRENCY":"HKD","IS_CNY_CODE":0,"DPS_HKD_LY":null,"ORG_TYPE":"保险","PREMIUM_INCOME":27535275000,"PREMIUM_INCOME_YOY":24.09212767134,"NET_INTEREST_INCOME":null,"NET_INTEREST_INCOME_YOY":null,"FEE_COMMISSION_INCOME":null,"FEE_COMMISSION_INCOME_YOY":null,"ACCOUNTS_RECE_TDAYS":null,"INVENTORY_TDAYS":null,"CURRENT_ASSETS_TDAYS":null,"TOTAL_ASSETS_TDAYS":0.152768077895,"PREMIUM_EXPENSE":null,"LOAN_DEPOSIT":null,"LOAN_EQUITY":null,"LOAN_ASSETS":null,"DEPOSIT_EQUITY":null,"DEPOSIT_ASSETS":null,"EQUITY_MULTIPLIER":2.135341142364,"EQUITY_RATIO":1.135341142365},{"SECUCODE":"06060.HK","SECURITY_CODE":"06060","SECURITY_NAME_ABBR":"众安在线","ORG_CODE":"10388035","STD_REPORT_DATE":"2023-06-30 00:00:00","REPORT_DATE":"2023-06-30 00:00:00","DATE_TYPE_CODE":"002","REPORT_TYPE":"2023年中报","PER_NETCASH_OPERATE":0.936347748751,"PER_OI":1.433155879908,"BPS":10.951372110015,"BASIC_EPS":0.15,"DILUTED_EPS":0.15,"OPERATE_INCOME":2106471000,"OPERATE_INCOME_YOY":70.5331084894,"GROSS_PROFIT":null,"GROSS_PROFIT_YOY":null,"HOLDER_PROFIT":221471000,"HOLDER_PROFIT_YOY":134.8200753407,"GROSS_PROFIT_RATIO":null,"EPS_TTM":-0.33921324272,"OPERATE_INCOME_QOQ":3.730894317264,"NET_PROFIT_RATIO":1.2357635116,"ROE_AVG":1.390164593816,"GROSS_PROFIT_QOQ":null,"ROA":0.426651736974,"HOLDER_PROFIT_QOQ":63.234139201162,"ROE_YEARLY":2.780329187631,"ROIC_YEARLY":0.943102540402,"TOTAL_ASSETS":49260776000,"TOTAL_LIABILITIES":31410340000,"TAX_EBT":75.140385056154,"OCF_SALES":65.334675863091,"TOTAL_PARENT_EQUITY":16096468000,"DEBT_ASSET_RATIO":63.7633885426,"OPERATE_PROFIT":121092000,"PRETAX_PROFIT":104712000,"NETCASH_OPERATE":1376256000,"NETCASH_INVEST":-618746000,"NETCASH_FINANCE":-1257080000,"END_CASH":3199428000,"DIVI_RATIO":null,"DIVIDEND_RATE":null,"CURRENT_RATIO":null,"COMMON_ACS":null,"CURRENTDEBT_DEBT":null,"ISSUED_COMMON_SHARES":1469812900,"HK_COMMON_SHARES":1419812900,"PER_SHARES":100,"TOTAL_MARKET_CAP":18754812604,"HKSK_MARKET_CAP":18116812604,"PE_TTM":4.340977378099,"PB_TTM":0.845719311836,"REPORT_DATE_SQ":"2022-06-30 00:00:00","REPORT_TYPE_SQ":"2022年中报","OPERATE_INCOME_SQ":1235227000,"DPS_HKD":null,"OPERATE_INCOME_QOQ_SQ":6.53959643324,"NET_PROFIT_RATIO_SQ":-6.0756456362,"HOLDER_PROFIT_SQ":-636044000,"HOLDER_PROFIT_QOQ_SQ":-118.263938381748,"ROE_AVG_SQ":-3.794496493567,"PE_TTM_SQ":-52.830760980179,"PB_TTM_SQ":1.616419917264,"ROA_SQ":-1.173295254212,"START_DATE":"2023-01-01 00:00:00","FISCAL_YEAR":"12-31","CURRENCY":"HKD","IS_CNY_CODE":0,"DPS_HKD_LY":null,"ORG_TYPE":"保险","PREMIUM_INCOME":12692292000,"PREMIUM_INCOME_YOY":23.835321544401,"NET_INTEREST_INCOME":null,"NET_INTEREST_INCOME_YOY":null,"FEE_COMMISSION_INCOME":null,"FEE_COMMISSION_INCOME_YOY":null,"ACCOUNTS_RECE_TDAYS":null,"INVENTORY_TDAYS":null,"CURRENT_ASSETS_TDAYS":null,"TOTAL_ASSETS_TDAYS":0.040580008716,"PREMIUM_EXPENSE":null,"LOAN_DEPOSIT":null,"LOAN_EQUITY":null,"LOAN_ASSETS":null,"DEPOSIT_EQUITY":null,"DEPOSIT_ASSETS":null,"EQUITY_MULTIPLIER":2.759639932601,"EQUITY_RATIO":1.951380886788},{"SECUCODE":"06060.HK","SECURITY_CODE":"06060","SECURITY_NAME_ABBR":"众安在线","ORG_CODE":"10388035","STD_REPORT_DATE":"2022-12-31 00:00:00","REPORT_DATE":"2022-12-31 00:00:00","DATE_TYPE_CODE":"001","REPORT_TYPE":"2022年年报","PER_NETCASH_OPERATE":-0.477549217319,"PER_OI":1.697047971208,"BPS":10.350854860506,"BASIC_EPS":-0.76,"DILUTED_EPS":-0.76,"OPERATE_INCOME":2494343000,"OPERATE_INCOME_YOY":6.4346665232,"GROSS_PROFIT":null,"GROSS_PROFIT_YOY":null,"HOLDER_PROFIT":-1112414000,"HOLDER_PROFIT_YOY":-216.4439845783,"GROSS_PROFIT_RATIO":null,"EPS_TTM":-0.922631036916,"OPERATE_INCOME_QOQ":-0.098489119074,"NET_PROFIT_RATIO":-6.9929795326,"ROE_AVG":-8.485611544779,"GROSS_PROFIT_QOQ":null,"ROA":-2.550735651822,"HOLDER_PROFIT_QOQ":-537.562294311237,"ROE_YEARLY":-8.485611544779,"ROIC_YEARLY":-2.875879450349,"TOTAL_ASSETS":47648878000,"TOTAL_LIABILITIES":30033758000,"TAX_EBT":17.732465030488,"OCF_SALES":-3.005753346298,"TOTAL_PARENT_EQUITY":15766090000,"DEBT_ASSET_RATIO":68.7912478508,"OPERATE_PROFIT":-1238318000,"PRETAX_PROFIT":-1682823000,"NETCASH_OPERATE":-701908000,"NETCASH_INVEST":158036000,"NETCASH_FINANCE":236030000,"END_CASH":3617664000,"DIVI_RATIO":null,"DIVIDEND_RATE":null,"CURRENT_RATIO":null,"COMMON_ACS":null,"CURRENTDEBT_DEBT":null,"ISSUED_COMMON_SHARES":1469812900,"HK_COMMON_SHARES":1419812900,"PER_SHARES":100,"TOTAL_MARKET_CAP":18754812604,"HKSK_MARKET_CAP":18116812604,"PE_TTM":4.340977378099,"PB_TTM":0.845719311836,"REPORT_DATE_SQ":"2021-12-31 00:00:00","REPORT_TYPE_SQ":"2021年年报","OPERATE_INCOME_SQ":21940360000,"DPS_HKD":null,"OPERATE_INCOME_QOQ_SQ":11.597909867499,"NET_PROFIT_RATIO_SQ":3.4507136619,"HOLDER_PROFIT_SQ":1164590000,"HOLDER_PROFIT_QOQ_SQ":42.25911267468,"ROE_AVG_SQ":7.17692056068,"PE_TTM_SQ":-52.830760980179,"PB_TTM_SQ":1.616419917264,"ROA_SQ":2.390232146056,"START_DATE":"2022-01-01 00:00:00","FISCAL_YEAR":"12-31","CURRENCY":"HKD","IS_CNY_CODE":0,"DPS_HKD_LY":null,"ORG_TYPE":"保险","PREMIUM_INCOME":22189381000,"PREMIUM_INCOME_YOY":8.345957364799,"NET_INTEREST_INCOME":null,"NET_INTEREST_INCOME_YOY":null,"FEE_COMMISSION_INCOME":null,"FEE_COMMISSION_INCOME_YOY":null,"ACCOUNTS_RECE_TDAYS":null,"INVENTORY_TDAYS":null,"CURRENT_ASSETS_TDAYS":null,"TOTAL_ASSETS_TDAYS":0.439240311342,"PREMIUM_EXPENSE":null,"LOAN_DEPOSIT":null,"LOAN_EQUITY":null,"LOAN_ASSETS":null,"DEPOSIT_EQUITY":null,"DEPOSIT_ASSETS":null,"EQUITY_MULTIPLIER":3.204229362389,"EQUITY_RATIO":1.904959187725},{"SECUCODE":"06060.HK","SECURITY_CODE":"06060","SECURITY_NAME_ABBR":"众安在线","ORG_CODE":"10388035","STD_REPORT_DATE":"2022-06-30 00:00:00","REPORT_DATE":"2022-06-30 00:00:00","DATE_TYPE_CODE":"002","REPORT_TYPE":"2022年中报","PER_NETCASH_OPERATE":-0.052791072932,"PER_OI":0.840397441062,"BPS":10.908134634007,"BASIC_EPS":-0.43,"DILUTED_EPS":-0.43,"OPERATE_INCOME":1235227000,"OPERATE_INCOME_YOY":14.7120236752,"GROSS_PROFIT":null,"GROSS_PROFIT_YOY":null,"HOLDER_PROFIT":-636044000,"HOLDER_PROFIT_YOY":-182.3387132007,"GROSS_PROFIT_RATIO":null,"EPS_TTM":-0.144712296375,"OPERATE_INCOME_QOQ":6.53959643324,"NET_PROFIT_RATIO":-6.0756456362,"ROE_AVG":-3.794496493567,"GROSS_PROFIT_QOQ":null,"ROA":-1.173295254212,"HOLDER_PROFIT_QOQ":-118.263938381748,"ROE_YEARLY":-7.588992987134,"ROIC_YEARLY":-2.634162080532,"TOTAL_ASSETS":54244123000,"TOTAL_LIABILITIES":36613143000,"TAX_EBT":11.550220623062,"OCF_SALES":-0.69357162886,"TOTAL_PARENT_EQUITY":16032917000,"DEBT_ASSET_RATIO":67.4969765849,"OPERATE_PROFIT":-559593000,"PRETAX_PROFIT":-774851000,"NETCASH_OPERATE":-77593000,"NETCASH_INVEST":-1189308000,"NETCASH_FINANCE":1054539000,"END_CASH":3648345000,"DIVI_RATIO":null,"DIVIDEND_RATE":null,"CURRENT_RATIO":null,"COMMON_ACS":null,"CURRENTDEBT_DEBT":null,"ISSUED_COMMON_SHARES":1469812900,"HK_COMMON_SHARES":1419812900,"PER_SHARES":100,"TOTAL_MARKET_CAP":18754812604,"HKSK_MARKET_CAP":18116812604,"PE_TTM":4.340977378099,"PB_TTM":0.845719311836,"REPORT_DATE_SQ":"2021-06-30 00:00:00","REPORT_TYPE_SQ":"2021年中报","OPERATE_INCOME_SQ":9752642000,"DPS_HKD":null,"OPERATE_INCOME_QOQ_SQ":6.310580834658,"NET_PROFIT_RATIO_SQ":6.1945573312,"HOLDER_PROFIT_SQ":755347000,"HOLDER_PROFIT_QOQ_SQ":47.826055552145,"ROE_AVG_SQ":4.697051417138,"PE_TTM_SQ":-52.830760980179,"PB_TTM_SQ":1.616419917264,"ROA_SQ":1.58633250722,"START_DATE":"2022-01-01 00:00:00","FISCAL_YEAR":"12-31","CURRENCY":"HKD","IS_CNY_CODE":0,"DPS_HKD_LY":null,"ORG_TYPE":"保险","PREMIUM_INCOME":10249331000,"PREMIUM_INCOME_YOY":4.10198760425,"NET_INTEREST_INCOME":null,"NET_INTEREST_INCOME_YOY":null,"FEE_COMMISSION_INCOME":null,"FEE_COMMISSION_INCOME_YOY":null,"ACCOUNTS_RECE_TDAYS":null,"INVENTORY_TDAYS":null,"CURRENT_ASSETS_TDAYS":null,"TOTAL_ASSETS_TDAYS":0.211051262119,"PREMIUM_EXPENSE":null,"LOAN_DEPOSIT":null,"LOAN_EQUITY":null,"LOAN_ASSETS":null,"DEPOSIT_EQUITY":null,"DEPOSIT_ASSETS":null,"EQUITY_MULTIPLIER":3.076636863066,"EQUITY_RATIO":2.283623310718},{"SECUCODE":"06060.HK","SECURITY_CODE":"06060","SECURITY_NAME_ABBR":"众安在线","ORG_CODE":"10388035","STD_REPORT_DATE":"2021-12-31 00:00:00","REPORT_DATE":"2021-12-31 00:00:00","DATE_TYPE_CODE":"001","REPORT_TYPE":"2021年年报","PER_NETCASH_OPERATE":-0.410224321749,"PER_OI":14.927314898379,"BPS":11.394921081452,"BASIC_EPS":0.79,"DILUTED_EPS":0.79,"OPERATE_INCOME":21940360000,"OPERATE_INCOME_YOY":18.6403861795,"GROSS_PROFIT":null,"GROSS_PROFIT_YOY":null,"HOLDER_PROFIT":1164590000,"HOLDER_PROFIT_YOY":110.2960349305,"GROSS_PROFIT_RATIO":null,"EPS_TTM":0.792338943276,"OPERATE_INCOME_QOQ":11.597909867499,"NET_PROFIT_RATIO":3.4507136619,"ROE_AVG":7.17692056068,"GROSS_PROFIT_QOQ":null,"ROA":2.390232146056,"HOLDER_PROFIT_QOQ":42.25911267468,"ROE_YEARLY":7.17692056068,"ROIC_YEARLY":2.887762212784,"TOTAL_ASSETS":51772329000,"TOTAL_LIABILITIES":32642132000,"TAX_EBT":8.686108233217,"OCF_SALES":-2.748145426967,"TOTAL_PARENT_EQUITY":16748402000,"DEBT_ASSET_RATIO":63.0493791384,"OPERATE_PROFIT":866752000,"PRETAX_PROFIT":829117000,"NETCASH_OPERATE":-602953000,"NETCASH_INVEST":-5941883000,"NETCASH_FINANCE":2194949000,"END_CASH":3765029000,"DIVI_RATIO":null,"DIVIDEND_RATE":null,"CURRENT_RATIO":null,"COMMON_ACS":null,"CURRENTDEBT_DEBT":null,"ISSUED_COMMON_SHARES":1469812900,"HK_COMMON_SHARES":1419812900,"PER_SHARES":100,"TOTAL_MARKET_CAP":18754812604,"HKSK_MARKET_CAP":18116812604,"PE_TTM":4.340977378099,"PB_TTM":0.845719311836,"REPORT_DATE_SQ":"2020-12-31 00:00:00","REPORT_TYPE_SQ":"2020年年报","OPERATE_INCOME_SQ":18493163000,"DPS_HKD":null,"OPERATE_INCOME_QOQ_SQ":10.012638284215,"NET_PROFIT_RATIO_SQ":1.3755353803,"HOLDER_PROFIT_SQ":553786000,"HOLDER_PROFIT_QOQ_SQ":1052.40601245142,"ROE_AVG_SQ":3.617506023205,"PE_TTM_SQ":-52.830760980179,"PB_TTM_SQ":1.616419917264,"ROA_SQ":1.44627497801,"START_DATE":"2021-01-01 00:00:00","FISCAL_YEAR":"12-31","CURRENCY":"HKD","IS_CNY_CODE":0,"DPS_HKD_LY":null,"ORG_TYPE":"保险","PREMIUM_INCOME":20480119000,"PREMIUM_INCOME_YOY":22.573026286495,"NET_INTEREST_INCOME":null,"NET_INTEREST_INCOME_YOY":null,"FEE_COMMISSION_INCOME":null,"FEE_COMMISSION_INCOME_YOY":null,"ACCOUNTS_RECE_TDAYS":null,"INVENTORY_TDAYS":null,"CURRENT_ASSETS_TDAYS":null,"TOTAL_ASSETS_TDAYS":0.45030915402,"PREMIUM_EXPENSE":187.295058054729,"LOAN_DEPOSIT":null,"LOAN_EQUITY":null,"LOAN_ASSETS":null,"DEPOSIT_EQUITY":null,"DEPOSIT_ASSETS":null,"EQUITY_MULTIPLIER":2.706314472348,"EQUITY_RATIO":1.94896993755},{"SECUCODE":"06060.HK","SECURITY_CODE":"06060","SECURITY_NAME_ABBR":"众安在线","ORG_CODE":"10388035","STD_REPORT_DATE":"2021-06-30 00:00:00","REPORT_DATE":"2021-06-30 00:00:00","DATE_TYPE_CODE":"002","REPORT_TYPE":"2021年中报","PER_NETCASH_OPERATE":0.32539923959,"PER_OI":6.635294873245,"BPS":11.196835325095,"BASIC_EPS":0.51,"DILUTED_EPS":0.51,"OPERATE_INCOME":9752642000,"OPERATE_INCOME_YOY":13.5928045233,"GROSS_PROFIT":null,"GROSS_PROFIT_YOY":null,"HOLDER_PROFIT":755347000,"HOLDER_PROFIT_YOY":53.9975086291,"GROSS_PROFIT_RATIO":null,"EPS_TTM":0.556968849573,"OPERATE_INCOME_QOQ":6.310580834658,"NET_PROFIT_RATIO":6.1945573312,"ROE_AVG":4.697051417138,"GROSS_PROFIT_QOQ":null,"ROA":1.58633250722,"HOLDER_PROFIT_QOQ":47.826055552145,"ROE_YEARLY":9.394102834276,"ROIC_YEARLY":4.052737193275,"TOTAL_ASSETS":49558427000,"TOTAL_LIABILITIES":31096121000,"TAX_EBT":-0.206007387737,"OCF_SALES":4.904065995655,"TOTAL_PARENT_EQUITY":16457253000,"DEBT_ASSET_RATIO":62.746384182,"OPERATE_PROFIT":616558000,"PRETAX_PROFIT":602891000,"NETCASH_OPERATE":478276000,"NETCASH_INVEST":23490000,"NETCASH_FINANCE":-784148000,"END_CASH":7889559000,"DIVI_RATIO":null,"DIVIDEND_RATE":null,"CURRENT_RATIO":null,"COMMON_ACS":null,"CURRENTDEBT_DEBT":null,"ISSUED_COMMON_SHARES":1469812900,"HK_COMMON_SHARES":1419812900,"PER_SHARES":100,"TOTAL_MARKET_CAP":18754812604,"HKSK_MARKET_CAP":18116812604,"PE_TTM":4.340977378099,"PB_TTM":0.845719311836,"REPORT_DATE_SQ":"2020-06-30 00:00:00","REPORT_TYPE_SQ":"2020年中报","OPERATE_INCOME_SQ":8585616000,"DPS_HKD":null,"OPERATE_INCOME_QOQ_SQ":11.148340474759,"NET_PROFIT_RATIO_SQ":4.453064288,"HOLDER_PROFIT_SQ":490493000,"HOLDER_PROFIT_QOQ_SQ":87.195359622639,"ROE_AVG_SQ":3.217158264866,"PE_TTM_SQ":-52.830760980179,"PB_TTM_SQ":1.616419917264,"ROA_SQ":1.484131226123,"START_DATE":"2021-01-01 00:00:00","FISCAL_YEAR":"12-31","CURRENCY":"HKD","IS_CNY_CODE":0,"DPS_HKD_LY":null,"ORG_TYPE":"保险","PREMIUM_INCOME":9845471000,"PREMIUM_INCOME_YOY":45.496984019151,"NET_INTEREST_INCOME":null,"NET_INTEREST_INCOME_YOY":null,"FEE_COMMISSION_INCOME":null,"FEE_COMMISSION_INCOME_YOY":null,"ACCOUNTS_RECE_TDAYS":null,"INVENTORY_TDAYS":null,"CURRENT_ASSETS_TDAYS":null,"TOTAL_ASSETS_TDAYS":0.204818885041,"PREMIUM_EXPENSE":241.780494932553,"LOAN_DEPOSIT":null,"LOAN_EQUITY":null,"LOAN_ASSETS":null,"DEPOSIT_EQUITY":null,"DEPOSIT_ASSETS":null,"EQUITY_MULTIPLIER":2.684303195924,"EQUITY_RATIO":1.88950859539},{"SECUCODE":"06060.HK","SECURITY_CODE":"06060","SECURITY_NAME_ABBR":"众安在线","ORG_CODE":"10388035","STD_REPORT_DATE":"2020-12-31 00:00:00","REPORT_DATE":"2020-12-31 00:00:00","DATE_TYPE_CODE":"001","REPORT_TYPE":"2020年年报","PER_NETCASH_OPERATE":3.305764971855,"PER_OI":12.581984414479,"BPS":10.685271574362,"BASIC_EPS":0.38,"DILUTED_EPS":0.38,"OPERATE_INCOME":18493163000,"OPERATE_INCOME_YOY":22.2772217654,"GROSS_PROFIT":null,"GROSS_PROFIT_YOY":null,"HOLDER_PROFIT":553786000,"HOLDER_PROFIT_YOY":221.9521648268,"GROSS_PROFIT_RATIO":null,"EPS_TTM":0.376773125341,"OPERATE_INCOME_QOQ":10.012638284215,"NET_PROFIT_RATIO":1.3755353803,"ROE_AVG":3.617506023205,"GROSS_PROFIT_QOQ":null,"ROA":1.44627497801,"HOLDER_PROFIT_QOQ":1052.40601245142,"ROE_YEARLY":3.617506023205,"ROIC_YEARLY":1.787387900543,"TOTAL_ASSETS":45673436000,"TOTAL_LIABILITIES":28280101000,"TAX_EBT":-73.602675220092,"OCF_SALES":26.273796429524,"TOTAL_PARENT_EQUITY":15705350000,"DEBT_ASSET_RATIO":61.9180501331,"OPERATE_PROFIT":180242000,"PRETAX_PROFIT":146530000,"NETCASH_OPERATE":4858856000,"NETCASH_INVEST":-6271850000,"NETCASH_FINANCE":7106584000,"END_CASH":8218037000,"DIVI_RATIO":null,"DIVIDEND_RATE":null,"CURRENT_RATIO":null,"COMMON_ACS":null,"CURRENTDEBT_DEBT":null,"ISSUED_COMMON_SHARES":1469812900,"HK_COMMON_SHARES":1419812900,"PER_SHARES":100,"TOTAL_MARKET_CAP":18754812604,"HKSK_MARKET_CAP":18116812604,"PE_TTM":4.340977378099,"PB_TTM":0.845719311836,"REPORT_DATE_SQ":"2019-12-31 00:00:00","REPORT_TYPE_SQ":"2019年年报","OPERATE_INCOME_SQ":15123964000,"DPS_HKD":null,"OPERATE_INCOME_QOQ_SQ":21.54707517211,"NET_PROFIT_RATIO_SQ":-4.2227355209,"HOLDER_PROFIT_SQ":-454101000,"HOLDER_PROFIT_QOQ_SQ":54.293953347928,"ROE_AVG_SQ":-2.993050219924,"PE_TTM_SQ":-52.830760980179,"PB_TTM_SQ":1.616419917264,"ROA_SQ":-1.586415866318,"START_DATE":"2020-01-01 00:00:00","FISCAL_YEAR":"12-31","CURRENCY":"HKD","IS_CNY_CODE":0,"DPS_HKD_LY":null,"ORG_TYPE":"保险","PREMIUM_INCOME":16708504000,"PREMIUM_INCOME_YOY":14.210344528476,"NET_INTEREST_INCOME":null,"NET_INTEREST_INCOME_YOY":null,"FEE_COMMISSION_INCOME":null,"FEE_COMMISSION_INCOME_YOY":null,"ACCOUNTS_RECE_TDAYS":null,"INVENTORY_TDAYS":null,"CURRENT_ASSETS_TDAYS":null,"TOTAL_ASSETS_TDAYS":0.482969936242,"PREMIUM_EXPENSE":190.434087266056,"LOAN_DEPOSIT":null,"LOAN_EQUITY":null,"LOAN_ASSETS":null,"DEPOSIT_EQUITY":null,"DEPOSIT_ASSETS":null,"EQUITY_MULTIPLIER":2.625915961486,"EQUITY_RATIO":1.800666715482},{"SECUCODE":"06060.HK","SECURITY_CODE":"06060","SECURITY_NAME_ABBR":"众安在线","ORG_CODE":"10388035","STD_REPORT_DATE":"2020-06-30 00:00:00","REPORT_DATE":"2020-06-30 00:00:00","DATE_TYPE_CODE":"002","REPORT_TYPE":"2020年中报","PER_NETCASH_OPERATE":1.519994823831,"PER_OI":5.841298576166,"BPS":10.600436967181,"BASIC_EPS":0.33,"DILUTED_EPS":0.33,"OPERATE_INCOME":8585616000,"OPERATE_INCOME_YOY":24.4374230475,"GROSS_PROFIT":null,"GROSS_PROFIT_YOY":null,"HOLDER_PROFIT":490493000,"HOLDER_PROFIT_YOY":418.8315809516,"GROSS_PROFIT_RATIO":null,"EPS_TTM":-0.039560137212,"OPERATE_INCOME_QOQ":11.148340474759,"NET_PROFIT_RATIO":4.453064288,"ROE_AVG":3.217158264866,"GROSS_PROFIT_QOQ":null,"ROA":1.484131226123,"HOLDER_PROFIT_QOQ":87.195359622639,"ROE_YEARLY":6.434316529733,"ROIC_YEARLY":3.51770569737,"TOTAL_ASSETS":35190758000,"TOTAL_LIABILITIES":17699775000,"TAX_EBT":-14.370030452965,"OCF_SALES":26.021522509276,"TOTAL_PARENT_EQUITY":15580659000,"DEBT_ASSET_RATIO":50.2966574349,"OPERATE_PROFIT":326153000,"PRETAX_PROFIT":334286000,"NETCASH_OPERATE":2234108000,"NETCASH_INVEST":-2623292000,"NETCASH_FINANCE":1145407000,"END_CASH":3707859000,"DIVI_RATIO":null,"DIVIDEND_RATE":null,"CURRENT_RATIO":null,"COMMON_ACS":null,"CURRENTDEBT_DEBT":null,"ISSUED_COMMON_SHARES":1469812900,"HK_COMMON_SHARES":1419812900,"PER_SHARES":100,"TOTAL_MARKET_CAP":18754812604,"HKSK_MARKET_CAP":18116812604,"PE_TTM":4.340977378099,"PB_TTM":0.845719311836,"REPORT_DATE_SQ":"2019-06-30 00:00:00","REPORT_TYPE_SQ":"2019年中报","OPERATE_INCOME_SQ":6899545000,"DPS_HKD":null,"OPERATE_INCOME_QOQ_SQ":29.474291890983,"NET_PROFIT_RATIO_SQ":0.4939890964,"HOLDER_PROFIT_SQ":94538000,"HOLDER_PROFIT_QOQ_SQ":43.028393337902,"ROE_AVG_SQ":0.609507879349,"PE_TTM_SQ":-52.830760980179,"PB_TTM_SQ":1.616419917264,"ROA_SQ":0.352332503374,"START_DATE":"2020-01-01 00:00:00","FISCAL_YEAR":"12-31","CURRENCY":"HKD","IS_CNY_CODE":0,"DPS_HKD_LY":null,"ORG_TYPE":"保险","PREMIUM_INCOME":6766787000,"PREMIUM_INCOME_YOY":14.74811512615,"NET_INTEREST_INCOME":null,"NET_INTEREST_INCOME_YOY":null,"FEE_COMMISSION_INCOME":null,"FEE_COMMISSION_INCOME_YOY":null,"ACCOUNTS_RECE_TDAYS":null,"INVENTORY_TDAYS":null,"CURRENT_ASSETS_TDAYS":null,"TOTAL_ASSETS_TDAYS":0.259783132504,"PREMIUM_EXPENSE":160.583058013435,"LOAN_DEPOSIT":null,"LOAN_EQUITY":null,"LOAN_ASSETS":null,"DEPOSIT_EQUITY":null,"DEPOSIT_ASSETS":null,"EQUITY_MULTIPLIER":2.011937122117,"EQUITY_RATIO":1.136009394725}],"count":21},"success":true,"message":"ok","code":0}