{"version":"741b4b2d402ce9a29f8242d53a819720","result":{"pages":4,"data":[{"SECUCODE":"06066.HK","SECURITY_CODE":"06066","SECURITY_NAME_ABBR":"中信建投证券","ORG_CODE":"10066493","STD_REPORT_DATE":"2024-09-30 00:00:00","REPORT_DATE":"2024-09-30 00:00:00","DATE_TYPE_CODE":"004","REPORT_TYPE":"2024年三季报","PER_NETCASH_OPERATE":2.34245061782,"PER_OI":1.845481702028,"BPS":9.572562889584,"BASIC_EPS":0.45,"DILUTED_EPS":0.45,"OPERATE_INCOME":14314838316.08,"OPERATE_INCOME_YOY":-22.1332896847,"GROSS_PROFIT":null,"GROSS_PROFIT_YOY":null,"HOLDER_PROFIT":4297351482.78,"HOLDER_PROFIT_YOY":-24.4907192059,"GROSS_PROFIT_RATIO":null,"EPS_TTM":0.727201590881,"OPERATE_INCOME_QOQ":-0.820439252984,"NET_PROFIT_RATIO":30.0787974519,"ROE_AVG":4.326439737623,"GROSS_PROFIT_QOQ":null,"ROA":0.797658077849,"HOLDER_PROFIT_QOQ":1.002648964687,"ROE_YEARLY":5.768586316831,"ROIC_YEARLY":0.938387842275,"TOTAL_ASSETS":554739936035.76,"TOTAL_LIABILITIES":453515877831.74,"TAX_EBT":11.026518316525,"OCF_SALES":126.928953846861,"TOTAL_PARENT_EQUITY":101177278948.28,"DEBT_ASSET_RATIO":81.7528806512,"OPERATE_PROFIT":4872125077.55,"PRETAX_PROFIT":4839342173.86,"NETCASH_OPERATE":18169674519.47,"NETCASH_INVEST":2063530837.31,"NETCASH_FINANCE":-3080730201.85,"END_CASH":146332892302.58,"DIVI_RATIO":0.464447443783,"DIVIDEND_RATE":3.705179282869,"CURRENT_RATIO":1.060098579577,"COMMON_ACS":null,"CURRENTDEBT_DEBT":98.598472972508,"ISSUED_COMMON_SHARES":7756694797,"HK_COMMON_SHARES":1261023762,"PER_SHARES":500,"TOTAL_MARKET_CAP":77877215761.88,"HKSK_MARKET_CAP":12660678570.48,"PE_TTM":12.31106792051,"PB_TTM":0.945825240788,"REPORT_DATE_SQ":"2023-09-30 00:00:00","REPORT_TYPE_SQ":"2023年三季报","OPERATE_INCOME_SQ":18383771778.87,"DPS_HKD":0.372,"OPERATE_INCOME_QOQ_SQ":-11.363672433411,"NET_PROFIT_RATIO_SQ":31.017891677,"HOLDER_PROFIT_SQ":5691156686.42,"HOLDER_PROFIT_QOQ_SQ":-9.036056615986,"ROE_AVG_SQ":6.000419122774,"PE_TTM_SQ":6.523805181159,"PB_TTM_SQ":0.626860504741,"ROA_SQ":1.10240603579,"START_DATE":"2024-01-01 00:00:00","FISCAL_YEAR":"12-31","CURRENCY":"HKD","IS_CNY_CODE":0,"DPS_HKD_LY":0.372,"ORG_TYPE":"证券","PREMIUM_INCOME":null,"PREMIUM_INCOME_YOY":null,"NET_INTEREST_INCOME":447768814.95,"NET_INTEREST_INCOME_YOY":null,"FEE_COMMISSION_INCOME":6487991617.23,"FEE_COMMISSION_INCOME_YOY":-31.602375570976,"ACCOUNTS_RECE_TDAYS":1.461244461387,"INVENTORY_TDAYS":null,"CURRENT_ASSETS_TDAYS":0.029517417027,"TOTAL_ASSETS_TDAYS":0.02657065977,"PREMIUM_EXPENSE":null,"LOAN_DEPOSIT":null,"LOAN_EQUITY":null,"LOAN_ASSETS":null,"DEPOSIT_EQUITY":null,"DEPOSIT_ASSETS":null,"EQUITY_MULTIPLIER":5.480317089425,"EQUITY_RATIO":4.482388561404},{"SECUCODE":"06066.HK","SECURITY_CODE":"06066","SECURITY_NAME_ABBR":"中信建投证券","ORG_CODE":"10066493","STD_REPORT_DATE":"2024-06-30 00:00:00","REPORT_DATE":"2024-06-30 00:00:00","DATE_TYPE_CODE":"002","REPORT_TYPE":"2024年中报","PER_NETCASH_OPERATE":0.338407926146,"PER_OI":1.91190221971,"BPS":9.438149484535,"BASIC_EPS":0.3,"DILUTED_EPS":0.3,"OPERATE_INCOME":14830042000,"OPERATE_INCOME_YOY":-20.4889481559,"GROSS_PROFIT":null,"GROSS_PROFIT_YOY":null,"HOLDER_PROFIT":2857677000,"HOLDER_PROFIT_YOY":-33.6577537152,"GROSS_PROFIT_RATIO":null,"EPS_TTM":0.719982691875,"OPERATE_INCOME_QOQ":-4.483098083752,"NET_PROFIT_RATIO":19.3061422213,"ROE_AVG":2.856342801344,"GROSS_PROFIT_QOQ":null,"ROA":0.545427573773,"HOLDER_PROFIT_QOQ":-4.310236850115,"ROE_YEARLY":5.712685602688,"ROIC_YEARLY":1.178785335136,"TOTAL_ASSETS":525114527000,"TOTAL_LIABILITIES":422452713000,"TAX_EBT":10.270713262693,"OCF_SALES":17.7000645042,"TOTAL_PARENT_EQUITY":102615373000,"DEBT_ASSET_RATIO":80.4496336092,"OPERATE_PROFIT":3184609000,"PRETAX_PROFIT":3190830000,"NETCASH_OPERATE":2624927000,"NETCASH_INVEST":2715294000,"NETCASH_FINANCE":-538989000,"END_CASH":40642375000,"DIVI_RATIO":0.46910422127,"DIVIDEND_RATE":3.463687150838,"CURRENT_RATIO":1.523471050101,"COMMON_ACS":null,"CURRENTDEBT_DEBT":77.428592818624,"ISSUED_COMMON_SHARES":7756694797,"HK_COMMON_SHARES":1261023762,"PER_SHARES":500,"TOTAL_MARKET_CAP":83306902119.78,"HKSK_MARKET_CAP":13543395203.88,"PE_TTM":13.16940930939,"PB_TTM":1.01176923168,"REPORT_DATE_SQ":"2023-06-30 00:00:00","REPORT_TYPE_SQ":"2023年中报","OPERATE_INCOME_SQ":18651548000,"DPS_HKD":0.372,"OPERATE_INCOME_QOQ_SQ":-1.534682908387,"NET_PROFIT_RATIO_SQ":23.1350234308,"HOLDER_PROFIT_SQ":4307477000,"HOLDER_PROFIT_QOQ_SQ":-11.474346775261,"ROE_AVG_SQ":4.562773194525,"PE_TTM_SQ":7.186540945594,"PB_TTM_SQ":0.690541571889,"ROA_SQ":0.81015269405,"START_DATE":"2024-01-01 00:00:00","FISCAL_YEAR":"12-31","CURRENCY":"HKD","IS_CNY_CODE":0,"DPS_HKD_LY":0.372,"ORG_TYPE":"证券","PREMIUM_INCOME":null,"PREMIUM_INCOME_YOY":null,"NET_INTEREST_INCOME":null,"NET_INTEREST_INCOME_YOY":null,"FEE_COMMISSION_INCOME":5697543000,"FEE_COMMISSION_INCOME_YOY":-21.696593528607,"ACCOUNTS_RECE_TDAYS":1.486151983628,"INVENTORY_TDAYS":null,"CURRENT_ASSETS_TDAYS":0.029832587507,"TOTAL_ASSETS_TDAYS":0.028305206736,"PREMIUM_EXPENSE":null,"LOAN_DEPOSIT":null,"LOAN_EQUITY":null,"LOAN_ASSETS":null,"DEPOSIT_EQUITY":null,"DEPOSIT_ASSETS":null,"EQUITY_MULTIPLIER":5.114993652858,"EQUITY_RATIO":4.116855989989},{"SECUCODE":"06066.HK","SECURITY_CODE":"06066","SECURITY_NAME_ABBR":"中信建投证券","ORG_CODE":"10066493","STD_REPORT_DATE":"2024-03-31 00:00:00","REPORT_DATE":"2024-03-31 00:00:00","DATE_TYPE_CODE":"003","REPORT_TYPE":"2024年一季报","PER_NETCASH_OPERATE":0.07446816403,"PER_OI":0.553629919233,"BPS":9.497708120254,"BASIC_EPS":0.12,"DILUTED_EPS":0.12,"OPERATE_INCOME":4294338313.98,"OPERATE_INCOME_YOY":-35.9090158625,"GROSS_PROFIT":null,"GROSS_PROFIT_YOY":null,"HOLDER_PROFIT":1227846471.91,"HOLDER_PROFIT_YOY":-49.3899172945,"GROSS_PROFIT_RATIO":null,"EPS_TTM":0.752413495629,"OPERATE_INCOME_QOQ":-7.080871340316,"NET_PROFIT_RATIO":28.6615503893,"ROE_AVG":1.224446193847,"GROSS_PROFIT_QOQ":null,"ROA":0.232771968517,"HOLDER_PROFIT_QOQ":-17.033855114077,"ROE_YEARLY":4.897784775389,"ROIC_YEARLY":1.08088221004,"TOTAL_ASSETS":532225762938.3,"TOTAL_LIABILITIES":429097074492.9,"TAX_EBT":6.907597888271,"OCF_SALES":13.450892273428,"TOTAL_PARENT_EQUITY":103077351461.7,"DEBT_ASSET_RATIO":80.6231310796,"OPERATE_PROFIT":1323370542.44,"PRETAX_PROFIT":1322152948.93,"NETCASH_OPERATE":577626820.47,"NETCASH_INVEST":4318477543.54,"NETCASH_FINANCE":-2246472058.36,"END_CASH":132766042792.05,"DIVI_RATIO":0.448884718259,"DIVIDEND_RATE":4.096916299559,"CURRENT_RATIO":1.07342681871,"COMMON_ACS":null,"CURRENTDEBT_DEBT":98.510944667917,"ISSUED_COMMON_SHARES":7756694797,"HK_COMMON_SHARES":1261023762,"PER_SHARES":500,"TOTAL_MARKET_CAP":70430788756.76,"HKSK_MARKET_CAP":11450095758.96,"PE_TTM":11.13391401576,"PB_TTM":0.855387767565,"REPORT_DATE_SQ":"2023-03-31 00:00:00","REPORT_TYPE_SQ":"2023年一季报","OPERATE_INCOME_SQ":6700378176.07,"DPS_HKD":0.372,"OPERATE_INCOME_QOQ_SQ":1.008922432481,"NET_PROFIT_RATIO_SQ":36.3493776303,"HOLDER_PROFIT_SQ":2426090625.17,"HOLDER_PROFIT_QOQ_SQ":11.866252761311,"ROE_AVG_SQ":2.573950911059,"PE_TTM_SQ":6.51344993484,"PB_TTM_SQ":0.625865488067,"ROA_SQ":0.469999937692,"START_DATE":"2024-01-01 00:00:00","FISCAL_YEAR":"12-31","CURRENCY":"HKD","IS_CNY_CODE":0,"DPS_HKD_LY":0.372,"ORG_TYPE":"证券","PREMIUM_INCOME":null,"PREMIUM_INCOME_YOY":null,"NET_INTEREST_INCOME":161704831.94,"NET_INTEREST_INCOME_YOY":null,"FEE_COMMISSION_INCOME":2109123968.55,"FEE_COMMISSION_INCOME_YOY":-25.999250312935,"ACCOUNTS_RECE_TDAYS":0.392572504497,"INVENTORY_TDAYS":null,"CURRENT_ASSETS_TDAYS":0.009044166906,"TOTAL_ASSETS_TDAYS":0.008141095859,"PREMIUM_EXPENSE":null,"LOAN_DEPOSIT":null,"LOAN_EQUITY":null,"LOAN_ASSETS":null,"DEPOSIT_EQUITY":null,"DEPOSIT_ASSETS":null,"EQUITY_MULTIPLIER":5.160792510431,"EQUITY_RATIO":4.162864765228},{"SECUCODE":"06066.HK","SECURITY_CODE":"06066","SECURITY_NAME_ABBR":"中信建投证券","ORG_CODE":"10066493","STD_REPORT_DATE":"2023-12-31 00:00:00","REPORT_DATE":"2023-12-31 00:00:00","DATE_TYPE_CODE":"001","REPORT_TYPE":"2023年年报","PER_NETCASH_OPERATE":-1.305570641237,"PER_OI":4.380658629645,"BPS":9.355984849123,"BASIC_EPS":0.78,"DILUTED_EPS":0.78,"OPERATE_INCOME":33979432000,"OPERATE_INCOME_YOY":-6.8310821202,"GROSS_PROFIT":null,"GROSS_PROFIT_YOY":null,"HOLDER_PROFIT":7034486000,"HOLDER_PROFIT_YOY":-6.4491873584,"GROSS_PROFIT_RATIO":null,"EPS_TTM":0.906892198817,"OPERATE_INCOME_QOQ":5.685711538369,"NET_PROFIT_RATIO":20.7400347363,"ROE_AVG":7.376410123221,"GROSS_PROFIT_QOQ":null,"ROA":1.362338267714,"HOLDER_PROFIT_QOQ":4.018564804902,"ROE_YEARLY":7.376410123221,"ROIC_YEARLY":1.47003615548,"TOTAL_ASSETS":522752188399,"TOTAL_LIABILITIES":425225781817.76,"TAX_EBT":15.820109226616,"OCF_SALES":-29.803067337912,"TOTAL_PARENT_EQUITY":97478047065.38,"DEBT_ASSET_RATIO":81.3436635487,"OPERATE_PROFIT":8364396000,"PRETAX_PROFIT":8371769000,"NETCASH_OPERATE":-10126913000,"NETCASH_INVEST":-2654437000,"NETCASH_FINANCE":10839507000,"END_CASH":36068227000,"DIVI_RATIO":0.372422345722,"DIVIDEND_RATE":3.463687150838,"CURRENT_RATIO":1.465456556987,"COMMON_ACS":null,"CURRENTDEBT_DEBT":98.538929499131,"ISSUED_COMMON_SHARES":7756694797,"HK_COMMON_SHARES":1261023762,"PER_SHARES":500,"TOTAL_MARKET_CAP":83306902119.78,"HKSK_MARKET_CAP":13543395203.88,"PE_TTM":13.16940930939,"PB_TTM":1.01176923168,"REPORT_DATE_SQ":"2022-12-31 00:00:00","REPORT_TYPE_SQ":"2022年年报","OPERATE_INCOME_SQ":36470781000,"DPS_HKD":0.372,"OPERATE_INCOME_QOQ_SQ":-11.318153261221,"NET_PROFIT_RATIO_SQ":20.6122758929,"HOLDER_PROFIT_SQ":7519428000,"HOLDER_PROFIT_QOQ_SQ":-20.28246714988,"ROE_AVG_SQ":8.675814690669,"PE_TTM_SQ":7.186540945594,"PB_TTM_SQ":0.690541571889,"ROA_SQ":1.55955917653,"START_DATE":"2023-01-01 00:00:00","FISCAL_YEAR":"12-31","CURRENCY":"HKD","IS_CNY_CODE":0,"DPS_HKD_LY":0.293354,"ORG_TYPE":"证券","PREMIUM_INCOME":null,"PREMIUM_INCOME_YOY":null,"NET_INTEREST_INCOME":10117898000,"NET_INTEREST_INCOME_YOY":null,"FEE_COMMISSION_INCOME":14402652000,"FEE_COMMISSION_INCOME_YOY":-7.336462082017,"ACCOUNTS_RECE_TDAYS":3.31412831987,"INVENTORY_TDAYS":null,"CURRENT_ASSETS_TDAYS":0.069312353921,"TOTAL_ASSETS_TDAYS":0.065806486115,"PREMIUM_EXPENSE":null,"LOAN_DEPOSIT":null,"LOAN_EQUITY":null,"LOAN_ASSETS":null,"DEPOSIT_EQUITY":null,"DEPOSIT_ASSETS":null,"EQUITY_MULTIPLIER":5.360109165111,"EQUITY_RATIO":4.362272271751},{"SECUCODE":"06066.HK","SECURITY_CODE":"06066","SECURITY_NAME_ABBR":"中信建投证券","ORG_CODE":"10066493","STD_REPORT_DATE":"2023-09-30 00:00:00","REPORT_DATE":"2023-09-30 00:00:00","DATE_TYPE_CODE":"004","REPORT_TYPE":"2023年三季报","PER_NETCASH_OPERATE":-0.561313119527,"PER_OI":2.370052227139,"BPS":9.222257513879,"BASIC_EPS":0.64,"DILUTED_EPS":0.64,"OPERATE_INCOME":18383771778.87,"OPERATE_INCOME_YOY":-19.0254807303,"GROSS_PROFIT":null,"GROSS_PROFIT_YOY":null,"HOLDER_PROFIT":5691156686.42,"HOLDER_PROFIT_YOY":-11.569492603,"GROSS_PROFIT_RATIO":null,"EPS_TTM":0.87185609657,"OPERATE_INCOME_QOQ":-11.363672433411,"NET_PROFIT_RATIO":31.017891677,"ROE_AVG":6.000419122774,"GROSS_PROFIT_QOQ":null,"ROA":1.10240603579,"HOLDER_PROFIT_QOQ":-9.036056615986,"ROE_YEARLY":8.000558830365,"ROIC_YEARLY":1.275080673417,"TOTAL_ASSETS":522541876225.62,"TOTAL_LIABILITIES":426053740820.83,"TAX_EBT":15.876490157837,"OCF_SALES":-23.683575960861,"TOTAL_PARENT_EQUITY":96440765176.4,"DEBT_ASSET_RATIO":81.5348511201,"OPERATE_PROFIT":7770424444.72,"PRETAX_PROFIT":6778436167.51,"NETCASH_OPERATE":-4353934553.72,"NETCASH_INVEST":-2077816326.01,"NETCASH_FINANCE":2192520130.09,"END_CASH":137622075063.68,"DIVI_RATIO":0.387388379033,"DIVIDEND_RATE":4.096916299559,"CURRENT_RATIO":1.052303169213,"COMMON_ACS":null,"CURRENTDEBT_DEBT":98.573166269286,"ISSUED_COMMON_SHARES":7756694797,"HK_COMMON_SHARES":1261023762,"PER_SHARES":500,"TOTAL_MARKET_CAP":70430788756.76,"HKSK_MARKET_CAP":11450095758.96,"PE_TTM":11.13391401576,"PB_TTM":0.855387767565,"REPORT_DATE_SQ":"2022-09-30 00:00:00","REPORT_TYPE_SQ":"2022年三季报","OPERATE_INCOME_SQ":22703156430.78,"DPS_HKD":0.372,"OPERATE_INCOME_QOQ_SQ":-0.690556555168,"NET_PROFIT_RATIO_SQ":28.3892569986,"HOLDER_PROFIT_SQ":6435739038.42,"HOLDER_PROFIT_QOQ_SQ":-6.619306972658,"ROE_AVG_SQ":7.451123748672,"PE_TTM_SQ":6.51344993484,"PB_TTM_SQ":0.625865488067,"ROA_SQ":1.395100746694,"START_DATE":"2023-01-01 00:00:00","FISCAL_YEAR":"12-31","CURRENCY":"HKD","IS_CNY_CODE":0,"DPS_HKD_LY":0.293354,"ORG_TYPE":"证券","PREMIUM_INCOME":null,"PREMIUM_INCOME_YOY":null,"NET_INTEREST_INCOME":1508193666.56,"NET_INTEREST_INCOME_YOY":null,"FEE_COMMISSION_INCOME":9485697305.12,"FEE_COMMISSION_INCOME_YOY":-10.202294145192,"ACCOUNTS_RECE_TDAYS":1.737056561557,"INVENTORY_TDAYS":null,"CURRENT_ASSETS_TDAYS":0.039683408887,"TOTAL_ASSETS_TDAYS":0.03561030224,"PREMIUM_EXPENSE":null,"LOAN_DEPOSIT":null,"LOAN_EQUITY":null,"LOAN_ASSETS":null,"DEPOSIT_EQUITY":null,"DEPOSIT_ASSETS":null,"EQUITY_MULTIPLIER":5.415607567013,"EQUITY_RATIO":4.4177764459},{"SECUCODE":"06066.HK","SECURITY_CODE":"06066","SECURITY_NAME_ABBR":"中信建投证券","ORG_CODE":"10066493","STD_REPORT_DATE":"2023-06-30 00:00:00","REPORT_DATE":"2023-06-30 00:00:00","DATE_TYPE_CODE":"002","REPORT_TYPE":"2023年中报","PER_NETCASH_OPERATE":-0.434419309795,"PER_OI":2.404574176003,"BPS":9.108501861814,"BASIC_EPS":0.49,"DILUTED_EPS":0.49,"OPERATE_INCOME":18651548000,"OPERATE_INCOME_YOY":-1.0472523023,"GROSS_PROFIT":null,"GROSS_PROFIT_YOY":null,"HOLDER_PROFIT":4307477000,"HOLDER_PROFIT_YOY":-1.6619055479,"GROSS_PROFIT_RATIO":null,"EPS_TTM":0.958463391247,"OPERATE_INCOME_QOQ":-1.534682908387,"NET_PROFIT_RATIO":23.1350234308,"ROE_AVG":4.562773194525,"GROSS_PROFIT_QOQ":null,"ROA":0.81015269405,"HOLDER_PROFIT_QOQ":-11.474346775261,"ROE_YEARLY":9.125546389049,"ROIC_YEARLY":1.747827172433,"TOTAL_ASSETS":553418612000,"TOTAL_LIABILITIES":457815894000,"TAX_EBT":16.534812881103,"OCF_SALES":-18.066371756382,"TOTAL_PARENT_EQUITY":95558397000,"DEBT_ASSET_RATIO":82.7250627415,"OPERATE_PROFIT":5169760000,"PRETAX_PROFIT":5169868000,"NETCASH_OPERATE":-3369658000,"NETCASH_INVEST":-5116152000,"NETCASH_FINANCE":7287231000,"END_CASH":37102376000,"DIVI_RATIO":0.352383745779,"DIVIDEND_RATE":3.463687150838,"CURRENT_RATIO":1.344204125203,"COMMON_ACS":null,"CURRENTDEBT_DEBT":85.439441733318,"ISSUED_COMMON_SHARES":7756694797,"HK_COMMON_SHARES":1261023762,"PER_SHARES":500,"TOTAL_MARKET_CAP":83306902119.78,"HKSK_MARKET_CAP":13543395203.88,"PE_TTM":13.16940930939,"PB_TTM":1.01176923168,"REPORT_DATE_SQ":"2022-06-30 00:00:00","REPORT_TYPE_SQ":"2022年中报","OPERATE_INCOME_SQ":18848944000,"DPS_HKD":0.372,"OPERATE_INCOME_QOQ_SQ":2.094613150935,"NET_PROFIT_RATIO_SQ":23.2502521096,"HOLDER_PROFIT_SQ":4380273000,"HOLDER_PROFIT_QOQ_SQ":0.262094901399,"ROE_AVG_SQ":5.187574546791,"PE_TTM_SQ":7.186540945594,"PB_TTM_SQ":0.690541571889,"ROA_SQ":0.953127369588,"START_DATE":"2023-01-01 00:00:00","FISCAL_YEAR":"12-31","CURRENCY":"HKD","IS_CNY_CODE":0,"DPS_HKD_LY":0.293354,"ORG_TYPE":"证券","PREMIUM_INCOME":null,"PREMIUM_INCOME_YOY":null,"NET_INTEREST_INCOME":null,"NET_INTEREST_INCOME_YOY":null,"FEE_COMMISSION_INCOME":7276239000,"FEE_COMMISSION_INCOME_YOY":-4.643671816211,"ACCOUNTS_RECE_TDAYS":1.657503138331,"INVENTORY_TDAYS":null,"CURRENT_ASSETS_TDAYS":0.036920095714,"TOTAL_ASSETS_TDAYS":0.035079936261,"PREMIUM_EXPENSE":null,"LOAN_DEPOSIT":null,"LOAN_EQUITY":null,"LOAN_ASSETS":null,"DEPOSIT_EQUITY":null,"DEPOSIT_ASSETS":null,"EQUITY_MULTIPLIER":5.78873303582,"EQUITY_RATIO":4.790954101082},{"SECUCODE":"06066.HK","SECURITY_CODE":"06066","SECURITY_NAME_ABBR":"中信建投证券","ORG_CODE":"10066493","STD_REPORT_DATE":"2023-03-31 00:00:00","REPORT_DATE":"2023-03-31 00:00:00","DATE_TYPE_CODE":"003","REPORT_TYPE":"2023年一季报","PER_NETCASH_OPERATE":-1.213444439989,"PER_OI":0.863818720657,"BPS":9.134710161571,"BASIC_EPS":0.28,"DILUTED_EPS":0.28,"OPERATE_INCOME":6700378176.07,"OPERATE_INCOME_YOY":5.8107659736,"GROSS_PROFIT":null,"GROSS_PROFIT_YOY":null,"HOLDER_PROFIT":2426090625.17,"HOLDER_PROFIT_YOY":57.7821654218,"GROSS_PROFIT_RATIO":null,"EPS_TTM":1.082695643955,"OPERATE_INCOME_QOQ":1.008922432481,"NET_PROFIT_RATIO":36.3493776303,"ROE_AVG":2.573950911059,"GROSS_PROFIT_QOQ":null,"ROA":0.469999937692,"HOLDER_PROFIT_QOQ":11.866252761311,"ROE_YEARLY":10.295803644234,"ROIC_YEARLY":2.191666343283,"TOTAL_ASSETS":525172109291.09,"TOTAL_LIABILITIES":429363090525.46,"TAX_EBT":17.831676766883,"OCF_SALES":-140.474431842154,"TOTAL_PARENT_EQUITY":95761687084.26,"DEBT_ASSET_RATIO":81.756643761,"OPERATE_PROFIT":3021538437.84,"PRETAX_PROFIT":2956232695.06,"NETCASH_OPERATE":-9412318174.11,"NETCASH_INVEST":-1774579915.39,"NETCASH_FINANCE":5941515026.48,"END_CASH":136623882310.82,"DIVI_RATIO":0.311950012809,"DIVIDEND_RATE":4.096916299559,"CURRENT_RATIO":1.056701437988,"COMMON_ACS":null,"CURRENTDEBT_DEBT":98.19622337482,"ISSUED_COMMON_SHARES":7756694797,"HK_COMMON_SHARES":1261023762,"PER_SHARES":500,"TOTAL_MARKET_CAP":70430788756.76,"HKSK_MARKET_CAP":11450095758.96,"PE_TTM":11.13391401576,"PB_TTM":0.855387767565,"REPORT_DATE_SQ":"2022-03-31 00:00:00","REPORT_TYPE_SQ":"2022年一季报","OPERATE_INCOME_SQ":6332416285.26,"DPS_HKD":0.372,"OPERATE_INCOME_QOQ_SQ":3.916738134111,"NET_PROFIT_RATIO_SQ":24.4065743384,"HOLDER_PROFIT_SQ":1541713886.45,"HOLDER_PROFIT_QOQ_SQ":-1.759334010828,"ROE_AVG_SQ":1.865040759691,"PE_TTM_SQ":6.51344993484,"PB_TTM_SQ":0.625865488067,"ROA_SQ":0.339357630285,"START_DATE":"2023-01-01 00:00:00","FISCAL_YEAR":"12-31","CURRENCY":"HKD","IS_CNY_CODE":0,"DPS_HKD_LY":0.293354,"ORG_TYPE":"证券","PREMIUM_INCOME":null,"PREMIUM_INCOME_YOY":null,"NET_INTEREST_INCOME":456998954.29,"NET_INTEREST_INCOME_YOY":null,"FEE_COMMISSION_INCOME":2850138650.58,"FEE_COMMISSION_INCOME_YOY":-18.819228043645,"ACCOUNTS_RECE_TDAYS":0.596663926146,"INVENTORY_TDAYS":null,"CURRENT_ASSETS_TDAYS":0.014407775725,"TOTAL_ASSETS_TDAYS":0.01294599454,"PREMIUM_EXPENSE":null,"LOAN_DEPOSIT":null,"LOAN_EQUITY":null,"LOAN_ASSETS":null,"DEPOSIT_EQUITY":null,"DEPOSIT_ASSETS":null,"EQUITY_MULTIPLIER":5.481447530264,"EQUITY_RATIO":4.483662554396},{"SECUCODE":"06066.HK","SECURITY_CODE":"06066","SECURITY_NAME_ABBR":"中信建投证券","ORG_CODE":"10066493","STD_REPORT_DATE":"2022-12-31 00:00:00","REPORT_DATE":"2022-12-31 00:00:00","DATE_TYPE_CODE":"001","REPORT_TYPE":"2022年年报","PER_NETCASH_OPERATE":3.130121867034,"PER_OI":4.701845561089,"BPS":8.810172346401,"BASIC_EPS":0.86,"DILUTED_EPS":0.86,"OPERATE_INCOME":36470781000,"OPERATE_INCOME_YOY":-6.5641350206,"GROSS_PROFIT":null,"GROSS_PROFIT_YOY":null,"HOLDER_PROFIT":7519428000,"HOLDER_PROFIT_YOY":-26.6772044587,"GROSS_PROFIT_RATIO":null,"EPS_TTM":0.967848316386,"OPERATE_INCOME_QOQ":-11.318153261221,"NET_PROFIT_RATIO":20.6122758929,"ROE_AVG":8.675814690669,"GROSS_PROFIT_QOQ":null,"ROA":1.55955917653,"HOLDER_PROFIT_QOQ":-20.28246714988,"ROE_YEARLY":8.675814690669,"ROIC_YEARLY":1.69165879407,"TOTAL_ASSETS":509206010000,"TOTAL_LIABILITIES":415910468000,"TAX_EBT":20.508843433423,"OCF_SALES":66.572196520826,"TOTAL_PARENT_EQUITY":93251207000,"DEBT_ASSET_RATIO":81.7065054959,"OPERATE_PROFIT":9458710000,"PRETAX_PROFIT":9472226000,"NETCASH_OPERATE":24279400000,"NETCASH_INVEST":-21242259000,"NETCASH_FINANCE":134809000,"END_CASH":38560954000,"DIVI_RATIO":0.348966789818,"DIVIDEND_RATE":3.463687150838,"CURRENT_RATIO":1.399719914558,"COMMON_ACS":null,"CURRENTDEBT_DEBT":83.238742382411,"ISSUED_COMMON_SHARES":7756694797,"HK_COMMON_SHARES":1261023762,"PER_SHARES":500,"TOTAL_MARKET_CAP":83306902119.78,"HKSK_MARKET_CAP":13543395203.88,"PE_TTM":13.16940930939,"PB_TTM":1.01176923168,"REPORT_DATE_SQ":"2021-12-31 00:00:00","REPORT_TYPE_SQ":"2021年年报","OPERATE_INCOME_SQ":39032957000,"DPS_HKD":0.372,"OPERATE_INCOME_QOQ_SQ":10.039723377473,"NET_PROFIT_RATIO_SQ":26.2215952535,"HOLDER_PROFIT_SQ":10238704000,"HOLDER_PROFIT_QOQ_SQ":10.375487186725,"ROE_AVG_SQ":13.877941702271,"PE_TTM_SQ":7.186540945594,"PB_TTM_SQ":0.690541571889,"ROA_SQ":2.485063312859,"START_DATE":"2022-01-01 00:00:00","FISCAL_YEAR":"12-31","CURRENCY":"HKD","IS_CNY_CODE":0,"DPS_HKD_LY":0.463,"ORG_TYPE":"证券","PREMIUM_INCOME":null,"PREMIUM_INCOME_YOY":null,"NET_INTEREST_INCOME":9532551000,"NET_INTEREST_INCOME_YOY":null,"FEE_COMMISSION_INCOME":15542955000,"FEE_COMMISSION_INCOME_YOY":1.206986173808,"ACCOUNTS_RECE_TDAYS":2.151620702938,"INVENTORY_TDAYS":null,"CURRENT_ASSETS_TDAYS":0.079793768833,"TOTAL_ASSETS_TDAYS":0.075764004207,"PREMIUM_EXPENSE":null,"LOAN_DEPOSIT":null,"LOAN_EQUITY":null,"LOAN_ASSETS":null,"DEPOSIT_EQUITY":null,"DEPOSIT_ASSETS":null,"EQUITY_MULTIPLIER":5.466424142068,"EQUITY_RATIO":4.460108146375},{"SECUCODE":"06066.HK","SECURITY_CODE":"06066","SECURITY_NAME_ABBR":"中信建投证券","ORG_CODE":"10066493","STD_REPORT_DATE":"2022-09-30 00:00:00","REPORT_DATE":"2022-09-30 00:00:00","DATE_TYPE_CODE":"004","REPORT_TYPE":"2022年三季报","PER_NETCASH_OPERATE":3.327972438777,"PER_OI":2.92691114256,"BPS":8.771257795928,"BASIC_EPS":0.75,"DILUTED_EPS":0.75,"OPERATE_INCOME":22703156430.78,"OPERATE_INCOME_YOY":10.1523116898,"GROSS_PROFIT":null,"GROSS_PROFIT_YOY":null,"HOLDER_PROFIT":6435739038.42,"HOLDER_PROFIT_YOY":-11.316330296,"GROSS_PROFIT_RATIO":null,"EPS_TTM":1.214097177601,"OPERATE_INCOME_QOQ":-0.690556555168,"NET_PROFIT_RATIO":28.3892569986,"ROE_AVG":7.451123748672,"GROSS_PROFIT_QOQ":null,"ROA":1.395100746694,"HOLDER_PROFIT_QOQ":-6.619306972658,"ROE_YEARLY":9.934831664895,"ROIC_YEARLY":1.65009546666,"TOTAL_ASSETS":469942125694.35,"TOTAL_LIABILITIES":376948006623.89,"TAX_EBT":21.552761629079,"OCF_SALES":113.702544309752,"TOTAL_PARENT_EQUITY":92948271595.62,"DEBT_ASSET_RATIO":80.211580536,"OPERATE_PROFIT":8230502508.04,"PRETAX_PROFIT":8215031227.79,"NETCASH_OPERATE":25814066500.42,"NETCASH_INVEST":-12420216858.21,"NETCASH_FINANCE":-3841303304.03,"END_CASH":133011444610.41,"DIVI_RATIO":0.278187715309,"DIVIDEND_RATE":3.463687150838,"CURRENT_RATIO":1.084453786694,"COMMON_ACS":null,"CURRENTDEBT_DEBT":98.141862816102,"ISSUED_COMMON_SHARES":7756694797,"HK_COMMON_SHARES":1261023762,"PER_SHARES":500,"TOTAL_MARKET_CAP":83306902119.78,"HKSK_MARKET_CAP":13543395203.88,"PE_TTM":13.16940930939,"PB_TTM":1.01176923168,"REPORT_DATE_SQ":"2021-09-30 00:00:00","REPORT_TYPE_SQ":"2021年三季报","OPERATE_INCOME_SQ":20610694485.2,"DPS_HKD":0.372,"OPERATE_INCOME_QOQ_SQ":3.773353825869,"NET_PROFIT_RATIO_SQ":35.0511602477,"HOLDER_PROFIT_SQ":7257854074.29,"HOLDER_PROFIT_QOQ_SQ":-1.943425215257,"ROE_AVG_SQ":10.041293134867,"PE_TTM_SQ":7.186540945594,"PB_TTM_SQ":0.690541571889,"ROA_SQ":1.79677539746,"START_DATE":"2022-01-01 00:00:00","FISCAL_YEAR":"12-31","CURRENCY":"HKD","IS_CNY_CODE":0,"DPS_HKD_LY":0.463,"ORG_TYPE":"证券","PREMIUM_INCOME":null,"PREMIUM_INCOME_YOY":null,"NET_INTEREST_INCOME":1780456775.49,"NET_INTEREST_INCOME_YOY":null,"FEE_COMMISSION_INCOME":10563407177.08,"FEE_COMMISSION_INCOME_YOY":15.923210509874,"ACCOUNTS_RECE_TDAYS":0.97965929762,"INVENTORY_TDAYS":null,"CURRENT_ASSETS_TDAYS":0.054658205938,"TOTAL_ASSETS_TDAYS":0.049208477115,"PREMIUM_EXPENSE":null,"LOAN_DEPOSIT":null,"LOAN_EQUITY":null,"LOAN_ASSETS":null,"DEPOSIT_EQUITY":null,"DEPOSIT_ASSETS":null,"EQUITY_MULTIPLIER":5.053460696137,"EQUITY_RATIO":4.05546009789}],"count":36},"success":true,"message":"ok","code":0}