{"version":"d588c401b51f2a42e0f22f577879a68e","result":{"pages":2,"data":[{"SECUCODE":"06078.HK","SECURITY_CODE":"06078","SECURITY_NAME_ABBR":"海吉亚医疗","ORG_CODE":"10000075504","STD_REPORT_DATE":"2024-06-30 00:00:00","REPORT_DATE":"2024-06-30 00:00:00","DATE_TYPE_CODE":"002","REPORT_TYPE":"2024年中报","PER_NETCASH_OPERATE":0.555464066143,"PER_OI":3.771636938062,"BPS":10.657407419321,"BASIC_EPS":0.61,"DILUTED_EPS":0.61,"OPERATE_INCOME":2381880000,"OPERATE_INCOME_YOY":35.3736261613,"GROSS_PROFIT":756439000,"GROSS_PROFIT_YOY":32.515867273737,"HOLDER_PROFIT":384571000,"HOLDER_PROFIT_YOY":15.0941532789,"GROSS_PROFIT_RATIO":31.758065057854,"EPS_TTM":1.161258745112,"OPERATE_INCOME_QOQ":15.267178194021,"NET_PROFIT_RATIO":16.1710077754,"ROE_AVG":5.981042274429,"GROSS_PROFIT_QOQ":14.430298261927,"ROA":3.538069057626,"HOLDER_PROFIT_QOQ":7.385112339807,"ROE_YEARLY":11.962084548859,"ROIC_YEARLY":7.357201466118,"TOTAL_ASSETS":11004470000,"TOTAL_LIABILITIES":4355720000,"TAX_EBT":19.222453143973,"OCF_SALES":14.72740020488,"TOTAL_PARENT_EQUITY":6626469000,"DEBT_ASSET_RATIO":39.581370116,"OPERATE_PROFIT":513662000,"PRETAX_PROFIT":476833000,"NETCASH_OPERATE":350789000,"NETCASH_INVEST":-621761000,"NETCASH_FINANCE":-41968000,"END_CASH":236784000,"DIVI_RATIO":null,"DIVIDEND_RATE":null,"CURRENT_RATIO":1.074564327106,"COMMON_ACS":5000000000,"CURRENTDEBT_DEBT":43.12132092972,"ISSUED_COMMON_SHARES":621771200,"HK_COMMON_SHARES":621771200,"PER_SHARES":200,"TOTAL_MARKET_CAP":9799114112,"HKSK_MARKET_CAP":9799114112,"PE_TTM":12.05964824503,"PB_TTM":1.34965627512,"REPORT_DATE_SQ":"2023-06-30 00:00:00","REPORT_TYPE_SQ":"2023年中报","OPERATE_INCOME_SQ":1759486000,"DPS_HKD":null,"OPERATE_INCOME_QOQ_SQ":7.299114295442,"NET_PROFIT_RATIO_SQ":19.0336837008,"HOLDER_PROFIT_SQ":334136000,"HOLDER_PROFIT_QOQ_SQ":23.055933085003,"ROE_AVG_SQ":6.182909086704,"PE_TTM_SQ":28.239821160029,"PB_TTM_SQ":2.809861599906,"ROA_SQ":4.12441835735,"START_DATE":"2024-01-01 00:00:00","FISCAL_YEAR":"12-31","CURRENCY":"HKD","IS_CNY_CODE":0,"DPS_HKD_LY":null,"ORG_TYPE":"一般企业","PREMIUM_INCOME":null,"PREMIUM_INCOME_YOY":null,"NET_INTEREST_INCOME":null,"NET_INTEREST_INCOME_YOY":null,"FEE_COMMISSION_INCOME":null,"FEE_COMMISSION_INCOME_YOY":null,"ACCOUNTS_RECE_TDAYS":2.330078852002,"INVENTORY_TDAYS":7.949610697028,"CURRENT_ASSETS_TDAYS":1.192763735752,"TOTAL_ASSETS_TDAYS":0.219133942158,"PREMIUM_EXPENSE":null,"LOAN_DEPOSIT":null,"LOAN_EQUITY":null,"LOAN_ASSETS":null,"DEPOSIT_EQUITY":null,"DEPOSIT_ASSETS":null,"EQUITY_MULTIPLIER":1.655118631323,"EQUITY_RATIO":0.657321418089},{"SECUCODE":"06078.HK","SECURITY_CODE":"06078","SECURITY_NAME_ABBR":"海吉亚医疗","ORG_CODE":"10000075504","STD_REPORT_DATE":"2023-12-31 00:00:00","REPORT_DATE":"2023-12-31 00:00:00","DATE_TYPE_CODE":"001","REPORT_TYPE":"2023年年报","PER_NETCASH_OPERATE":1.239604119684,"PER_OI":6.455302900506,"BPS":10.024903051155,"BASIC_EPS":1.08,"DILUTED_EPS":1.08,"OPERATE_INCOME":4076680000,"OPERATE_INCOME_YOY":27.569744853,"GROSS_PROFIT":1286252000,"GROSS_PROFIT_YOY":25.054518337898,"HOLDER_PROFIT":682928000,"HOLDER_PROFIT_YOY":43.2363502131,"GROSS_PROFIT_RATIO":31.551458539792,"EPS_TTM":1.081396405712,"OPERATE_INCOME_QOQ":18.891703524918,"NET_PROFIT_RATIO":16.8016130773,"ROE_AVG":12.231232637945,"GROSS_PROFIT_QOQ":16.765768006638,"ROA":7.598005129806,"HOLDER_PROFIT_QOQ":16.399385728238,"ROE_YEARLY":12.231232637945,"ROIC_YEARLY":8.255393437564,"TOTAL_ASSETS":10734563000,"TOTAL_LIABILITIES":4479689000,"TAX_EBT":19.990842052268,"OCF_SALES":19.202880775533,"TOTAL_PARENT_EQUITY":6233196000,"DEBT_ASSET_RATIO":41.7314519464,"OPERATE_PROFIT":889104000,"PRETAX_PROFIT":856087000,"NETCASH_OPERATE":782840000,"NETCASH_INVEST":-2863474000,"NETCASH_FINANCE":1775256000,"END_CASH":549742000,"DIVI_RATIO":null,"DIVIDEND_RATE":null,"CURRENT_RATIO":1.016173159746,"COMMON_ACS":5000000000,"CURRENTDEBT_DEBT":43.39915114643,"ISSUED_COMMON_SHARES":621771200,"HK_COMMON_SHARES":621771200,"PER_SHARES":200,"TOTAL_MARKET_CAP":8916199008,"HKSK_MARKET_CAP":8916199008,"PE_TTM":10.973055573206,"PB_TTM":1.228050189418,"REPORT_DATE_SQ":"2022-12-31 00:00:00","REPORT_TYPE_SQ":"2022年年报","OPERATE_INCOME_SQ":3195648000,"DPS_HKD":null,"OPERATE_INCOME_QOQ_SQ":9.820611159223,"NET_PROFIT_RATIO_SQ":15.0791326204,"HOLDER_PROFIT_SQ":476784000,"HOLDER_PROFIT_QOQ_SQ":1.863428349236,"ROE_AVG_SQ":10.154915581769,"PE_TTM_SQ":34.316114249136,"PB_TTM_SQ":3.414452631985,"ROA_SQ":6.84597609155,"START_DATE":"2023-01-01 00:00:00","FISCAL_YEAR":"12-31","CURRENCY":"HKD","IS_CNY_CODE":0,"DPS_HKD_LY":0.163598,"ORG_TYPE":"一般企业","PREMIUM_INCOME":null,"PREMIUM_INCOME_YOY":null,"NET_INTEREST_INCOME":null,"NET_INTEREST_INCOME_YOY":null,"FEE_COMMISSION_INCOME":null,"FEE_COMMISSION_INCOME_YOY":null,"ACCOUNTS_RECE_TDAYS":4.871490462087,"INVENTORY_TDAYS":15.425208885548,"CURRENT_ASSETS_TDAYS":2.188783870559,"TOTAL_ASSETS_TDAYS":0.453556385923,"PREMIUM_EXPENSE":null,"LOAN_DEPOSIT":null,"LOAN_EQUITY":null,"LOAN_ASSETS":null,"DEPOSIT_EQUITY":null,"DEPOSIT_ASSETS":null,"EQUITY_MULTIPLIER":1.716191725045,"EQUITY_RATIO":0.718682518567},{"SECUCODE":"06078.HK","SECURITY_CODE":"06078","SECURITY_NAME_ABBR":"海吉亚医疗","ORG_CODE":"10000075504","STD_REPORT_DATE":"2023-06-30 00:00:00","REPORT_DATE":"2023-06-30 00:00:00","DATE_TYPE_CODE":"002","REPORT_TYPE":"2023年中报","PER_NETCASH_OPERATE":0.554420559022,"PER_OI":2.786094341278,"BPS":9.44819895164,"BASIC_EPS":0.53,"DILUTED_EPS":0.53,"OPERATE_INCOME":1759486000,"OPERATE_INCOME_YOY":15.2829976046,"GROSS_PROFIT":570829000,"GROSS_PROFIT_YOY":14.666663988301,"HOLDER_PROFIT":334136000,"HOLDER_PROFIT_YOY":49.0288079426,"GROSS_PROFIT_RATIO":32.442940722461,"EPS_TTM":0.929039615584,"OPERATE_INCOME_QOQ":7.299114295442,"NET_PROFIT_RATIO":19.0336837008,"ROE_AVG":6.182909086704,"GROSS_PROFIT_QOQ":7.098613294599,"ROA":4.12441835735,"HOLDER_PROFIT_QOQ":23.055933085003,"ROE_YEARLY":12.365818173407,"ROIC_YEARLY":9.58250270384,"TOTAL_ASSETS":8960873000,"TOTAL_LIABILITIES":3065838000,"TAX_EBT":18.785178862006,"OCF_SALES":19.899561576506,"TOTAL_PARENT_EQUITY":5874618000,"DEBT_ASSET_RATIO":34.2136084286,"OPERATE_PROFIT":419649000,"PRETAX_PROFIT":412357000,"NETCASH_OPERATE":350130000,"NETCASH_INVEST":-817485000,"NETCASH_FINANCE":978043000,"END_CASH":1374572000,"DIVI_RATIO":null,"DIVIDEND_RATE":null,"CURRENT_RATIO":1.663367303636,"COMMON_ACS":5000000000,"CURRENTDEBT_DEBT":47.423151516812,"ISSUED_COMMON_SHARES":621771200,"HK_COMMON_SHARES":621771200,"PER_SHARES":200,"TOTAL_MARKET_CAP":8916199008,"HKSK_MARKET_CAP":8916199008,"PE_TTM":10.973055573206,"PB_TTM":1.228050189418,"REPORT_DATE_SQ":"2022-06-30 00:00:00","REPORT_TYPE_SQ":"2022年中报","OPERATE_INCOME_SQ":1526232000,"DPS_HKD":null,"OPERATE_INCOME_QOQ_SQ":25.677813582315,"NET_PROFIT_RATIO_SQ":14.9494965379,"HOLDER_PROFIT_SQ":224209000,"HOLDER_PROFIT_QOQ_SQ":6.026634530656,"ROE_AVG_SQ":4.916492063649,"PE_TTM_SQ":34.316114249136,"PB_TTM_SQ":3.414452631985,"ROA_SQ":3.298553284945,"START_DATE":"2023-01-01 00:00:00","FISCAL_YEAR":"12-31","CURRENCY":"HKD","IS_CNY_CODE":0,"DPS_HKD_LY":0.163598,"ORG_TYPE":"一般企业","PREMIUM_INCOME":null,"PREMIUM_INCOME_YOY":null,"NET_INTEREST_INCOME":null,"NET_INTEREST_INCOME_YOY":null,"FEE_COMMISSION_INCOME":null,"FEE_COMMISSION_INCOME_YOY":null,"ACCOUNTS_RECE_TDAYS":2.446433524818,"INVENTORY_TDAYS":7.67330931908,"CURRENT_ASSETS_TDAYS":0.844309038281,"TOTAL_ASSETS_TDAYS":0.21718271476,"PREMIUM_EXPENSE":null,"LOAN_DEPOSIT":null,"LOAN_EQUITY":null,"LOAN_ASSETS":null,"DEPOSIT_EQUITY":null,"DEPOSIT_ASSETS":null,"EQUITY_MULTIPLIER":1.520071212471,"EQUITY_RATIO":0.521878699177},{"SECUCODE":"06078.HK","SECURITY_CODE":"06078","SECURITY_NAME_ABBR":"海吉亚医疗","ORG_CODE":"10000075504","STD_REPORT_DATE":"2022-12-31 00:00:00","REPORT_DATE":"2022-12-31 00:00:00","DATE_TYPE_CODE":"001","REPORT_TYPE":"2022年年报","PER_NETCASH_OPERATE":1.111320100622,"PER_OI":5.181648458095,"BPS":7.935004065804,"BASIC_EPS":0.77,"DILUTED_EPS":0.77,"OPERATE_INCOME":3195648000,"OPERATE_INCOME_YOY":38.0201429676,"GROSS_PROFIT":1028553000,"GROSS_PROFIT_YOY":35.782753508586,"HOLDER_PROFIT":476784000,"HOLDER_PROFIT_YOY":8.0023648962,"GROSS_PROFIT_RATIO":32.186054283826,"EPS_TTM":0.773091115932,"OPERATE_INCOME_QOQ":9.820611159223,"NET_PROFIT_RATIO":15.0791326204,"ROE_AVG":10.154915581769,"GROSS_PROFIT_QOQ":9.381201227644,"ROA":6.84597609155,"HOLDER_PROFIT_QOQ":1.863428349236,"ROE_YEARLY":10.154915581769,"ROIC_YEARLY":7.727153607128,"TOTAL_ASSETS":7241945000,"TOTAL_LIABILITIES":2301882000,"TAX_EBT":25.094394468616,"OCF_SALES":21.447230733798,"TOTAL_PARENT_EQUITY":4933757000,"DEBT_ASSET_RATIO":31.7854112397,"OPERATE_PROFIT":666821000,"PRETAX_PROFIT":643311000,"NETCASH_OPERATE":685378000,"NETCASH_INVEST":-372060000,"NETCASH_FINANCE":-154206000,"END_CASH":853768000,"DIVI_RATIO":null,"DIVIDEND_RATE":null,"CURRENT_RATIO":1.705088832599,"COMMON_ACS":5000000000,"CURRENTDEBT_DEBT":44.573570669565,"ISSUED_COMMON_SHARES":621771200,"HK_COMMON_SHARES":621771200,"PER_SHARES":200,"TOTAL_MARKET_CAP":8916199008,"HKSK_MARKET_CAP":8916199008,"PE_TTM":10.973055573206,"PB_TTM":1.228050189418,"REPORT_DATE_SQ":"2021-12-31 00:00:00","REPORT_TYPE_SQ":"2021年年报","OPERATE_INCOME_SQ":2315349000,"DPS_HKD":null,"OPERATE_INCOME_QOQ_SQ":36.100528742862,"NET_PROFIT_RATIO_SQ":19.5738525812,"HOLDER_PROFIT_SQ":441457000,"HOLDER_PROFIT_QOQ_SQ":20.836880325621,"ROE_AVG_SQ":10.120261740275,"PE_TTM_SQ":34.316114249136,"PB_TTM_SQ":3.414452631985,"ROA_SQ":7.752855291198,"START_DATE":"2022-01-01 00:00:00","FISCAL_YEAR":"12-31","CURRENCY":"HKD","IS_CNY_CODE":0,"DPS_HKD_LY":null,"ORG_TYPE":"一般企业","PREMIUM_INCOME":null,"PREMIUM_INCOME_YOY":null,"NET_INTEREST_INCOME":null,"NET_INTEREST_INCOME_YOY":null,"FEE_COMMISSION_INCOME":null,"FEE_COMMISSION_INCOME_YOY":null,"ACCOUNTS_RECE_TDAYS":5.353041485616,"INVENTORY_TDAYS":16.603610954685,"CURRENT_ASSETS_TDAYS":1.841741478846,"TOTAL_ASSETS_TDAYS":0.458852012757,"PREMIUM_EXPENSE":null,"LOAN_DEPOSIT":null,"LOAN_EQUITY":null,"LOAN_ASSETS":null,"DEPOSIT_EQUITY":null,"DEPOSIT_ASSETS":null,"EQUITY_MULTIPLIER":1.465962073764,"EQUITY_RATIO":0.46655763549},{"SECUCODE":"06078.HK","SECURITY_CODE":"06078","SECURITY_NAME_ABBR":"海吉亚医疗","ORG_CODE":"10000075504","STD_REPORT_DATE":"2022-06-30 00:00:00","REPORT_DATE":"2022-06-30 00:00:00","DATE_TYPE_CODE":"002","REPORT_TYPE":"2022年中报","PER_NETCASH_OPERATE":0.472194864414,"PER_OI":2.474739924264,"BPS":7.501531109836,"BASIC_EPS":0.36,"DILUTED_EPS":0.36,"OPERATE_INCOME":1526232000,"OPERATE_INCOME_YOY":63.8113514958,"GROSS_PROFIT":497816000,"GROSS_PROFIT_YOY":58.048365436207,"HOLDER_PROFIT":224209000,"HOLDER_PROFIT_YOY":13.4637962794,"GROSS_PROFIT_RATIO":32.617321612966,"EPS_TTM":0.758948651601,"OPERATE_INCOME_QOQ":25.677813582315,"NET_PROFIT_RATIO":14.9494965379,"ROE_AVG":4.916492063649,"GROSS_PROFIT_QOQ":24.137193580454,"ROA":3.298553284945,"HOLDER_PROFIT_QOQ":6.026634530656,"ROE_YEARLY":9.832984127297,"ROIC_YEARLY":7.503354118999,"TOTAL_ASSETS":6907446000,"TOTAL_LIABILITIES":2217997000,"TAX_EBT":25.731974467559,"OCF_SALES":19.080585389377,"TOTAL_PARENT_EQUITY":4664236000,"DEBT_ASSET_RATIO":32.1102329284,"OPERATE_PROFIT":314631000,"PRETAX_PROFIT":307217000,"NETCASH_OPERATE":291214000,"NETCASH_INVEST":-51061000,"NETCASH_FINANCE":-61743000,"END_CASH":888376000,"DIVI_RATIO":null,"DIVIDEND_RATE":null,"CURRENT_RATIO":1.962182687842,"COMMON_ACS":5000000000,"CURRENTDEBT_DEBT":40.380938297031,"ISSUED_COMMON_SHARES":621771200,"HK_COMMON_SHARES":621771200,"PER_SHARES":200,"TOTAL_MARKET_CAP":8916199008,"HKSK_MARKET_CAP":8916199008,"PE_TTM":10.973055573206,"PB_TTM":1.228050189418,"REPORT_DATE_SQ":"2021-06-30 00:00:00","REPORT_TYPE_SQ":"2021年中报","OPERATE_INCOME_SQ":931701000,"DPS_HKD":null,"OPERATE_INCOME_QOQ_SQ":21.361727081021,"NET_PROFIT_RATIO_SQ":22.0189738983,"HOLDER_PROFIT_SQ":197604000,"HOLDER_PROFIT_QOQ_SQ":114.794367522121,"ROE_AVG_SQ":4.564095019024,"PE_TTM_SQ":34.316114249136,"PB_TTM_SQ":3.414452631985,"ROA_SQ":3.620532953283,"START_DATE":"2022-01-01 00:00:00","FISCAL_YEAR":"12-31","CURRENCY":"HKD","IS_CNY_CODE":0,"DPS_HKD_LY":null,"ORG_TYPE":"一般企业","PREMIUM_INCOME":null,"PREMIUM_INCOME_YOY":null,"NET_INTEREST_INCOME":null,"NET_INTEREST_INCOME_YOY":null,"FEE_COMMISSION_INCOME":null,"FEE_COMMISSION_INCOME_YOY":null,"ACCOUNTS_RECE_TDAYS":2.704624896665,"INVENTORY_TDAYS":9.519329473455,"CURRENT_ASSETS_TDAYS":0.877599514921,"TOTAL_ASSETS_TDAYS":0.224538603588,"PREMIUM_EXPENSE":null,"LOAN_DEPOSIT":null,"LOAN_EQUITY":null,"LOAN_ASSETS":null,"DEPOSIT_EQUITY":null,"DEPOSIT_ASSETS":null,"EQUITY_MULTIPLIER":1.472976036205,"EQUITY_RATIO":0.475532756061},{"SECUCODE":"06078.HK","SECURITY_CODE":"06078","SECURITY_NAME_ABBR":"海吉亚医疗","ORG_CODE":"10000075504","STD_REPORT_DATE":"2021-12-31 00:00:00","REPORT_DATE":"2021-12-31 00:00:00","DATE_TYPE_CODE":"001","REPORT_TYPE":"2021年年报","PER_NETCASH_OPERATE":0.689726537217,"PER_OI":3.746519417476,"BPS":7.167353521681,"BASIC_EPS":0.71,"DILUTED_EPS":0.71,"OPERATE_INCOME":2315349000,"OPERATE_INCOME_YOY":65.1739522487,"GROSS_PROFIT":757499000,"GROSS_PROFIT_YOY":57.798155581896,"HOLDER_PROFIT":441457000,"HOLDER_PROFIT_YOY":159.5508128289,"GROSS_PROFIT_RATIO":32.716406900213,"EPS_TTM":0.71433171521,"OPERATE_INCOME_QOQ":36.100528742862,"NET_PROFIT_RATIO":19.5738525812,"ROE_AVG":10.120261740275,"GROSS_PROFIT_QOQ":30.889879563873,"ROA":7.752855291198,"HOLDER_PROFIT_QOQ":20.836880325621,"ROE_YEARLY":10.120261740275,"ROIC_YEARLY":8.654999675528,"TOTAL_ASSETS":6686938000,"TOTAL_LIABILITIES":2209226000,"TAX_EBT":20.8855798689,"OCF_SALES":18.409794808472,"TOTAL_PARENT_EQUITY":4456454000,"DEBT_ASSET_RATIO":33.0379315615,"OPERATE_PROFIT":593775000,"PRETAX_PROFIT":572845000,"NETCASH_OPERATE":426251000,"NETCASH_INVEST":-850846000,"NETCASH_FINANCE":754495000,"END_CASH":707069000,"DIVI_RATIO":null,"DIVIDEND_RATE":null,"CURRENT_RATIO":2.013524345108,"COMMON_ACS":5000000000,"CURRENTDEBT_DEBT":38.683547993732,"ISSUED_COMMON_SHARES":621771200,"HK_COMMON_SHARES":621771200,"PER_SHARES":200,"TOTAL_MARKET_CAP":8916199008,"HKSK_MARKET_CAP":8916199008,"PE_TTM":10.973055573206,"PB_TTM":1.228050189418,"REPORT_DATE_SQ":"2020-12-31 00:00:00","REPORT_TYPE_SQ":"2020年年报","OPERATE_INCOME_SQ":1401764000,"DPS_HKD":null,"OPERATE_INCOME_QOQ_SQ":16.499603153166,"NET_PROFIT_RATIO_SQ":12.6312988492,"HOLDER_PROFIT_SQ":170085000,"HOLDER_PROFIT_QOQ_SQ":478.048531810767,"ROE_AVG_SQ":8.367934258938,"PE_TTM_SQ":34.316114249136,"PB_TTM_SQ":3.414452631985,"ROA_SQ":4.919665849735,"START_DATE":"2021-01-01 00:00:00","FISCAL_YEAR":"12-31","CURRENCY":"HKD","IS_CNY_CODE":0,"DPS_HKD_LY":0.144068,"ORG_TYPE":"一般企业","PREMIUM_INCOME":null,"PREMIUM_INCOME_YOY":null,"NET_INTEREST_INCOME":null,"NET_INTEREST_INCOME_YOY":null,"FEE_COMMISSION_INCOME":null,"FEE_COMMISSION_INCOME_YOY":null,"ACCOUNTS_RECE_TDAYS":5.965910540291,"INVENTORY_TDAYS":19.702536408304,"CURRENT_ASSETS_TDAYS":0.99732614735,"TOTAL_ASSETS_TDAYS":0.406620933536,"PREMIUM_EXPENSE":null,"LOAN_DEPOSIT":null,"LOAN_EQUITY":null,"LOAN_ASSETS":null,"DEPOSIT_EQUITY":null,"DEPOSIT_ASSETS":null,"EQUITY_MULTIPLIER":1.493382781206,"EQUITY_RATIO":0.495736296167},{"SECUCODE":"06078.HK","SECURITY_CODE":"06078","SECURITY_NAME_ABBR":"海吉亚医疗","ORG_CODE":"10000075504","STD_REPORT_DATE":"2021-06-30 00:00:00","REPORT_DATE":"2021-06-30 00:00:00","DATE_TYPE_CODE":"002","REPORT_TYPE":"2021年中报","PER_NETCASH_OPERATE":0.263757281553,"PER_OI":1.507606796117,"BPS":7.062564171515,"BASIC_EPS":0.32,"DILUTED_EPS":0.32,"OPERATE_INCOME":931701000,"OPERATE_INCOME_YOY":47.3604213456,"GROSS_PROFIT":314977000,"GROSS_PROFIT_YOY":45.627167229183,"HOLDER_PROFIT":197604000,"HOLDER_PROFIT_YOY":8287.2665534805,"GROSS_PROFIT_RATIO":33.806661149875,"EPS_TTM":0.591153721683,"OPERATE_INCOME_QOQ":21.361727081021,"NET_PROFIT_RATIO":22.0189738983,"ROE_AVG":4.564095019024,"GROSS_PROFIT_QOQ":20.557950016978,"ROA":3.620532953283,"HOLDER_PROFIT_QOQ":114.794367522121,"ROE_YEARLY":9.128190038048,"ROIC_YEARLY":8.171214069586,"TOTAL_ASSETS":6214436000,"TOTAL_LIABILITIES":1738406000,"TAX_EBT":20.595828350035,"OCF_SALES":17.495097676186,"TOTAL_PARENT_EQUITY":4391299000,"DEBT_ASSET_RATIO":27.9736729126,"OPERATE_PROFIT":262150000,"PRETAX_PROFIT":258363000,"NETCASH_OPERATE":163002000,"NETCASH_INVEST":-757765000,"NETCASH_FINANCE":911701000,"END_CASH":699119000,"DIVI_RATIO":null,"DIVIDEND_RATE":null,"CURRENT_RATIO":3.483847749426,"COMMON_ACS":5000000000,"CURRENTDEBT_DEBT":36.523516370744,"ISSUED_COMMON_SHARES":621771200,"HK_COMMON_SHARES":621771200,"PER_SHARES":200,"TOTAL_MARKET_CAP":8916199008,"HKSK_MARKET_CAP":8916199008,"PE_TTM":10.973055573206,"PB_TTM":1.228050189418,"REPORT_DATE_SQ":"2020-06-30 00:00:00","REPORT_TYPE_SQ":"2020年中报","OPERATE_INCOME_SQ":632260000,"DPS_HKD":null,"OPERATE_INCOME_QOQ_SQ":10.812874254254,"NET_PROFIT_RATIO_SQ":0.3726315124,"HOLDER_PROFIT_SQ":2356000,"HOLDER_PROFIT_QOQ_SQ":-26.009002439208,"ROE_AVG_SQ":0.130496240202,"PE_TTM_SQ":34.316114249136,"PB_TTM_SQ":3.414452631985,"ROA_SQ":0.073224280127,"START_DATE":"2021-01-01 00:00:00","FISCAL_YEAR":"12-31","CURRENCY":"HKD","IS_CNY_CODE":0,"DPS_HKD_LY":0.144068,"ORG_TYPE":"一般企业","PREMIUM_INCOME":null,"PREMIUM_INCOME_YOY":null,"NET_INTEREST_INCOME":null,"NET_INTEREST_INCOME_YOY":null,"FEE_COMMISSION_INCOME":null,"FEE_COMMISSION_INCOME_YOY":null,"ACCOUNTS_RECE_TDAYS":2.757254171981,"INVENTORY_TDAYS":9.956153945499,"CURRENT_ASSETS_TDAYS":0.362929924645,"TOTAL_ASSETS_TDAYS":0.170707787955,"PREMIUM_EXPENSE":null,"LOAN_DEPOSIT":null,"LOAN_EQUITY":null,"LOAN_ASSETS":null,"DEPOSIT_EQUITY":null,"DEPOSIT_ASSETS":null,"EQUITY_MULTIPLIER":1.388381221753,"EQUITY_RATIO":0.395875115769},{"SECUCODE":"06078.HK","SECURITY_CODE":"06078","SECURITY_NAME_ABBR":"海吉亚医疗","ORG_CODE":"10000075504","STD_REPORT_DATE":"2020-12-31 00:00:00","REPORT_DATE":"2020-12-31 00:00:00","DATE_TYPE_CODE":"001","REPORT_TYPE":"2020年年报","PER_NETCASH_OPERATE":0.479166666667,"PER_OI":2.268226537217,"BPS":6.863886587221,"BASIC_EPS":0.38,"DILUTED_EPS":0.38,"OPERATE_INCOME":1401764000,"OPERATE_INCOME_YOY":29.0965587488,"GROSS_PROFIT":480043000,"GROSS_PROFIT_YOY":45.41469768569,"HOLDER_PROFIT":170085000,"HOLDER_PROFIT_YOY":327.7038750723,"GROSS_PROFIT_RATIO":34.245636212658,"EPS_TTM":0.275218446602,"OPERATE_INCOME_QOQ":16.499603153166,"NET_PROFIT_RATIO":12.6312988492,"ROE_AVG":8.367934258938,"GROSS_PROFIT_QOQ":22.694069295492,"ROA":4.919665849735,"HOLDER_PROFIT_QOQ":478.048531810767,"ROE_YEARLY":8.367934258938,"ROIC_YEARLY":5.611170942854,"TOTAL_ASSETS":4701305000,"TOTAL_LIABILITIES":359928000,"TAX_EBT":29.907922030624,"OCF_SALES":21.125168002602,"TOTAL_PARENT_EQUITY":4267767000,"DEBT_ASSET_RATIO":7.6559168146,"OPERATE_PROFIT":300284000,"PRETAX_PROFIT":252612000,"NETCASH_OPERATE":296125000,"NETCASH_INVEST":-2477626000,"NETCASH_FINANCE":2174520000,"END_CASH":385104000,"DIVI_RATIO":null,"DIVIDEND_RATE":null,"CURRENT_RATIO":10.401566815684,"COMMON_ACS":5000000000,"CURRENTDEBT_DEBT":78.05783378898,"ISSUED_COMMON_SHARES":621771200,"HK_COMMON_SHARES":621771200,"PER_SHARES":200,"TOTAL_MARKET_CAP":8916199008,"HKSK_MARKET_CAP":8916199008,"PE_TTM":10.973055573206,"PB_TTM":1.228050189418,"REPORT_DATE_SQ":"2019-12-31 00:00:00","REPORT_TYPE_SQ":"2019年年报","OPERATE_INCOME_SQ":1085826000,"DPS_HKD":null,"OPERATE_INCOME_QOQ_SQ":41.72646846146,"NET_PROFIT_RATIO_SQ":3.6623731611,"HOLDER_PROFIT_SQ":39767000,"HOLDER_PROFIT_QOQ_SQ":1436.59196290572,"ROE_AVG_SQ":-20.162140785658,"PE_TTM_SQ":34.316114249136,"PB_TTM_SQ":3.414452631985,"ROA_SQ":1.895616895382,"START_DATE":"2020-01-01 00:00:00","FISCAL_YEAR":"12-31","CURRENCY":"HKD","IS_CNY_CODE":0,"DPS_HKD_LY":null,"ORG_TYPE":"一般企业","PREMIUM_INCOME":null,"PREMIUM_INCOME_YOY":null,"NET_INTEREST_INCOME":null,"NET_INTEREST_INCOME_YOY":null,"FEE_COMMISSION_INCOME":null,"FEE_COMMISSION_INCOME_YOY":null,"ACCOUNTS_RECE_TDAYS":5.590664172646,"INVENTORY_TDAYS":18.815816602533,"CURRENT_ASSETS_TDAYS":0.780737598204,"TOTAL_ASSETS_TDAYS":0.405456711655,"PREMIUM_EXPENSE":null,"LOAN_DEPOSIT":null,"LOAN_EQUITY":null,"LOAN_ASSETS":null,"DEPOSIT_EQUITY":null,"DEPOSIT_ASSETS":null,"EQUITY_MULTIPLIER":1.082906414255,"EQUITY_RATIO":0.084336375439},{"SECUCODE":"06078.HK","SECURITY_CODE":"06078","SECURITY_NAME_ABBR":"海吉亚医疗","ORG_CODE":"10000075504","STD_REPORT_DATE":"2020-06-30 00:00:00","REPORT_DATE":"2020-06-30 00:00:00","DATE_TYPE_CODE":"002","REPORT_TYPE":"2020年中报","PER_NETCASH_OPERATE":0.211321666667,"PER_OI":1.053766666667,"BPS":6.133185326049,"BASIC_EPS":0.01,"DILUTED_EPS":0.01,"OPERATE_INCOME":632260000,"OPERATE_INCOME_YOY":22.8044618734,"GROSS_PROFIT":216290000,"GROSS_PROFIT_YOY":39.399837584913,"HOLDER_PROFIT":2356000,"HOLDER_PROFIT_YOY":-81.4473580597,"GROSS_PROFIT_RATIO":34.209027931547,"EPS_TTM":0.04904,"OPERATE_INCOME_QOQ":10.812874254254,"NET_PROFIT_RATIO":0.3726315124,"ROE_AVG":0.130496240202,"GROSS_PROFIT_QOQ":18.518114624985,"ROA":0.073224280127,"HOLDER_PROFIT_QOQ":-26.009002439208,"ROE_YEARLY":0.260992480403,"ROIC_YEARLY":0.25210209921,"TOTAL_ASSETS":4221835000,"TOTAL_LIABILITIES":341763000,"TAX_EBT":92.896125433439,"OCF_SALES":20.053933508367,"TOTAL_PARENT_EQUITY":3813438000,"DEBT_ASSET_RATIO":8.0951292507,"OPERATE_PROFIT":81065000,"PRETAX_PROFIT":33165000,"NETCASH_OPERATE":126793000,"NETCASH_INVEST":-151921000,"NETCASH_FINANCE":1868737000,"END_CASH":2236813000,"DIVI_RATIO":null,"DIVIDEND_RATE":null,"CURRENT_RATIO":9.546073236259,"COMMON_ACS":5000000000,"CURRENTDEBT_DEBT":78.851133680357,"ISSUED_COMMON_SHARES":621771200,"HK_COMMON_SHARES":621771200,"PER_SHARES":200,"TOTAL_MARKET_CAP":8916199008,"HKSK_MARKET_CAP":8916199008,"PE_TTM":10.973055573206,"PB_TTM":1.228050189418,"REPORT_DATE_SQ":"2019-06-30 00:00:00","REPORT_TYPE_SQ":"2019年中报","OPERATE_INCOME_SQ":514851000,"DPS_HKD":null,"OPERATE_INCOME_QOQ_SQ":0,"NET_PROFIT_RATIO_SQ":2.4665388627,"HOLDER_PROFIT_SQ":12699000,"HOLDER_PROFIT_QOQ_SQ":0,"ROE_AVG_SQ":null,"PE_TTM_SQ":34.316114249136,"PB_TTM_SQ":3.414452631985,"ROA_SQ":null,"START_DATE":"2020-01-01 00:00:00","FISCAL_YEAR":"12-31","CURRENCY":"HKD","IS_CNY_CODE":0,"DPS_HKD_LY":null,"ORG_TYPE":"一般企业","PREMIUM_INCOME":null,"PREMIUM_INCOME_YOY":null,"NET_INTEREST_INCOME":null,"NET_INTEREST_INCOME_YOY":null,"FEE_COMMISSION_INCOME":null,"FEE_COMMISSION_INCOME_YOY":null,"ACCOUNTS_RECE_TDAYS":2.479407226147,"INVENTORY_TDAYS":9.130859482181,"CURRENT_ASSETS_TDAYS":0.390158232964,"TOTAL_ASSETS_TDAYS":0.196505871618,"PREMIUM_EXPENSE":null,"LOAN_DEPOSIT":null,"LOAN_EQUITY":null,"LOAN_ASSETS":null,"DEPOSIT_EQUITY":null,"DEPOSIT_ASSETS":null,"EQUITY_MULTIPLIER":1.088081612919,"EQUITY_RATIO":0.089620704467}],"count":13},"success":true,"message":"ok","code":0}