{"version":"a26e7b90d8e39e5dea3da51e084159b3","result":{"pages":3,"data":[{"SECUCODE":"06088.HK","SECURITY_CODE":"06088","SECURITY_NAME_ABBR":"FIT HON TENG","ORG_CODE":"10673609","STD_REPORT_DATE":"2024-06-30 00:00:00","REPORT_DATE":"2024-06-30 00:00:00","DATE_TYPE_CODE":"002","REPORT_TYPE":"2024年中报","PER_NETCASH_OPERATE":-0.04078826437,"PER_OI":2.020506046445,"BPS":2.328827865594,"BASIC_EPS":0.03278328,"DILUTED_EPS":0.03278328,"OPERATE_INCOME":14729385168,"OPERATE_INCOME_YOY":15.8445809605,"GROSS_PROFIT":3001758272.4,"GROSS_PROFIT_YOY":46.712486732445,"HOLDER_PROFIT":231792043.2,"HOLDER_PROFIT_YOY":463.3154602324,"GROSS_PROFIT_RATIO":20.379386092241,"EPS_TTM":0.165971834938,"OPERATE_INCOME_QOQ":6.185189509238,"NET_PROFIT_RATIO":1.5808318334,"ROE_AVG":1.350161225208,"GROSS_PROFIT_QOQ":16.718369055145,"ROA":0.646792699499,"HOLDER_PROFIT_QOQ":32.456928672419,"ROE_YEARLY":2.700322450416,"ROIC_YEARLY":1.720101865951,"TOTAL_ASSETS":35372254016.4,"TOTAL_LIABILITIES":18370574190,"TAX_EBT":46.783940060266,"OCF_SALES":-2.018715283826,"TOTAL_PARENT_EQUITY":16982950596,"DEBT_ASSET_RATIO":51.9349832258,"OPERATE_PROFIT":664039590,"PRETAX_PROFIT":437549886,"NETCASH_OPERATE":-297344349.6,"NETCASH_INVEST":-2153505156,"NETCASH_FINANCE":695953400.4,"END_CASH":7309616673.6,"DIVI_RATIO":null,"DIVIDEND_RATE":null,"CURRENT_RATIO":1.582996851523,"COMMON_ACS":15360000000,"CURRENTDEBT_DEBT":73.462092777406,"ISSUED_COMMON_SHARES":7292488572,"HK_COMMON_SHARES":7292488572,"PER_SHARES":1000,"TOTAL_MARKET_CAP":27055132602.12,"HKSK_MARKET_CAP":27055132602.12,"PE_TTM":20.310066784957,"PB_TTM":1.453968690345,"REPORT_DATE_SQ":"2023-06-30 00:00:00","REPORT_TYPE_SQ":"2023年中报","OPERATE_INCOME_SQ":12891405264,"DPS_HKD":null,"OPERATE_INCOME_QOQ_SQ":-3.83926058596,"NET_PROFIT_RATIO_SQ":-0.4864692166,"HOLDER_PROFIT_SQ":-64685361.6,"HOLDER_PROFIT_QOQ_SQ":-53.832579353068,"ROE_AVG_SQ":-0.387891308973,"PE_TTM_SQ":11.976667521521,"PB_TTM_SQ":0.393308108561,"ROA_SQ":-0.195311647748,"START_DATE":"2024-01-01 00:00:00","FISCAL_YEAR":"12-31","CURRENCY":"HKD","IS_CNY_CODE":0,"DPS_HKD_LY":null,"ORG_TYPE":"一般企业","PREMIUM_INCOME":null,"PREMIUM_INCOME_YOY":null,"NET_INTEREST_INCOME":null,"NET_INTEREST_INCOME_YOY":null,"FEE_COMMISSION_INCOME":null,"FEE_COMMISSION_INCOME_YOY":null,"ACCOUNTS_RECE_TDAYS":2.549171608033,"INVENTORY_TDAYS":2.036867597238,"CURRENT_ASSETS_TDAYS":0.676564134729,"TOTAL_ASSETS_TDAYS":0.411008879479,"PREMIUM_EXPENSE":null,"LOAN_DEPOSIT":null,"LOAN_EQUITY":null,"LOAN_ASSETS":null,"DEPOSIT_EQUITY":null,"DEPOSIT_ASSETS":null,"EQUITY_MULTIPLIER":2.080515241881,"EQUITY_RATIO":1.081706861605},{"SECUCODE":"06088.HK","SECURITY_CODE":"06088","SECURITY_NAME_ABBR":"FIT HON TENG","ORG_CODE":"10673609","STD_REPORT_DATE":"2023-12-31 00:00:00","REPORT_DATE":"2023-12-31 00:00:00","DATE_TYPE_CODE":"001","REPORT_TYPE":"2023年年报","PER_NETCASH_OPERATE":0.557318179967,"PER_OI":4.076273198845,"BPS":2.364780535099,"BASIC_EPS":0.12890514,"DILUTED_EPS":0.12890514,"OPERATE_INCOME":29715821985,"OPERATE_INCOME_YOY":-7.3953290544,"GROSS_PROFIT":5716730478,"GROSS_PROFIT_YOY":6.901459436798,"HOLDER_PROFIT":913448736.3,"HOLDER_PROFIT_YOY":-23.9654755658,"GROSS_PROFIT_RATIO":19.238002168965,"EPS_TTM":0.125302493876,"OPERATE_INCOME_QOQ":-2.065036193675,"NET_PROFIT_RATIO":3.0883674369,"ROE_AVG":5.39599830299,"GROSS_PROFIT_QOQ":13.448419717777,"ROA":2.675450338292,"HOLDER_PROFIT_QOQ":67.485761022797,"ROE_YEARLY":5.39599830299,"ROIC_YEARLY":3.515772164639,"TOTAL_ASSETS":36077403967.2,"TOTAL_LIABILITIES":18814186806.6,"TAX_EBT":27.796630947804,"OCF_SALES":13.672247977023,"TOTAL_PARENT_EQUITY":17245135027.5,"DEBT_ASSET_RATIO":52.1495028404,"OPERATE_PROFIT":1861553123.7,"PRETAX_PROFIT":1271040093.9,"NETCASH_OPERATE":4062820870.2,"NETCASH_INVEST":-2905408532.4,"NETCASH_FINANCE":1760645896.8,"END_CASH":9323411302.8,"DIVI_RATIO":null,"DIVIDEND_RATE":null,"CURRENT_RATIO":1.213968400842,"COMMON_ACS":15360000000,"CURRENTDEBT_DEBT":96.50378450495,"ISSUED_COMMON_SHARES":7292488572,"HK_COMMON_SHARES":7292488572,"PER_SHARES":1000,"TOTAL_MARKET_CAP":24867386030.52,"HKSK_MARKET_CAP":24867386030.52,"PE_TTM":18.667743325257,"PB_TTM":1.336397098134,"REPORT_DATE_SQ":"2022-12-31 00:00:00","REPORT_TYPE_SQ":"2022年年报","OPERATE_INCOME_SQ":31553837653.8,"DPS_HKD":null,"OPERATE_INCOME_QOQ_SQ":5.436642976214,"NET_PROFIT_RATIO_SQ":3.7598085729,"HOLDER_PROFIT_SQ":1181328487.4,"HOLDER_PROFIT_QOQ_SQ":-14.942798954736,"ROE_AVG_SQ":7.15704515501,"PE_TTM_SQ":11.477639708124,"PB_TTM_SQ":0.376920270705,"ROA_SQ":3.550800007578,"START_DATE":"2023-01-01 00:00:00","FISCAL_YEAR":"12-31","CURRENCY":"HKD","IS_CNY_CODE":0,"DPS_HKD_LY":null,"ORG_TYPE":"一般企业","PREMIUM_INCOME":null,"PREMIUM_INCOME_YOY":null,"NET_INTEREST_INCOME":null,"NET_INTEREST_INCOME_YOY":null,"FEE_COMMISSION_INCOME":null,"FEE_COMMISSION_INCOME_YOY":null,"ACCOUNTS_RECE_TDAYS":5.494124872486,"INVENTORY_TDAYS":3.831757787122,"CURRENT_ASSETS_TDAYS":1.428032430977,"TOTAL_ASSETS_TDAYS":0.870363084681,"PREMIUM_EXPENSE":null,"LOAN_DEPOSIT":null,"LOAN_EQUITY":null,"LOAN_ASSETS":null,"DEPOSIT_EQUITY":null,"DEPOSIT_ASSETS":null,"EQUITY_MULTIPLIER":2.08984244545,"EQUITY_RATIO":1.09098518374},{"SECUCODE":"06088.HK","SECURITY_CODE":"06088","SECURITY_NAME_ABBR":"FIT HON TENG","ORG_CODE":"10673609","STD_REPORT_DATE":"2023-06-30 00:00:00","REPORT_DATE":"2023-06-30 00:00:00","DATE_TYPE_CODE":"002","REPORT_TYPE":"2023年中报","PER_NETCASH_OPERATE":0.200958944351,"PER_OI":1.768380824182,"BPS":2.249616768848,"BASIC_EPS":-0.00939354,"DILUTED_EPS":-0.00939354,"OPERATE_INCOME":12891405264,"OPERATE_INCOME_YOY":-15.097419439,"GROSS_PROFIT":2046014173.2,"GROSS_PROFIT_YOY":-13.106428132005,"HOLDER_PROFIT":-64685361.6,"HOLDER_PROFIT_YOY":-110.5172879683,"GROSS_PROFIT_RATIO":15.871149275817,"EPS_TTM":0.074813818865,"OPERATE_INCOME_QOQ":-3.83926058596,"NET_PROFIT_RATIO":-0.4864692166,"ROE_AVG":-0.387891308973,"GROSS_PROFIT_QOQ":-5.770869525786,"ROA":-0.195311647748,"HOLDER_PROFIT_QOQ":-53.832579353068,"ROE_YEARLY":-0.775782617946,"ROIC_YEARLY":-0.528598464159,"TOTAL_ASSETS":33381064389,"TOTAL_LIABILITIES":16962579951.6,"TAX_EBT":215.335548172757,"OCF_SALES":11.364008340433,"TOTAL_PARENT_EQUITY":16405304578.2,"DEBT_ASSET_RATIO":50.814976281,"OPERATE_PROFIT":340840986,"PRETAX_PROFIT":54374145,"NETCASH_OPERATE":1464980369.4,"NETCASH_INVEST":-360993742.2,"NETCASH_FINANCE":2538351282,"END_CASH":9997306170.6,"DIVI_RATIO":null,"DIVIDEND_RATE":null,"CURRENT_RATIO":1.287478561894,"COMMON_ACS":15360000000,"CURRENTDEBT_DEBT":96.793911144698,"ISSUED_COMMON_SHARES":7292488572,"HK_COMMON_SHARES":7292488572,"PER_SHARES":1000,"TOTAL_MARKET_CAP":24867386030.52,"HKSK_MARKET_CAP":24867386030.52,"PE_TTM":18.667743325257,"PB_TTM":1.336397098134,"REPORT_DATE_SQ":"2022-06-30 00:00:00","REPORT_TYPE_SQ":"2022年中报","OPERATE_INCOME_SQ":14102839316.4,"DPS_HKD":null,"OPERATE_INCOME_QOQ_SQ":4.535934700697,"NET_PROFIT_RATIO_SQ":4.0681931314,"HOLDER_PROFIT_SQ":571254233.8,"HOLDER_PROFIT_QOQ_SQ":58.283040399033,"ROE_AVG_SQ":3.570832253068,"PE_TTM_SQ":11.477639708124,"PB_TTM_SQ":0.376920270705,"ROA_SQ":1.730055137288,"START_DATE":"2023-01-01 00:00:00","FISCAL_YEAR":"12-31","CURRENCY":"HKD","IS_CNY_CODE":0,"DPS_HKD_LY":null,"ORG_TYPE":"一般企业","PREMIUM_INCOME":null,"PREMIUM_INCOME_YOY":null,"NET_INTEREST_INCOME":null,"NET_INTEREST_INCOME_YOY":null,"FEE_COMMISSION_INCOME":null,"FEE_COMMISSION_INCOME_YOY":null,"ACCOUNTS_RECE_TDAYS":2.673165483849,"INVENTORY_TDAYS":1.706732316369,"CURRENT_ASSETS_TDAYS":0.627153215906,"TOTAL_ASSETS_TDAYS":0.389244419698,"PREMIUM_EXPENSE":null,"LOAN_DEPOSIT":null,"LOAN_EQUITY":null,"LOAN_ASSETS":null,"DEPOSIT_EQUITY":null,"DEPOSIT_ASSETS":null,"EQUITY_MULTIPLIER":2.033139204554,"EQUITY_RATIO":1.033969218355},{"SECUCODE":"06088.HK","SECURITY_CODE":"06088","SECURITY_NAME_ABBR":"FIT HON TENG","ORG_CODE":"10673609","STD_REPORT_DATE":"2022-12-31 00:00:00","REPORT_DATE":"2022-12-31 00:00:00","DATE_TYPE_CODE":"001","REPORT_TYPE":"2022年年报","PER_NETCASH_OPERATE":0.532448128044,"PER_OI":4.335156942746,"BPS":2.239894317958,"BASIC_EPS":0.16854332,"DILUTED_EPS":0.1671504,"OPERATE_INCOME":31553837653.8,"OPERATE_INCOME_YOY":0.899466952,"GROSS_PROFIT":5347663641,"GROSS_PROFIT_YOY":24.628472817395,"HOLDER_PROFIT":1181328487.4,"HOLDER_PROFIT_YOY":23.2472297911,"GROSS_PROFIT_RATIO":16.947744042018,"EPS_TTM":0.162301791941,"OPERATE_INCOME_QOQ":5.436642976214,"NET_PROFIT_RATIO":3.7598085729,"ROE_AVG":7.15704515501,"GROSS_PROFIT_QOQ":8.788635418324,"ROA":3.550800007578,"HOLDER_PROFIT_QOQ":-14.942798954736,"ROE_YEARLY":7.15704515501,"ROIC_YEARLY":4.40345341611,"TOTAL_ASSETS":31669310721.8,"TOTAL_LIABILITIES":15323819362.4,"TAX_EBT":31.300412983158,"OCF_SALES":12.282095782835,"TOTAL_PARENT_EQUITY":16334403716.2,"DEBT_ASSET_RATIO":48.3869683714,"OPERATE_PROFIT":2140806606.4,"PRETAX_PROFIT":1726886499.2,"NETCASH_OPERATE":3875472563.8,"NETCASH_INVEST":-460805794.4,"NETCASH_FINANCE":-1882106539.4,"END_CASH":6365957807,"DIVI_RATIO":null,"DIVIDEND_RATE":null,"CURRENT_RATIO":1.795548799501,"COMMON_ACS":15360000000,"CURRENTDEBT_DEBT":69.963149541596,"ISSUED_COMMON_SHARES":7292488572,"HK_COMMON_SHARES":7292488572,"PER_SHARES":1000,"TOTAL_MARKET_CAP":24867386030.52,"HKSK_MARKET_CAP":24867386030.52,"PE_TTM":18.667743325257,"PB_TTM":1.336397098134,"REPORT_DATE_SQ":"2021-12-31 00:00:00","REPORT_TYPE_SQ":"2021年年报","OPERATE_INCOME_SQ":28628263775.5,"DPS_HKD":null,"OPERATE_INCOME_QOQ_SQ":4.525267142116,"NET_PROFIT_RATIO_SQ":3.0462461152,"HOLDER_PROFIT_SQ":877455712.5,"HOLDER_PROFIT_QOQ_SQ":386.827409618954,"ROE_AVG_SQ":6.006622669747,"PE_TTM_SQ":11.477639708124,"PB_TTM_SQ":0.376920270705,"ROA_SQ":2.853632448616,"START_DATE":"2022-01-01 00:00:00","FISCAL_YEAR":"12-31","CURRENCY":"HKD","IS_CNY_CODE":0,"DPS_HKD_LY":null,"ORG_TYPE":"一般企业","PREMIUM_INCOME":null,"PREMIUM_INCOME_YOY":null,"NET_INTEREST_INCOME":null,"NET_INTEREST_INCOME_YOY":null,"FEE_COMMISSION_INCOME":null,"FEE_COMMISSION_INCOME_YOY":null,"ACCOUNTS_RECE_TDAYS":5.169463377287,"INVENTORY_TDAYS":3.860841085247,"CURRENT_ASSETS_TDAYS":1.562848144494,"TOTAL_ASSETS_TDAYS":0.948435326628,"PREMIUM_EXPENSE":null,"LOAN_DEPOSIT":null,"LOAN_EQUITY":null,"LOAN_ASSETS":null,"DEPOSIT_EQUITY":null,"DEPOSIT_ASSETS":null,"EQUITY_MULTIPLIER":1.937495179891,"EQUITY_RATIO":0.938131543008},{"SECUCODE":"06088.HK","SECURITY_CODE":"06088","SECURITY_NAME_ABBR":"FIT HON TENG","ORG_CODE":"10673609","STD_REPORT_DATE":"2022-06-30 00:00:00","REPORT_DATE":"2022-06-30 00:00:00","DATE_TYPE_CODE":"002","REPORT_TYPE":"2022年中报","PER_NETCASH_OPERATE":0.190383674843,"PER_OI":1.943643344347,"BPS":2.183707538514,"BASIC_EPS":0.08255022,"DILUTED_EPS":0.08187908,"OPERATE_INCOME":14102839316.4,"OPERATE_INCOME_YOY":6.0174889105,"GROSS_PROFIT":2354620864.6,"GROSS_PROFIT_YOY":36.116288125579,"HOLDER_PROFIT":571254233.8,"HOLDER_PROFIT_YOY":818.7931778929,"GROSS_PROFIT_RATIO":16.69607666778,"EPS_TTM":0.191412196701,"OPERATE_INCOME_QOQ":4.535934700697,"NET_PROFIT_RATIO":4.0681931314,"ROE_AVG":3.570832253068,"GROSS_PROFIT_QOQ":14.560194948822,"ROA":1.730055137288,"HOLDER_PROFIT_QOQ":58.283040399033,"ROE_YEARLY":7.141664506136,"ROIC_YEARLY":4.250328292257,"TOTAL_ASSETS":32437122373.2,"TOTAL_LIABILITIES":16503486962.2,"TAX_EBT":20.538013217947,"OCF_SALES":9.795195985773,"TOTAL_PARENT_EQUITY":15924662269.2,"DEBT_ASSET_RATIO":50.8783941199,"OPERATE_PROFIT":804938470.4,"PRETAX_PROFIT":722019123.4,"NETCASH_OPERATE":1381400750.6,"NETCASH_INVEST":-330180745.8,"NETCASH_FINANCE":-170952780.8,"END_CASH":5730978553.8,"DIVI_RATIO":null,"DIVIDEND_RATE":null,"CURRENT_RATIO":1.648705726584,"COMMON_ACS":15360000000,"CURRENTDEBT_DEBT":73.038235103942,"ISSUED_COMMON_SHARES":7292488572,"HK_COMMON_SHARES":7292488572,"PER_SHARES":1000,"TOTAL_MARKET_CAP":24867386030.52,"HKSK_MARKET_CAP":24867386030.52,"PE_TTM":18.667743325257,"PB_TTM":1.336397098134,"REPORT_DATE_SQ":"2021-06-30 00:00:00","REPORT_TYPE_SQ":"2021年中报","OPERATE_INCOME_SQ":12804279965.6,"DPS_HKD":null,"OPERATE_INCOME_QOQ_SQ":-2.713364425409,"NET_PROFIT_RATIO_SQ":0.3975669709,"HOLDER_PROFIT_SQ":59846366.4,"HOLDER_PROFIT_QOQ_SQ":-35.017646717011,"ROE_AVG_SQ":0.421066697756,"PE_TTM_SQ":11.477639708124,"PB_TTM_SQ":0.376920270705,"ROA_SQ":0.203815647163,"START_DATE":"2022-01-01 00:00:00","FISCAL_YEAR":"12-31","CURRENCY":"HKD","IS_CNY_CODE":0,"DPS_HKD_LY":null,"ORG_TYPE":"一般企业","PREMIUM_INCOME":null,"PREMIUM_INCOME_YOY":null,"NET_INTEREST_INCOME":null,"NET_INTEREST_INCOME_YOY":null,"FEE_COMMISSION_INCOME":null,"FEE_COMMISSION_INCOME_YOY":null,"ACCOUNTS_RECE_TDAYS":2.218396319786,"INVENTORY_TDAYS":1.662785854294,"CURRENT_ASSETS_TDAYS":0.70102572075,"TOTAL_ASSETS_TDAYS":0.427107374722,"PREMIUM_EXPENSE":null,"LOAN_DEPOSIT":null,"LOAN_EQUITY":null,"LOAN_ASSETS":null,"DEPOSIT_EQUITY":null,"DEPOSIT_ASSETS":null,"EQUITY_MULTIPLIER":2.03576406366,"EQUITY_RATIO":1.036347690344},{"SECUCODE":"06088.HK","SECURITY_CODE":"06088","SECURITY_NAME_ABBR":"FIT HON TENG","ORG_CODE":"10673609","STD_REPORT_DATE":"2021-12-31 00:00:00","REPORT_DATE":"2021-12-31 00:00:00","DATE_TYPE_CODE":"001","REPORT_TYPE":"2021年年报","PER_NETCASH_OPERATE":0.075877308023,"PER_OI":4.013209416734,"BPS":2.093532241877,"BASIC_EPS":0.13006428,"DILUTED_EPS":0.12687643,"OPERATE_INCOME":28628263775.5,"OPERATE_INCOME_YOY":4.0687785205,"GROSS_PROFIT":4290884354.2,"GROSS_PROFIT_YOY":13.426808469209,"HOLDER_PROFIT":877455712.5,"HOLDER_PROFIT_YOY":223.7549695359,"GROSS_PROFIT_RATIO":14.988280071222,"EPS_TTM":0.123004788407,"OPERATE_INCOME_QOQ":4.525267142116,"NET_PROFIT_RATIO":3.0462461152,"ROE_AVG":6.006622669747,"GROSS_PROFIT_QOQ":17.124367342158,"ROA":2.853632448616,"HOLDER_PROFIT_QOQ":386.827409618954,"ROE_YEARLY":6.006622669747,"ROIC_YEARLY":3.491806148623,"TOTAL_ASSETS":31920987664.8,"TOTAL_LIABILITIES":16647469131.7,"TAX_EBT":18.254077345557,"OCF_SALES":1.890688975918,"TOTAL_PARENT_EQUITY":15267059949,"DEBT_ASSET_RATIO":52.1521116656,"OPERATE_PROFIT":1126382167.6,"PRETAX_PROFIT":1066826753.9,"NETCASH_OPERATE":541271427.2,"NETCASH_INVEST":-1401551003.9,"NETCASH_FINANCE":763470947.9,"END_CASH":4905763237.9,"DIVI_RATIO":null,"DIVIDEND_RATE":null,"CURRENT_RATIO":1.566136703048,"COMMON_ACS":15360000000,"CURRENTDEBT_DEBT":74.190613006644,"ISSUED_COMMON_SHARES":7292488572,"HK_COMMON_SHARES":7292488572,"PER_SHARES":1000,"TOTAL_MARKET_CAP":24867386030.52,"HKSK_MARKET_CAP":24867386030.52,"PE_TTM":18.667743325257,"PB_TTM":1.336397098134,"REPORT_DATE_SQ":"2020-12-31 00:00:00","REPORT_TYPE_SQ":"2020年年报","OPERATE_INCOME_SQ":28152731558.9,"DPS_HKD":null,"OPERATE_INCOME_QOQ_SQ":-8.840681698256,"NET_PROFIT_RATIO_SQ":0.986751914,"HOLDER_PROFIT_SQ":277366974.1,"HOLDER_PROFIT_QOQ_SQ":-74.766255393734,"ROE_AVG_SQ":1.998251782357,"PE_TTM_SQ":11.477639708124,"PB_TTM_SQ":0.376920270705,"ROA_SQ":0.939844346088,"START_DATE":"2021-01-01 00:00:00","FISCAL_YEAR":"12-31","CURRENCY":"HKD","IS_CNY_CODE":0,"DPS_HKD_LY":null,"ORG_TYPE":"一般企业","PREMIUM_INCOME":null,"PREMIUM_INCOME_YOY":null,"NET_INTEREST_INCOME":null,"NET_INTEREST_INCOME_YOY":null,"FEE_COMMISSION_INCOME":null,"FEE_COMMISSION_INCOME_YOY":null,"ACCOUNTS_RECE_TDAYS":4.715713338266,"INVENTORY_TDAYS":3.962779732068,"CURRENT_ASSETS_TDAYS":1.526765484579,"TOTAL_ASSETS_TDAYS":0.931038926449,"PREMIUM_EXPENSE":null,"LOAN_DEPOSIT":null,"LOAN_EQUITY":null,"LOAN_ASSETS":null,"DEPOSIT_EQUITY":null,"DEPOSIT_ASSETS":null,"EQUITY_MULTIPLIER":2.089956390575,"EQUITY_RATIO":1.090417486229},{"SECUCODE":"06088.HK","SECURITY_CODE":"06088","SECURITY_NAME_ABBR":"FIT HON TENG","ORG_CODE":"10673609","STD_REPORT_DATE":"2021-06-30 00:00:00","REPORT_DATE":"2021-06-30 00:00:00","DATE_TYPE_CODE":"002","REPORT_TYPE":"2021年中报","PER_NETCASH_OPERATE":0.001495827079,"PER_OI":1.857652278875,"BPS":1.959852573918,"BASIC_EPS":0.00904414,"DILUTED_EPS":0.00839813,"OPERATE_INCOME":12804279965.6,"OPERATE_INCOME_YOY":3.4182901192,"GROSS_PROFIT":1729859737.6,"GROSS_PROFIT_YOY":-6.457953499243,"HOLDER_PROFIT":59846366.4,"HOLDER_PROFIT_YOY":-58.2194560953,"GROSS_PROFIT_RATIO":13.510011826104,"EPS_TTM":0.026149262624,"OPERATE_INCOME_QOQ":-2.713364425409,"NET_PROFIT_RATIO":0.3975669709,"ROE_AVG":0.421066697756,"GROSS_PROFIT_QOQ":-3.156950988814,"ROA":0.203815647163,"HOLDER_PROFIT_QOQ":-35.017646717011,"ROE_YEARLY":0.842133395512,"ROIC_YEARLY":0.510679817701,"TOTAL_ASSETS":28757981423.1,"TOTAL_LIABILITIES":13996575401.9,"TAX_EBT":43.194925028835,"OCF_SALES":0.080522447398,"TOTAL_PARENT_EQUITY":14292202498.1,"DEBT_ASSET_RATIO":48.6702289565,"OPERATE_PROFIT":102902932.9,"PRETAX_PROFIT":89614507.2,"NETCASH_OPERATE":10310319.6,"NETCASH_INVEST":-420856134.7,"NETCASH_FINANCE":294793743.3,"END_CASH":4888564393.2,"DIVI_RATIO":null,"DIVIDEND_RATE":null,"CURRENT_RATIO":1.281995292381,"COMMON_ACS":15360000000,"CURRENTDEBT_DEBT":96.533031418999,"ISSUED_COMMON_SHARES":7292488572,"HK_COMMON_SHARES":7292488572,"PER_SHARES":1000,"TOTAL_MARKET_CAP":24867386030.52,"HKSK_MARKET_CAP":24867386030.52,"PE_TTM":18.667743325257,"PB_TTM":1.336397098134,"REPORT_DATE_SQ":"2020-06-30 00:00:00","REPORT_TYPE_SQ":"2020年中报","OPERATE_INCOME_SQ":13568166168.5,"DPS_HKD":null,"OPERATE_INCOME_QOQ_SQ":1.247066706696,"NET_PROFIT_RATIO_SQ":1.0511112978,"HOLDER_PROFIT_SQ":156973753.5,"HOLDER_PROFIT_QOQ_SQ":-33.069844196899,"ROE_AVG_SQ":1.074292253715,"PE_TTM_SQ":11.477639708124,"PB_TTM_SQ":0.376920270705,"ROA_SQ":0.513421896855,"START_DATE":"2021-01-01 00:00:00","FISCAL_YEAR":"12-31","CURRENCY":"HKD","IS_CNY_CODE":0,"DPS_HKD_LY":null,"ORG_TYPE":"一般企业","PREMIUM_INCOME":null,"PREMIUM_INCOME_YOY":null,"NET_INTEREST_INCOME":null,"NET_INTEREST_INCOME_YOY":null,"FEE_COMMISSION_INCOME":null,"FEE_COMMISSION_INCOME_YOY":null,"ACCOUNTS_RECE_TDAYS":2.366170684188,"INVENTORY_TDAYS":1.768557014784,"CURRENT_ASSETS_TDAYS":0.716914101143,"TOTAL_ASSETS_TDAYS":0.436068681297,"PREMIUM_EXPENSE":null,"LOAN_DEPOSIT":null,"LOAN_EQUITY":null,"LOAN_ASSETS":null,"DEPOSIT_EQUITY":null,"DEPOSIT_ASSETS":null,"EQUITY_MULTIPLIER":1.948187142998,"EQUITY_RATIO":0.979315497647},{"SECUCODE":"06088.HK","SECURITY_CODE":"06088","SECURITY_NAME_ABBR":"FIT HON TENG","ORG_CODE":"10673609","STD_REPORT_DATE":"2020-12-31 00:00:00","REPORT_DATE":"2020-12-31 00:00:00","DATE_TYPE_CODE":"001","REPORT_TYPE":"2020年年报","PER_NETCASH_OPERATE":0.108935221793,"PER_OI":4.084418584213,"BPS":1.95758222613,"BASIC_EPS":0.04175936,"DILUTED_EPS":0.04045438,"OPERATE_INCOME":28152731558.9,"OPERATE_INCOME_YOY":-1.3201271069,"GROSS_PROFIT":3782954322.8,"GROSS_PROFIT_YOY":-28.10006037389,"HOLDER_PROFIT":277366974.1,"HOLDER_PROFIT_YOY":-81.9428751051,"GROSS_PROFIT_RATIO":13.437254977853,"EPS_TTM":0.040240600501,"OPERATE_INCOME_QOQ":-8.840681698256,"NET_PROFIT_RATIO":0.986751914,"ROE_AVG":1.998251782357,"GROSS_PROFIT_QOQ":-16.368097226586,"ROA":0.939844346088,"HOLDER_PROFIT_QOQ":-74.766255393734,"ROE_YEARLY":1.998251782357,"ROIC_YEARLY":1.192255179462,"TOTAL_ASSETS":30268600031.3,"TOTAL_LIABILITIES":15976615668.9,"TAX_EBT":63.462462668635,"OCF_SALES":2.667092501589,"TOTAL_PARENT_EQUITY":14275646012.8,"DEBT_ASSET_RATIO":52.7828034742,"OPERATE_PROFIT":814026949.3,"PRETAX_PROFIT":760307447.6,"NETCASH_OPERATE":750859392.4,"NETCASH_INVEST":-2320241390.2,"NETCASH_FINANCE":464905649.9,"END_CASH":4998804188.8,"DIVI_RATIO":null,"DIVIDEND_RATE":null,"CURRENT_RATIO":1.591158359786,"COMMON_ACS":15360000000,"CURRENTDEBT_DEBT":73.102610063625,"ISSUED_COMMON_SHARES":7292488572,"HK_COMMON_SHARES":7292488572,"PER_SHARES":1000,"TOTAL_MARKET_CAP":24867386030.52,"HKSK_MARKET_CAP":24867386030.52,"PE_TTM":18.667743325257,"PB_TTM":1.336397098134,"REPORT_DATE_SQ":"2019-12-31 00:00:00","REPORT_TYPE_SQ":"2019年年报","OPERATE_INCOME_SQ":30502611308.4,"DPS_HKD":null,"OPERATE_INCOME_QOQ_SQ":4.093860201457,"NET_PROFIT_RATIO_SQ":5.3356499958,"HOLDER_PROFIT_SQ":1642295146.8,"HOLDER_PROFIT_QOQ_SQ":3.054940000731,"ROE_AVG_SQ":11.766802246756,"PE_TTM_SQ":11.477639708124,"PB_TTM_SQ":0.376920270705,"ROA_SQ":5.401402560328,"START_DATE":"2020-01-01 00:00:00","FISCAL_YEAR":"12-31","CURRENCY":"HKD","IS_CNY_CODE":0,"DPS_HKD_LY":null,"ORG_TYPE":"一般企业","PREMIUM_INCOME":null,"PREMIUM_INCOME_YOY":null,"NET_INTEREST_INCOME":null,"NET_INTEREST_INCOME_YOY":null,"FEE_COMMISSION_INCOME":null,"FEE_COMMISSION_INCOME_YOY":null,"ACCOUNTS_RECE_TDAYS":4.789392798252,"INVENTORY_TDAYS":4.536169282481,"CURRENT_ASSETS_TDAYS":1.543700901356,"TOTAL_ASSETS_TDAYS":0.953941458546,"PREMIUM_EXPENSE":null,"LOAN_DEPOSIT":null,"LOAN_EQUITY":null,"LOAN_ASSETS":null,"DEPOSIT_EQUITY":null,"DEPOSIT_ASSETS":null,"EQUITY_MULTIPLIER":2.117872456603,"EQUITY_RATIO":1.119151851662},{"SECUCODE":"06088.HK","SECURITY_CODE":"06088","SECURITY_NAME_ABBR":"FIT HON TENG","ORG_CODE":"10673609","STD_REPORT_DATE":"2020-06-30 00:00:00","REPORT_DATE":"2020-06-30 00:00:00","DATE_TYPE_CODE":"002","REPORT_TYPE":"2020年中报","PER_NETCASH_OPERATE":-0.03223244992,"PER_OI":1.971748364708,"BPS":2.00098000373,"BASIC_EPS":0.02336235,"DILUTED_EPS":0.0226544,"OPERATE_INCOME":13568166168.5,"OPERATE_INCOME_YOY":-0.0919040028,"GROSS_PROFIT":1849285751.5,"GROSS_PROFIT_YOY":-28.526209871517,"HOLDER_PROFIT":156973753.5,"HOLDER_PROFIT_YOY":-78.2263291239,"GROSS_PROFIT_RATIO":13.629592448487,"EPS_TTM":0.159736211902,"OPERATE_INCOME_QOQ":1.247066706696,"NET_PROFIT_RATIO":1.0511112978,"ROE_AVG":1.074292253715,"GROSS_PROFIT_QOQ":-14.028095449519,"ROA":0.513421896855,"HOLDER_PROFIT_QOQ":-33.069844196899,"ROE_YEARLY":2.14858450743,"ROIC_YEARLY":1.309971302099,"TOTAL_ASSETS":29948493804,"TOTAL_LIABILITIES":15293617306,"TAX_EBT":21.348533947605,"OCF_SALES":-1.634714170253,"TOTAL_PARENT_EQUITY":14592123810,"DEBT_ASSET_RATIO":51.066398885,"OPERATE_PROFIT":225928083.5,"PRETAX_PROFIT":181327233.5,"NETCASH_OPERATE":-221800735,"NETCASH_INVEST":-768217783.5,"NETCASH_FINANCE":24296844,"END_CASH":5264103815,"DIVI_RATIO":null,"DIVIDEND_RATE":null,"CURRENT_RATIO":1.683304987515,"COMMON_ACS":15360000000,"CURRENTDEBT_DEBT":69.759076188695,"ISSUED_COMMON_SHARES":7292488572,"HK_COMMON_SHARES":7292488572,"PER_SHARES":1000,"TOTAL_MARKET_CAP":24867386030.52,"HKSK_MARKET_CAP":24867386030.52,"PE_TTM":18.667743325257,"PB_TTM":1.336397098134,"REPORT_DATE_SQ":"2019-06-30 00:00:00","REPORT_TYPE_SQ":"2019年中报","OPERATE_INCOME_SQ":13187778258.2,"DPS_HKD":null,"OPERATE_INCOME_QOQ_SQ":6.589365875042,"NET_PROFIT_RATIO_SQ":5.25166475,"HOLDER_PROFIT_SQ":700078199.8,"HOLDER_PROFIT_QOQ_SQ":-0.747805978764,"ROE_AVG_SQ":5.238963329983,"PE_TTM_SQ":11.477639708124,"PB_TTM_SQ":0.376920270705,"ROA_SQ":2.37553511883,"START_DATE":"2020-01-01 00:00:00","FISCAL_YEAR":"12-31","CURRENCY":"HKD","IS_CNY_CODE":0,"DPS_HKD_LY":null,"ORG_TYPE":"一般企业","PREMIUM_INCOME":null,"PREMIUM_INCOME_YOY":null,"NET_INTEREST_INCOME":null,"NET_INTEREST_INCOME_YOY":null,"FEE_COMMISSION_INCOME":null,"FEE_COMMISSION_INCOME_YOY":null,"ACCOUNTS_RECE_TDAYS":2.128695144152,"INVENTORY_TDAYS":2.186775979529,"CURRENT_ASSETS_TDAYS":0.726152910012,"TOTAL_ASSETS_TDAYS":0.443780788555,"PREMIUM_EXPENSE":null,"LOAN_DEPOSIT":null,"LOAN_EQUITY":null,"LOAN_ASSETS":null,"DEPOSIT_EQUITY":null,"DEPOSIT_ASSETS":null,"EQUITY_MULTIPLIER":2.043585546974,"EQUITY_RATIO":1.048073433664}],"count":20},"success":true,"message":"ok","code":0}