{"version":"3061a3398e051f748f4189d557f68e81","result":{"pages":4,"data":[{"SECUCODE":"06083.HK","SECURITY_CODE":"06083","SECURITY_NAME_ABBR":"环宇物流(亚洲)","ORG_CODE":"10485122","STD_REPORT_DATE":"2024-06-30 00:00:00","REPORT_DATE":"2024-06-30 00:00:00","DATE_TYPE_CODE":"002","REPORT_TYPE":"2024年中报","PER_NETCASH_OPERATE":0.130664979016,"PER_OI":0.272596532071,"BPS":0.198544496279,"BASIC_EPS":0.013142592,"DILUTED_EPS":0.013142592,"OPERATE_INCOME":136800692.52,"OPERATE_INCOME_YOY":-3.1468282943,"GROSS_PROFIT":136800692.52,"GROSS_PROFIT_YOY":-4.123784949409,"HOLDER_PROFIT":6599589.08,"HOLDER_PROFIT_YOY":-19.9313475806,"GROSS_PROFIT_RATIO":null,"EPS_TTM":0.032719873486,"OPERATE_INCOME_QOQ":-1.960397808782,"NET_PROFIT_RATIO":4.7028134153,"ROE_AVG":6.539512001013,"GROSS_PROFIT_QOQ":-1.960397808782,"ROA":2.49110749382,"HOLDER_PROFIT_QOQ":-9.51566109444,"ROE_YEARLY":13.079024002026,"ROIC_YEARLY":6.114933002964,"TOTAL_ASSETS":259025885.44,"TOTAL_LIABILITIES":158372797,"TAX_EBT":16.163177925785,"OCF_SALES":47.933470768369,"TOTAL_PARENT_EQUITY":99638188.28,"DEBT_ASSET_RATIO":61.1416873379,"OPERATE_PROFIT":7864563.56,"PRETAX_PROFIT":7673813.44,"NETCASH_OPERATE":65573319.96,"NETCASH_INVEST":-60236.88,"NETCASH_FINANCE":-38867390.48,"END_CASH":61299239.52,"DIVI_RATIO":0.832863856014,"DIVIDEND_RATE":10.714285714286,"CURRENT_RATIO":1.446235189688,"COMMON_ACS":10000000000,"CURRENTDEBT_DEBT":74.66071171301,"ISSUED_COMMON_SHARES":501843114,"HK_COMMON_SHARES":501843114,"PER_SHARES":4000,"TOTAL_MARKET_CAP":140516071.92,"HKSK_MARKET_CAP":140516071.92,"PE_TTM":7.710072533333,"PB_TTM":1.28711903271,"REPORT_DATE_SQ":"2023-06-30 00:00:00","REPORT_TYPE_SQ":"2023年中报","OPERATE_INCOME_SQ":142684702.82,"DPS_HKD":0.03,"OPERATE_INCOME_QOQ_SQ":-2.452809380028,"NET_PROFIT_RATIO_SQ":5.8419865727,"HOLDER_PROFIT_SQ":8326401.38,"HOLDER_PROFIT_QOQ_SQ":-2.81183648942,"ROE_AVG_SQ":8.284295064373,"PE_TTM_SQ":6.672401797278,"PB_TTM_SQ":1.152675140245,"ROA_SQ":4.44276089721,"START_DATE":"2024-01-01 00:00:00","FISCAL_YEAR":"12-31","CURRENCY":"HKD","IS_CNY_CODE":0,"DPS_HKD_LY":0.03,"ORG_TYPE":"一般企业","PREMIUM_INCOME":null,"PREMIUM_INCOME_YOY":null,"NET_INTEREST_INCOME":null,"NET_INTEREST_INCOME_YOY":null,"FEE_COMMISSION_INCOME":null,"FEE_COMMISSION_INCOME_YOY":null,"ACCOUNTS_RECE_TDAYS":1.6425381762,"INVENTORY_TDAYS":null,"CURRENT_ASSETS_TDAYS":0.664553300066,"TOTAL_ASSETS_TDAYS":0.516373407746,"PREMIUM_EXPENSE":null,"LOAN_DEPOSIT":null,"LOAN_EQUITY":null,"LOAN_ASSETS":null,"DEPOSIT_EQUITY":null,"DEPOSIT_ASSETS":null,"EQUITY_MULTIPLIER":2.573451937287,"EQUITY_RATIO":1.589478890914},{"SECUCODE":"06083.HK","SECURITY_CODE":"06083","SECURITY_NAME_ABBR":"环宇物流(亚洲)","ORG_CODE":"10485122","STD_REPORT_DATE":"2023-12-31 00:00:00","REPORT_DATE":"2023-12-31 00:00:00","DATE_TYPE_CODE":"001","REPORT_TYPE":"2023年年报","PER_NETCASH_OPERATE":0.092748650607,"PER_OI":0.598082708533,"BPS":0.202206215666,"BASIC_EPS":0.036158178,"DILUTED_EPS":0.036158178,"OPERATE_INCOME":300143688.88,"OPERATE_INCOME_YOY":1.0859281053,"GROSS_PROFIT":300143688.88,"GROSS_PROFIT_YOY":2.551400772012,"HOLDER_PROFIT":18147055.5,"HOLDER_PROFIT_YOY":-2.2503172899,"GROSS_PROFIT_RATIO":null,"EPS_TTM":0.036160813995,"OPERATE_INCOME_QOQ":5.130040260755,"NET_PROFIT_RATIO":6.0521612058,"ROE_AVG":18.289007416067,"GROSS_PROFIT_QOQ":5.130040260755,"ROA":7.833526319084,"HOLDER_PROFIT_QOQ":2.035870682444,"ROE_YEARLY":18.289007416067,"ROIC_YEARLY":9.636716249838,"TOTAL_ASSETS":268909004.14,"TOTAL_LIABILITIES":166260558.52,"TAX_EBT":16.412993619949,"OCF_SALES":15.507662950931,"TOTAL_PARENT_EQUITY":101475796.94,"DEBT_ASSET_RATIO":61.8278138554,"OPERATE_PROFIT":22789620.56,"PRETAX_PROFIT":21732061.82,"NETCASH_OPERATE":46545271.64,"NETCASH_INVEST":-2271893.54,"NETCASH_FINANCE":-58936017.7,"END_CASH":34408267.18,"DIVI_RATIO":0.753611354097,"DIVIDEND_RATE":10.714285714286,"CURRENT_RATIO":1.463378093441,"COMMON_ACS":10000000000,"CURRENTDEBT_DEBT":98.230734850054,"ISSUED_COMMON_SHARES":501843114,"HK_COMMON_SHARES":501843114,"PER_SHARES":4000,"TOTAL_MARKET_CAP":140516071.92,"HKSK_MARKET_CAP":140516071.92,"PE_TTM":7.710072533333,"PB_TTM":1.28711903271,"REPORT_DATE_SQ":"2022-12-31 00:00:00","REPORT_TYPE_SQ":"2022年年报","OPERATE_INCOME_SQ":292676342.42,"DPS_HKD":0.03,"OPERATE_INCOME_QOQ_SQ":-2.427949046397,"NET_PROFIT_RATIO_SQ":6.5445633397,"HOLDER_PROFIT_SQ":18299529.22,"HOLDER_PROFIT_QOQ_SQ":24.718347681953,"ROE_AVG_SQ":18.320597033612,"PE_TTM_SQ":6.672401797278,"PB_TTM_SQ":1.152675140245,"ROA_SQ":8.962877080918,"START_DATE":"2023-01-01 00:00:00","FISCAL_YEAR":"12-31","CURRENCY":"HKD","IS_CNY_CODE":0,"DPS_HKD_LY":0.03,"ORG_TYPE":"一般企业","PREMIUM_INCOME":null,"PREMIUM_INCOME_YOY":null,"NET_INTEREST_INCOME":null,"NET_INTEREST_INCOME_YOY":null,"FEE_COMMISSION_INCOME":null,"FEE_COMMISSION_INCOME_YOY":null,"ACCOUNTS_RECE_TDAYS":3.819828963227,"INVENTORY_TDAYS":null,"CURRENT_ASSETS_TDAYS":1.653634632043,"TOTAL_ASSETS_TDAYS":1.29562809038,"PREMIUM_EXPENSE":null,"LOAN_DEPOSIT":null,"LOAN_EQUITY":null,"LOAN_ASSETS":null,"DEPOSIT_EQUITY":null,"DEPOSIT_ASSETS":null,"EQUITY_MULTIPLIER":2.619708486729,"EQUITY_RATIO":1.638425748145},{"SECUCODE":"06083.HK","SECURITY_CODE":"06083","SECURITY_NAME_ABBR":"环宇物流(亚洲)","ORG_CODE":"10485122","STD_REPORT_DATE":"2023-06-30 00:00:00","REPORT_DATE":"2023-06-30 00:00:00","DATE_TYPE_CODE":"002","REPORT_TYPE":"2023年中报","PER_NETCASH_OPERATE":0.047166120008,"PER_OI":0.284321332384,"BPS":0.203964579257,"BASIC_EPS":0.01659564,"DILUTED_EPS":0.01659564,"OPERATE_INCOME":142684702.82,"OPERATE_INCOME_YOY":-11.687400137,"GROSS_PROFIT":142684702.82,"GROSS_PROFIT_YOY":-4.790221095043,"HOLDER_PROFIT":8326401.38,"HOLDER_PROFIT_YOY":-12.6426775005,"GROSS_PROFIT_RATIO":null,"EPS_TTM":0.035439315363,"OPERATE_INCOME_QOQ":-2.452809380028,"NET_PROFIT_RATIO":5.8419865727,"ROE_AVG":8.284295064373,"GROSS_PROFIT_QOQ":-2.452809380028,"ROA":4.44276089721,"HOLDER_PROFIT_QOQ":-2.81183648942,"ROE_YEARLY":16.568590128746,"ROIC_YEARLY":11.830048664191,"TOTAL_ASSETS":177040443.56,"TOTAL_LIABILITIES":72594861.24,"TAX_EBT":13.640271277104,"OCF_SALES":16.589019055435,"TOTAL_PARENT_EQUITY":102358219.6,"DEBT_ASSET_RATIO":41.0046765475,"OPERATE_PROFIT":10313268.28,"PRETAX_PROFIT":9652208.62,"NETCASH_OPERATE":23669992.54,"NETCASH_INVEST":-649073.92,"NETCASH_FINANCE":-33738936.12,"END_CASH":39206277.52,"DIVI_RATIO":0.768953906715,"DIVIDEND_RATE":10.714285714286,"CURRENT_RATIO":1.787313037021,"COMMON_ACS":10000000000,"CURRENTDEBT_DEBT":95.780944397877,"ISSUED_COMMON_SHARES":501843114,"HK_COMMON_SHARES":501843114,"PER_SHARES":4000,"TOTAL_MARKET_CAP":140516071.92,"HKSK_MARKET_CAP":140516071.92,"PE_TTM":7.710072533333,"PB_TTM":1.28711903271,"REPORT_DATE_SQ":"2022-06-30 00:00:00","REPORT_TYPE_SQ":"2022年中报","OPERATE_INCOME_SQ":149863495.6,"DPS_HKD":0.03,"OPERATE_INCOME_QOQ_SQ":9.023657252532,"NET_PROFIT_RATIO_SQ":6.3706313781,"HOLDER_PROFIT_SQ":8840954.22,"HOLDER_PROFIT_QOQ_SQ":17.678965544897,"ROE_AVG_SQ":8.852353734506,"PE_TTM_SQ":6.672401797278,"PB_TTM_SQ":1.152675140245,"ROA_SQ":4.327614391055,"START_DATE":"2023-01-01 00:00:00","FISCAL_YEAR":"12-31","CURRENCY":"HKD","IS_CNY_CODE":0,"DPS_HKD_LY":0.03,"ORG_TYPE":"一般企业","PREMIUM_INCOME":null,"PREMIUM_INCOME_YOY":null,"NET_INTEREST_INCOME":null,"NET_INTEREST_INCOME_YOY":null,"FEE_COMMISSION_INCOME":null,"FEE_COMMISSION_INCOME_YOY":null,"ACCOUNTS_RECE_TDAYS":2.292352357394,"INVENTORY_TDAYS":null,"CURRENT_ASSETS_TDAYS":1.1394461031,"TOTAL_ASSETS_TDAYS":0.761330122568,"PREMIUM_EXPENSE":null,"LOAN_DEPOSIT":null,"LOAN_EQUITY":null,"LOAN_ASSETS":null,"DEPOSIT_EQUITY":null,"DEPOSIT_ASSETS":null,"EQUITY_MULTIPLIER":1.695049609831,"EQUITY_RATIO":0.709223563322},{"SECUCODE":"06083.HK","SECURITY_CODE":"06083","SECURITY_NAME_ABBR":"环宇物流(亚洲)","ORG_CODE":"10485122","STD_REPORT_DATE":"2022-12-31 00:00:00","REPORT_DATE":"2022-12-31 00:00:00","DATE_TYPE_CODE":"001","REPORT_TYPE":"2022年年报","PER_NETCASH_OPERATE":0.144292184669,"PER_OI":0.583202866105,"BPS":0.190470169309,"BASIC_EPS":0.036445416,"DILUTED_EPS":0.036445416,"OPERATE_INCOME":292676342.42,"OPERATE_INCOME_YOY":-2.6346757322,"GROSS_PROFIT":292676342.42,"GROSS_PROFIT_YOY":6.376618405922,"HOLDER_PROFIT":18299529.22,"HOLDER_PROFIT_YOY":34.3344262295,"GROSS_PROFIT_RATIO":null,"EPS_TTM":0.036464641458,"OPERATE_INCOME_QOQ":-2.427949046397,"NET_PROFIT_RATIO":6.5445633397,"ROE_AVG":18.320597033612,"GROSS_PROFIT_QOQ":-2.427949046397,"ROA":8.962877080918,"HOLDER_PROFIT_QOQ":24.718347681953,"ROE_YEARLY":18.320597033612,"ROIC_YEARLY":11.376939566603,"TOTAL_ASSETS":191630533.29,"TOTAL_LIABILITIES":94030959.82,"TAX_EBT":13.66857234882,"OCF_SALES":24.741336686546,"TOTAL_PARENT_EQUITY":95586142.89,"DEBT_ASSET_RATIO":49.0688817725,"OPERATE_PROFIT":23936062.92,"PRETAX_PROFIT":22187040.26,"NETCASH_OPERATE":72412039.28,"NETCASH_INVEST":-1270229.94,"NETCASH_FINANCE":-57875856.57,"END_CASH":48369677.23,"DIVI_RATIO":0.747332180179,"DIVIDEND_RATE":10.714285714286,"CURRENT_RATIO":1.653340582337,"COMMON_ACS":10000000000,"CURRENTDEBT_DEBT":78.629377006821,"ISSUED_COMMON_SHARES":501843114,"HK_COMMON_SHARES":501843114,"PER_SHARES":4000,"TOTAL_MARKET_CAP":140516071.92,"HKSK_MARKET_CAP":140516071.92,"PE_TTM":7.710072533333,"PB_TTM":1.28711903271,"REPORT_DATE_SQ":"2021-12-31 00:00:00","REPORT_TYPE_SQ":"2021年年报","OPERATE_INCOME_SQ":275132211.2,"DPS_HKD":0.03,"OPERATE_INCOME_QOQ_SQ":27.429121153082,"NET_PROFIT_RATIO_SQ":4.7490134081,"HOLDER_PROFIT_SQ":12468400,"HOLDER_PROFIT_QOQ_SQ":-16.585899592266,"ROE_AVG_SQ":13.19403888997,"PE_TTM_SQ":6.672401797278,"PB_TTM_SQ":1.152675140245,"ROA_SQ":7.205325798846,"START_DATE":"2022-01-01 00:00:00","FISCAL_YEAR":"12-31","CURRENCY":"HKD","IS_CNY_CODE":0,"DPS_HKD_LY":0.03,"ORG_TYPE":"一般企业","PREMIUM_INCOME":null,"PREMIUM_INCOME_YOY":null,"NET_INTEREST_INCOME":null,"NET_INTEREST_INCOME_YOY":null,"FEE_COMMISSION_INCOME":null,"FEE_COMMISSION_INCOME_YOY":null,"ACCOUNTS_RECE_TDAYS":4.560170912811,"INVENTORY_TDAYS":null,"CURRENT_ASSETS_TDAYS":2.433677486444,"TOTAL_ASSETS_TDAYS":1.43349156695,"PREMIUM_EXPENSE":null,"LOAN_DEPOSIT":null,"LOAN_EQUITY":null,"LOAN_ASSETS":null,"DEPOSIT_EQUITY":null,"DEPOSIT_ASSETS":null,"EQUITY_MULTIPLIER":1.963436175764,"EQUITY_RATIO":0.983730036353},{"SECUCODE":"06083.HK","SECURITY_CODE":"06083","SECURITY_NAME_ABBR":"环宇物流(亚洲)","ORG_CODE":"10485122","STD_REPORT_DATE":"2022-06-30 00:00:00","REPORT_DATE":"2022-06-30 00:00:00","DATE_TYPE_CODE":"002","REPORT_TYPE":"2022年中报","PER_NETCASH_OPERATE":0.06852008875,"PER_OI":0.298626186988,"BPS":0.199265327112,"BASIC_EPS":0.017616914,"DILUTED_EPS":0.017616914,"OPERATE_INCOME":149863495.6,"OPERATE_INCOME_YOY":16.3024692974,"GROSS_PROFIT":149863495.6,"GROSS_PROFIT_YOY":17.905074603908,"HOLDER_PROFIT":8840954.22,"HOLDER_PROFIT_YOY":29.6138415246,"GROSS_PROFIT_RATIO":null,"EPS_TTM":0.02923759185,"OPERATE_INCOME_QOQ":9.023657252532,"NET_PROFIT_RATIO":6.3706313781,"ROE_AVG":8.852353734506,"GROSS_PROFIT_QOQ":9.023657252532,"ROA":4.327614391055,"HOLDER_PROFIT_QOQ":17.678965544897,"ROE_YEARLY":17.704707469013,"ROIC_YEARLY":10.781693647843,"TOTAL_ASSETS":201111611.54,"TOTAL_LIABILITIES":99164411.64,"TAX_EBT":16.31174208814,"OCF_SALES":22.632683961972,"TOTAL_PARENT_EQUITY":99999932.27,"DEBT_ASSET_RATIO":49.3081482867,"OPERATE_PROFIT":12614052.5,"PRETAX_PROFIT":11565589.56,"NETCASH_OPERATE":34386334.71,"NETCASH_INVEST":-590081.1,"NETCASH_FINANCE":-23482662.21,"END_CASH":43920848.02,"DIVI_RATIO":0.932060346815,"DIVIDEND_RATE":10.714285714286,"CURRENT_RATIO":1.832598589291,"COMMON_ACS":10000000000,"CURRENTDEBT_DEBT":64.555521059712,"ISSUED_COMMON_SHARES":501843114,"HK_COMMON_SHARES":501843114,"PER_SHARES":4000,"TOTAL_MARKET_CAP":140516071.92,"HKSK_MARKET_CAP":140516071.92,"PE_TTM":7.710072533333,"PB_TTM":1.28711903271,"REPORT_DATE_SQ":"2021-06-30 00:00:00","REPORT_TYPE_SQ":"2021年中报","OPERATE_INCOME_SQ":127105212.48,"DPS_HKD":0.03,"OPERATE_INCOME_QOQ_SQ":20.857645983844,"NET_PROFIT_RATIO_SQ":5.4896837493,"HOLDER_PROFIT_SQ":6636670.08,"HOLDER_PROFIT_QOQ_SQ":-13.693853637204,"ROE_AVG_SQ":6.819221381029,"PE_TTM_SQ":6.672401797278,"PB_TTM_SQ":1.152675140245,"ROA_SQ":3.62355218056,"START_DATE":"2022-01-01 00:00:00","FISCAL_YEAR":"12-31","CURRENCY":"HKD","IS_CNY_CODE":0,"DPS_HKD_LY":0.03,"ORG_TYPE":"一般企业","PREMIUM_INCOME":null,"PREMIUM_INCOME_YOY":null,"NET_INTEREST_INCOME":null,"NET_INTEREST_INCOME_YOY":null,"FEE_COMMISSION_INCOME":null,"FEE_COMMISSION_INCOME_YOY":null,"ACCOUNTS_RECE_TDAYS":2.436460708526,"INVENTORY_TDAYS":null,"CURRENT_ASSETS_TDAYS":1.317974435633,"TOTAL_ASSETS_TDAYS":0.743702500581,"PREMIUM_EXPENSE":null,"LOAN_DEPOSIT":null,"LOAN_EQUITY":null,"LOAN_ASSETS":null,"DEPOSIT_EQUITY":null,"DEPOSIT_ASSETS":null,"EQUITY_MULTIPLIER":1.972703632244,"EQUITY_RATIO":0.991644788041},{"SECUCODE":"06083.HK","SECURITY_CODE":"06083","SECURITY_NAME_ABBR":"环宇物流(亚洲)","ORG_CODE":"10485122","STD_REPORT_DATE":"2021-12-31 00:00:00","REPORT_DATE":"2021-12-31 00:00:00","DATE_TYPE_CODE":"001","REPORT_TYPE":"2021年年报","PER_NETCASH_OPERATE":0.076163209843,"PER_OI":0.548243471963,"BPS":0.190016203351,"BASIC_EPS":0.02485504,"DILUTED_EPS":0.02485504,"OPERATE_INCOME":275132211.2,"OPERATE_INCOME_YOY":58.5361487219,"GROSS_PROFIT":275132211.2,"GROSS_PROFIT_YOY":54.007836123515,"HOLDER_PROFIT":12468400,"HOLDER_PROFIT_YOY":-25.891729031,"GROSS_PROFIT_RATIO":null,"EPS_TTM":0.024845214873,"OPERATE_INCOME_QOQ":27.429121153082,"NET_PROFIT_RATIO":4.7490134081,"ROE_AVG":13.19403888997,"GROSS_PROFIT_QOQ":27.429121153082,"ROA":7.205325798846,"HOLDER_PROFIT_QOQ":-16.585899592266,"ROE_YEARLY":13.19403888997,"ROIC_YEARLY":9.526457001321,"TOTAL_ASSETS":198352212.8,"TOTAL_LIABILITIES":101933462.4,"TAX_EBT":11.901874310915,"OCF_SALES":13.892223754279,"TOTAL_PARENT_EQUITY":95358323.2,"DEBT_ASSET_RATIO":51.390131202,"OPERATE_PROFIT":16198291.2,"PRETAX_PROFIT":14831264,"NETCASH_OPERATE":38221982.4,"NETCASH_INVEST":-5082201.6,"NETCASH_FINANCE":-51681313.6,"END_CASH":32130044.8,"DIVI_RATIO":1.096838974386,"DIVIDEND_RATE":10.714285714286,"CURRENT_RATIO":1.99285112275,"COMMON_ACS":10000000000,"CURRENTDEBT_DEBT":53.294191250782,"ISSUED_COMMON_SHARES":501843114,"HK_COMMON_SHARES":501843114,"PER_SHARES":4000,"TOTAL_MARKET_CAP":140516071.92,"HKSK_MARKET_CAP":140516071.92,"PE_TTM":7.710072533333,"PB_TTM":1.28711903271,"REPORT_DATE_SQ":"2020-12-31 00:00:00","REPORT_TYPE_SQ":"2020年年报","OPERATE_INCOME_SQ":178648189.68,"DPS_HKD":0.03,"OPERATE_INCOME_QOQ_SQ":-8.366287601166,"NET_PROFIT_RATIO_SQ":9.8533887366,"HOLDER_PROFIT_SQ":17319267.92,"HOLDER_PROFIT_QOQ_SQ":-21.287520741274,"ROE_AVG_SQ":18.400897779248,"PE_TTM_SQ":6.672401797278,"PB_TTM_SQ":1.152675140245,"ROA_SQ":10.663225913432,"START_DATE":"2021-01-01 00:00:00","FISCAL_YEAR":"12-31","CURRENCY":"HKD","IS_CNY_CODE":0,"DPS_HKD_LY":0.02,"ORG_TYPE":"一般企业","PREMIUM_INCOME":null,"PREMIUM_INCOME_YOY":null,"NET_INTEREST_INCOME":null,"NET_INTEREST_INCOME_YOY":null,"FEE_COMMISSION_INCOME":null,"FEE_COMMISSION_INCOME_YOY":null,"ACCOUNTS_RECE_TDAYS":5.021293104735,"INVENTORY_TDAYS":null,"CURRENT_ASSETS_TDAYS":2.460836435169,"TOTAL_ASSETS_TDAYS":1.589953177194,"PREMIUM_EXPENSE":null,"LOAN_DEPOSIT":null,"LOAN_EQUITY":null,"LOAN_ASSETS":null,"DEPOSIT_EQUITY":null,"DEPOSIT_ASSETS":null,"EQUITY_MULTIPLIER":2.057195431149,"EQUITY_RATIO":1.068951917141},{"SECUCODE":"06083.HK","SECURITY_CODE":"06083","SECURITY_NAME_ABBR":"环宇物流(亚洲)","ORG_CODE":"10485122","STD_REPORT_DATE":"2021-06-30 00:00:00","REPORT_DATE":"2021-06-30 00:00:00","DATE_TYPE_CODE":"002","REPORT_TYPE":"2021年中报","PER_NETCASH_OPERATE":0.032164474254,"PER_OI":0.253276788969,"BPS":0.197960989697,"BASIC_EPS":0.013230072,"DILUTED_EPS":0.013230072,"OPERATE_INCOME":127105212.48,"OPERATE_INCOME_YOY":55.8186397985,"GROSS_PROFIT":127105212.48,"GROSS_PROFIT_YOY":43.062807728311,"HOLDER_PROFIT":6636670.08,"HOLDER_PROFIT_YOY":-19.1239099574,"GROSS_PROFIT_RATIO":null,"EPS_TTM":0.029785389702,"OPERATE_INCOME_QOQ":20.857645983844,"NET_PROFIT_RATIO":5.4896837493,"ROE_AVG":6.819221381029,"GROSS_PROFIT_QOQ":20.857645983844,"ROA":3.62355218056,"HOLDER_PROFIT_QOQ":-13.693853637204,"ROE_YEARLY":13.638442762058,"ROIC_YEARLY":9.703930359457,"TOTAL_ASSETS":215954714.88,"TOTAL_LIABILITIES":115852162.56,"TAX_EBT":10.005408328826,"OCF_SALES":12.799804693944,"TOTAL_PARENT_EQUITY":99345359.52,"DEBT_ASSET_RATIO":53.6465076136,"OPERATE_PROFIT":7958013.12,"PRETAX_PROFIT":7692579.6,"NETCASH_OPERATE":16141519.92,"NETCASH_INVEST":-405222.96,"NETCASH_FINANCE":-27361286.64,"END_CASH":39944000.4,"DIVI_RATIO":0.914918363406,"DIVIDEND_RATE":10.714285714286,"CURRENT_RATIO":2.002757876435,"COMMON_ACS":10000000000,"CURRENTDEBT_DEBT":47.918581935187,"ISSUED_COMMON_SHARES":501843114,"HK_COMMON_SHARES":501843114,"PER_SHARES":4000,"TOTAL_MARKET_CAP":140516071.92,"HKSK_MARKET_CAP":140516071.92,"PE_TTM":7.710072533333,"PB_TTM":1.28711903271,"REPORT_DATE_SQ":"2020-06-30 00:00:00","REPORT_TYPE_SQ":"2020年中报","OPERATE_INCOME_SQ":88845741.6,"DPS_HKD":0.03,"OPERATE_INCOME_QOQ_SQ":10.392250278304,"NET_PROFIT_RATIO_SQ":10.1393101321,"HOLDER_PROFIT_SQ":9008345.28,"HOLDER_PROFIT_QOQ_SQ":9.096954111089,"ROE_AVG_SQ":8.754277496926,"PE_TTM_SQ":6.672401797278,"PB_TTM_SQ":1.152675140245,"ROA_SQ":4.979940363926,"START_DATE":"2021-01-01 00:00:00","FISCAL_YEAR":"12-31","CURRENCY":"HKD","IS_CNY_CODE":0,"DPS_HKD_LY":0.02,"ORG_TYPE":"一般企业","PREMIUM_INCOME":null,"PREMIUM_INCOME_YOY":null,"NET_INTEREST_INCOME":null,"NET_INTEREST_INCOME_YOY":null,"FEE_COMMISSION_INCOME":null,"FEE_COMMISSION_INCOME_YOY":null,"ACCOUNTS_RECE_TDAYS":2.481900305453,"INVENTORY_TDAYS":null,"CURRENT_ASSETS_TDAYS":1.103432459292,"TOTAL_ASSETS_TDAYS":0.688533974209,"PREMIUM_EXPENSE":null,"LOAN_DEPOSIT":null,"LOAN_EQUITY":null,"LOAN_ASSETS":null,"DEPOSIT_EQUITY":null,"DEPOSIT_ASSETS":null,"EQUITY_MULTIPLIER":2.157334751962,"EQUITY_RATIO":1.16615575322},{"SECUCODE":"06083.HK","SECURITY_CODE":"06083","SECURITY_NAME_ABBR":"环宇物流(亚洲)","ORG_CODE":"10485122","STD_REPORT_DATE":"2020-12-31 00:00:00","REPORT_DATE":"2020-12-31 00:00:00","DATE_TYPE_CODE":"001","REPORT_TYPE":"2020年年报","PER_NETCASH_OPERATE":0.112950442418,"PER_OI":0.358682965927,"BPS":0.192083046336,"BASIC_EPS":0.034759732,"DILUTED_EPS":0.03450724,"OPERATE_INCOME":178648189.68,"OPERATE_INCOME_YOY":7.663591221,"GROSS_PROFIT":178648189.68,"GROSS_PROFIT_YOY":1.156517130622,"HOLDER_PROFIT":17319267.92,"HOLDER_PROFIT_YOY":-8.6031534533,"GROSS_PROFIT_RATIO":null,"EPS_TTM":0.034772960176,"OPERATE_INCOME_QOQ":-8.366287601166,"NET_PROFIT_RATIO":9.8533887366,"ROE_AVG":18.400897779248,"GROSS_PROFIT_QOQ":-8.366287601166,"ROA":10.663225913432,"HOLDER_PROFIT_QOQ":-21.287520741274,"ROE_YEARLY":18.400897779248,"ROIC_YEARLY":14.925005077026,"TOTAL_ASSETS":152080139.8,"TOTAL_LIABILITIES":55208217.44,"TAX_EBT":11.132356065435,"OCF_SALES":31.490327990879,"TOTAL_PARENT_EQUITY":96395554.12,"DEBT_ASSET_RATIO":36.3020559506,"OPERATE_PROFIT":21001442.92,"PRETAX_PROFIT":19807997.4,"NETCASH_OPERATE":56256900.88,"NETCASH_INVEST":-3001288.24,"NETCASH_FINANCE":-41213427.52,"END_CASH":52161480.64,"DIVI_RATIO":0.783689391476,"DIVIDEND_RATE":10.714285714286,"CURRENT_RATIO":2.313827431814,"COMMON_ACS":10000000000,"CURRENTDEBT_DEBT":92.952314165498,"ISSUED_COMMON_SHARES":501843114,"HK_COMMON_SHARES":501843114,"PER_SHARES":4000,"TOTAL_MARKET_CAP":140516071.92,"HKSK_MARKET_CAP":140516071.92,"PE_TTM":7.710072533333,"PB_TTM":1.28711903271,"REPORT_DATE_SQ":"2019-12-31 00:00:00","REPORT_TYPE_SQ":"2019年年报","OPERATE_INCOME_SQ":176605714.34,"DPS_HKD":0.03,"OPERATE_INCOME_QOQ_SQ":24.847981656748,"NET_PROFIT_RATIO_SQ":11.4200646199,"HOLDER_PROFIT_SQ":20168486.7,"HOLDER_PROFIT_QOQ_SQ":82.948254451079,"ROE_AVG_SQ":22.357380467703,"PE_TTM_SQ":6.672401797278,"PB_TTM_SQ":1.152675140245,"ROA_SQ":14.245536999484,"START_DATE":"2020-01-01 00:00:00","FISCAL_YEAR":"12-31","CURRENCY":"HKD","IS_CNY_CODE":0,"DPS_HKD_LY":0.05,"ORG_TYPE":"一般企业","PREMIUM_INCOME":null,"PREMIUM_INCOME_YOY":null,"NET_INTEREST_INCOME":null,"NET_INTEREST_INCOME_YOY":null,"FEE_COMMISSION_INCOME":null,"FEE_COMMISSION_INCOME_YOY":null,"ACCOUNTS_RECE_TDAYS":3.434104513833,"INVENTORY_TDAYS":null,"CURRENT_ASSETS_TDAYS":1.620054723843,"TOTAL_ASSETS_TDAYS":1.09991139024,"PREMIUM_EXPENSE":null,"LOAN_DEPOSIT":null,"LOAN_EQUITY":null,"LOAN_ASSETS":null,"DEPOSIT_EQUITY":null,"DEPOSIT_ASSETS":null,"EQUITY_MULTIPLIER":1.569909382357,"EQUITY_RATIO":0.572725764627},{"SECUCODE":"06083.HK","SECURITY_CODE":"06083","SECURITY_NAME_ABBR":"环宇物流(亚洲)","ORG_CODE":"10485122","STD_REPORT_DATE":"2020-06-30 00:00:00","REPORT_DATE":"2020-06-30 00:00:00","DATE_TYPE_CODE":"002","REPORT_TYPE":"2020年中报","PER_NETCASH_OPERATE":0.080371888516,"PER_OI":0.178381063721,"BPS":0.211461940833,"BASIC_EPS":0.018086112,"DILUTED_EPS":0.017903424,"OPERATE_INCOME":88845741.6,"OPERATE_INCOME_YOY":21.3749126485,"GROSS_PROFIT":88845741.6,"GROSS_PROFIT_YOY":26.035855000391,"HOLDER_PROFIT":9008345.28,"HOLDER_PROFIT_YOY":20.9319435929,"GROSS_PROFIT_RATIO":null,"EPS_TTM":0.044177188298,"OPERATE_INCOME_QOQ":10.392250278304,"NET_PROFIT_RATIO":10.1393101321,"ROE_AVG":8.754277496926,"GROSS_PROFIT_QOQ":10.392250278304,"ROA":4.979940363926,"HOLDER_PROFIT_QOQ":9.096954111089,"ROE_YEARLY":17.508554993853,"ROIC_YEARLY":13.900517287553,"TOTAL_ASSETS":174286178.88,"TOTAL_LIABILITIES":68165460,"TAX_EBT":16.663849923948,"OCF_SALES":45.056289518326,"TOTAL_PARENT_EQUITY":106120718.88,"DEBT_ASSET_RATIO":39.1112252492,"OPERATE_PROFIT":11423480.64,"PRETAX_PROFIT":10809648.96,"NETCASH_OPERATE":40030594.56,"NETCASH_INVEST":419268.96,"NETCASH_FINANCE":-24971622.72,"END_CASH":59020098.72,"DIVI_RATIO":0.616861349718,"DIVIDEND_RATE":10.714285714286,"CURRENT_RATIO":1.95791373453,"COMMON_ACS":10000000000,"CURRENTDEBT_DEBT":88.356448911223,"ISSUED_COMMON_SHARES":501843114,"HK_COMMON_SHARES":501843114,"PER_SHARES":4000,"TOTAL_MARKET_CAP":140516071.92,"HKSK_MARKET_CAP":140516071.92,"PE_TTM":7.710072533333,"PB_TTM":1.28711903271,"REPORT_DATE_SQ":"2019-06-30 00:00:00","REPORT_TYPE_SQ":"2019年中报","OPERATE_INCOME_SQ":70492433.76,"DPS_HKD":0.03,"OPERATE_INCOME_QOQ_SQ":4.01603101561,"NET_PROFIT_RATIO_SQ":10.1764500349,"HOLDER_PROFIT_SQ":7173627.3,"HOLDER_PROFIT_QOQ_SQ":13.267658564576,"ROE_AVG_SQ":8.714748282163,"PE_TTM_SQ":6.672401797278,"PB_TTM_SQ":1.152675140245,"ROA_SQ":5.77600708278,"START_DATE":"2020-01-01 00:00:00","FISCAL_YEAR":"12-31","CURRENCY":"HKD","IS_CNY_CODE":0,"DPS_HKD_LY":0.05,"ORG_TYPE":"一般企业","PREMIUM_INCOME":null,"PREMIUM_INCOME_YOY":null,"NET_INTEREST_INCOME":null,"NET_INTEREST_INCOME_YOY":null,"FEE_COMMISSION_INCOME":null,"FEE_COMMISSION_INCOME_YOY":null,"ACCOUNTS_RECE_TDAYS":1.693833481358,"INVENTORY_TDAYS":null,"CURRENT_ASSETS_TDAYS":0.777936407008,"TOTAL_ASSETS_TDAYS":0.491151794258,"PREMIUM_EXPENSE":null,"LOAN_DEPOSIT":null,"LOAN_EQUITY":null,"LOAN_ASSETS":null,"DEPOSIT_EQUITY":null,"DEPOSIT_ASSETS":null,"EQUITY_MULTIPLIER":1.642338845038,"EQUITY_RATIO":0.642338845038}],"count":28},"success":true,"message":"ok","code":0}