{"version":"6b3d62b2eb1124012f9c62529ead5f00","result":{"pages":3,"data":[{"SECUCODE":"06080.HK","SECURITY_CODE":"06080","SECURITY_NAME_ABBR":"荣智控股","ORG_CODE":"10680466","STD_REPORT_DATE":"2024-06-30 00:00:00","REPORT_DATE":"2024-09-30 00:00:00","DATE_TYPE_CODE":"002","REPORT_TYPE":"2024年中报","PER_NETCASH_OPERATE":0.034015470511,"PER_OI":0.383270649167,"BPS":0.130764620305,"BASIC_EPS":0.00450895,"DILUTED_EPS":0.00450895,"OPERATE_INCOME":357878968.66,"OPERATE_INCOME_YOY":58.0367560679,"GROSS_PROFIT":22246257.51,"GROSS_PROFIT_YOY":35.429122348302,"HOLDER_PROFIT":4124787.46,"HOLDER_PROFIT_YOY":117.6022835395,"GROSS_PROFIT_RATIO":6.216139940633,"EPS_TTM":0.003591248675,"OPERATE_INCOME_QOQ":0,"NET_PROFIT_RATIO":1.1525649231,"ROE_AVG":3.436204098804,"GROSS_PROFIT_QOQ":0,"ROA":1.341297839085,"HOLDER_PROFIT_QOQ":0,"ROE_YEARLY":6.872408197608,"ROIC_YEARLY":3.169724762695,"TOTAL_ASSETS":304401018.08,"TOTAL_LIABILITIES":182299553.87,"TAX_EBT":25.028683822324,"OCF_SALES":8.875052286231,"TOTAL_PARENT_EQUITY":122101464.21,"DEBT_ASSET_RATIO":59.8879580035,"OPERATE_PROFIT":6193493.72,"PRETAX_PROFIT":5501820.79,"NETCASH_OPERATE":31761945.59,"NETCASH_INVEST":-25853417.51,"NETCASH_FINANCE":6315235.37,"END_CASH":53372441.15,"DIVI_RATIO":null,"DIVIDEND_RATE":null,"CURRENT_RATIO":1.330575973902,"COMMON_ACS":2000000000,"CURRENTDEBT_DEBT":93.408457950167,"ISSUED_COMMON_SHARES":933750000,"HK_COMMON_SHARES":933750000,"PER_SHARES":6000,"TOTAL_MARKET_CAP":51356250,"HKSK_MARKET_CAP":51356250,"PE_TTM":8.322192513369,"PB_TTM":0.379295637339,"REPORT_DATE_SQ":"2023-06-30 00:00:00","REPORT_TYPE_SQ":"2023年中报","OPERATE_INCOME_SQ":230430657.45,"DPS_HKD":null,"OPERATE_INCOME_QOQ_SQ":0,"NET_PROFIT_RATIO_SQ":0.8370666826,"HOLDER_PROFIT_SQ":1928858.26,"HOLDER_PROFIT_QOQ_SQ":0,"ROE_AVG_SQ":1.639919798404,"PE_TTM_SQ":18.873011928429,"PB_TTM_SQ":0.440761677036,"ROA_SQ":0.878839697465,"START_DATE":"2024-04-01 00:00:00","FISCAL_YEAR":"3-31","CURRENCY":"HKD","IS_CNY_CODE":0,"DPS_HKD_LY":null,"ORG_TYPE":"一般企业","PREMIUM_INCOME":null,"PREMIUM_INCOME_YOY":null,"NET_INTEREST_INCOME":null,"NET_INTEREST_INCOME_YOY":null,"FEE_COMMISSION_INCOME":null,"FEE_COMMISSION_INCOME_YOY":null,"ACCOUNTS_RECE_TDAYS":8.779275941022,"INVENTORY_TDAYS":null,"CURRENT_ASSETS_TDAYS":1.500937958579,"TOTAL_ASSETS_TDAYS":1.163750355558,"PREMIUM_EXPENSE":null,"LOAN_DEPOSIT":null,"LOAN_EQUITY":null,"LOAN_ASSETS":null,"DEPOSIT_EQUITY":null,"DEPOSIT_ASSETS":null,"EQUITY_MULTIPLIER":2.493016935132,"EQUITY_RATIO":1.493016935132},{"SECUCODE":"06080.HK","SECURITY_CODE":"06080","SECURITY_NAME_ABBR":"荣智控股","ORG_CODE":"10680466","STD_REPORT_DATE":"2023-12-31 00:00:00","REPORT_DATE":"2024-03-31 00:00:00","DATE_TYPE_CODE":"001","REPORT_TYPE":"2023年年报","PER_NETCASH_OPERATE":0.024841654458,"PER_OI":0.652337360643,"BPS":0.127014087015,"BASIC_EPS":0.0036262,"DILUTED_EPS":0.0036262,"OPERATE_INCOME":609120010.5,"OPERATE_INCOME_YOY":25.0532757366,"GROSS_PROFIT":37457739.45,"GROSS_PROFIT_YOY":-1.233073705214,"HOLDER_PROFIT":3353328.45,"HOLDER_PROFIT_YOY":-62.3434795887,"GROSS_PROFIT_RATIO":6.149484305934,"EPS_TTM":0.002647564776,"OPERATE_INCOME_QOQ":0,"NET_PROFIT_RATIO":0.5505201589,"ROE_AVG":2.867986555586,"GROSS_PROFIT_QOQ":0,"ROA":1.278345028745,"HOLDER_PROFIT_QOQ":0,"ROE_YEARLY":2.867986555586,"ROIC_YEARLY":1.517529122898,"TOTAL_ASSETS":312282904.7,"TOTAL_LIABILITIES":193683500.95,"TAX_EBT":37.166638355699,"OCF_SALES":3.808099299013,"TOTAL_PARENT_EQUITY":118599403.75,"DEBT_ASSET_RATIO":62.0218071611,"OPERATE_PROFIT":6075698.1,"PRETAX_PROFIT":5336859.85,"NETCASH_OPERATE":23195894.85,"NETCASH_INVEST":-24590168.75,"NETCASH_FINANCE":1435975.2,"END_CASH":41365876.5,"DIVI_RATIO":null,"DIVIDEND_RATE":null,"CURRENT_RATIO":1.37089373472,"COMMON_ACS":2000000000,"CURRENTDEBT_DEBT":94.765245800355,"ISSUED_COMMON_SHARES":933750000,"HK_COMMON_SHARES":933750000,"PER_SHARES":6000,"TOTAL_MARKET_CAP":48555000,"HKSK_MARKET_CAP":48555000,"PE_TTM":7.868254739912,"PB_TTM":0.358606784393,"REPORT_DATE_SQ":"2022-12-31 00:00:00","REPORT_TYPE_SQ":"2022年年报","OPERATE_INCOME_SQ":470356917.59,"DPS_HKD":null,"OPERATE_INCOME_QOQ_SQ":0,"NET_PROFIT_RATIO_SQ":1.8282185524,"HOLDER_PROFIT_SQ":8599152.43,"HOLDER_PROFIT_QOQ_SQ":0,"ROE_AVG_SQ":8.037507824358,"PE_TTM_SQ":20.110586481113,"PB_TTM_SQ":0.469664082087,"ROA_SQ":4.373338794627,"START_DATE":"2023-04-01 00:00:00","FISCAL_YEAR":"3-31","CURRENCY":"HKD","IS_CNY_CODE":0,"DPS_HKD_LY":null,"ORG_TYPE":"一般企业","PREMIUM_INCOME":null,"PREMIUM_INCOME_YOY":null,"NET_INTEREST_INCOME":null,"NET_INTEREST_INCOME_YOY":null,"FEE_COMMISSION_INCOME":null,"FEE_COMMISSION_INCOME_YOY":null,"ACCOUNTS_RECE_TDAYS":23.81772744191,"INVENTORY_TDAYS":null,"CURRENT_ASSETS_TDAYS":2.913260361995,"TOTAL_ASSETS_TDAYS":2.322067608175,"PREMIUM_EXPENSE":null,"LOAN_DEPOSIT":null,"LOAN_EQUITY":null,"LOAN_ASSETS":null,"DEPOSIT_EQUITY":null,"DEPOSIT_ASSETS":null,"EQUITY_MULTIPLIER":2.633090005735,"EQUITY_RATIO":1.633090005733},{"SECUCODE":"06080.HK","SECURITY_CODE":"06080","SECURITY_NAME_ABBR":"荣智控股","ORG_CODE":"10680466","STD_REPORT_DATE":"2023-06-30 00:00:00","REPORT_DATE":"2023-09-30 00:00:00","DATE_TYPE_CODE":"002","REPORT_TYPE":"2023年中报","PER_NETCASH_OPERATE":0.015265825349,"PER_OI":0.246779820562,"BPS":0.126997043791,"BASIC_EPS":0.00183526,"DILUTED_EPS":0.00183526,"OPERATE_INCOME":230430657.45,"OPERATE_INCOME_YOY":-8.0205265703,"GROSS_PROFIT":16426494.63,"GROSS_PROFIT_YOY":-8.948407288868,"HOLDER_PROFIT":1928858.26,"HOLDER_PROFIT_YOY":-76.4005838105,"GROSS_PROFIT_RATIO":7.128606415387,"EPS_TTM":0.009209266324,"OPERATE_INCOME_QOQ":0,"NET_PROFIT_RATIO":0.8370666826,"ROE_AVG":1.639919798404,"GROSS_PROFIT_QOQ":0,"ROA":0.878839697465,"HOLDER_PROFIT_QOQ":0,"ROE_YEARLY":3.279839596808,"ROIC_YEARLY":2.224956667857,"TOTAL_ASSETS":224007247.45,"TOTAL_LIABILITIES":105423757.81,"TAX_EBT":-14.239130434783,"OCF_SALES":6.186010393644,"TOTAL_PARENT_EQUITY":118583489.64,"DEBT_ASSET_RATIO":47.0626548963,"OPERATE_PROFIT":2083937.73,"PRETAX_PROFIT":1688439.2,"NETCASH_OPERATE":14254464.42,"NETCASH_INVEST":-939653.12,"NETCASH_FINANCE":-4785440.45,"END_CASH":50358616.77,"DIVI_RATIO":null,"DIVIDEND_RATE":null,"CURRENT_RATIO":1.905589714385,"COMMON_ACS":2000000000,"CURRENTDEBT_DEBT":90.176434235379,"ISSUED_COMMON_SHARES":933750000,"HK_COMMON_SHARES":933750000,"PER_SHARES":6000,"TOTAL_MARKET_CAP":48555000,"HKSK_MARKET_CAP":48555000,"PE_TTM":7.868254739912,"PB_TTM":0.358606784393,"REPORT_DATE_SQ":"2022-06-30 00:00:00","REPORT_TYPE_SQ":"2022年中报","OPERATE_INCOME_SQ":246922973.28,"DPS_HKD":null,"OPERATE_INCOME_QOQ_SQ":0,"NET_PROFIT_RATIO_SQ":3.2624939563,"HOLDER_PROFIT_SQ":8055847.08,"HOLDER_PROFIT_QOQ_SQ":0,"ROE_AVG_SQ":7.315420531963,"PE_TTM_SQ":20.110586481113,"PB_TTM_SQ":0.469664082087,"ROA_SQ":3.777706147308,"START_DATE":"2023-04-01 00:00:00","FISCAL_YEAR":"3-31","CURRENCY":"HKD","IS_CNY_CODE":0,"DPS_HKD_LY":null,"ORG_TYPE":"一般企业","PREMIUM_INCOME":null,"PREMIUM_INCOME_YOY":null,"NET_INTEREST_INCOME":null,"NET_INTEREST_INCOME_YOY":null,"FEE_COMMISSION_INCOME":null,"FEE_COMMISSION_INCOME_YOY":null,"ACCOUNTS_RECE_TDAYS":9.954807635131,"INVENTORY_TDAYS":null,"CURRENT_ASSETS_TDAYS":1.317704780396,"TOTAL_ASSETS_TDAYS":1.04990404676,"PREMIUM_EXPENSE":null,"LOAN_DEPOSIT":null,"LOAN_EQUITY":null,"LOAN_ASSETS":null,"DEPOSIT_EQUITY":null,"DEPOSIT_ASSETS":null,"EQUITY_MULTIPLIER":1.889025598169,"EQUITY_RATIO":0.889025598168},{"SECUCODE":"06080.HK","SECURITY_CODE":"06080","SECURITY_NAME_ABBR":"荣智控股","ORG_CODE":"10680466","STD_REPORT_DATE":"2022-12-31 00:00:00","REPORT_DATE":"2023-03-31 00:00:00","DATE_TYPE_CODE":"001","REPORT_TYPE":"2022年年报","PER_NETCASH_OPERATE":0.024117721285,"PER_OI":0.503728961274,"BPS":0.119183262822,"BASIC_EPS":0.00962951,"DILUTED_EPS":0.00962951,"OPERATE_INCOME":470356917.59,"OPERATE_INCOME_YOY":27.5880984043,"GROSS_PROFIT":37925387.43,"GROSS_PROFIT_YOY":57.924947986414,"HOLDER_PROFIT":8599152.43,"HOLDER_PROFIT_YOY":124.8855311355,"GROSS_PROFIT_RATIO":8.063108250713,"EPS_TTM":0.011239126383,"OPERATE_INCOME_QOQ":0,"NET_PROFIT_RATIO":1.8282185524,"ROE_AVG":8.037507824358,"GROSS_PROFIT_QOQ":0,"ROA":4.373338794627,"HOLDER_PROFIT_QOQ":0,"ROE_YEARLY":8.037507824358,"ROIC_YEARLY":5.193576102042,"TOTAL_ASSETS":205058664.63,"TOTAL_LIABILITIES":93771292.97,"TAX_EBT":-6.034110535406,"OCF_SALES":4.787836939953,"TOTAL_PARENT_EQUITY":111287371.66,"DEBT_ASSET_RATIO":45.7290079106,"OPERATE_PROFIT":9336247.65,"PRETAX_PROFIT":8109798.24,"NETCASH_OPERATE":22519922.25,"NETCASH_INVEST":-5628886.3,"NETCASH_FINANCE":810629.66,"END_CASH":39904689.44,"DIVI_RATIO":null,"DIVIDEND_RATE":null,"CURRENT_RATIO":1.993695062398,"COMMON_ACS":2000000000,"CURRENTDEBT_DEBT":86.027427952613,"ISSUED_COMMON_SHARES":933750000,"HK_COMMON_SHARES":933750000,"PER_SHARES":6000,"TOTAL_MARKET_CAP":48555000,"HKSK_MARKET_CAP":48555000,"PE_TTM":7.868254739912,"PB_TTM":0.358606784393,"REPORT_DATE_SQ":"2021-12-31 00:00:00","REPORT_TYPE_SQ":"2021年年报","OPERATE_INCOME_SQ":341532531.2,"DPS_HKD":null,"OPERATE_INCOME_QOQ_SQ":0,"NET_PROFIT_RATIO_SQ":1.0372340426,"HOLDER_PROFIT_SQ":3542491.68,"HOLDER_PROFIT_QOQ_SQ":0,"ROE_AVG_SQ":3.794334558153,"PE_TTM_SQ":20.110586481113,"PB_TTM_SQ":0.469664082087,"ROA_SQ":2.018628875913,"START_DATE":"2022-04-01 00:00:00","FISCAL_YEAR":"3-31","CURRENCY":"HKD","IS_CNY_CODE":0,"DPS_HKD_LY":null,"ORG_TYPE":"一般企业","PREMIUM_INCOME":null,"PREMIUM_INCOME_YOY":null,"NET_INTEREST_INCOME":null,"NET_INTEREST_INCOME_YOY":null,"FEE_COMMISSION_INCOME":null,"FEE_COMMISSION_INCOME_YOY":null,"ACCOUNTS_RECE_TDAYS":19.640274883942,"INVENTORY_TDAYS":null,"CURRENT_ASSETS_TDAYS":3.109117316884,"TOTAL_ASSETS_TDAYS":2.392131284755,"PREMIUM_EXPENSE":null,"LOAN_DEPOSIT":null,"LOAN_EQUITY":null,"LOAN_ASSETS":null,"DEPOSIT_EQUITY":null,"DEPOSIT_ASSETS":null,"EQUITY_MULTIPLIER":1.842604974593,"EQUITY_RATIO":0.842604974592},{"SECUCODE":"06080.HK","SECURITY_CODE":"06080","SECURITY_NAME_ABBR":"荣智控股","ORG_CODE":"10680466","STD_REPORT_DATE":"2022-06-30 00:00:00","REPORT_DATE":"2022-09-30 00:00:00","DATE_TYPE_CODE":"002","REPORT_TYPE":"2022年中报","PER_NETCASH_OPERATE":0.025430867149,"PER_OI":0.264442273928,"BPS":0.122248323855,"BASIC_EPS":0.0090444,"DILUTED_EPS":0.0090444,"OPERATE_INCOME":246922973.28,"OPERATE_INCOME_YOY":30.3869408652,"GROSS_PROFIT":18040864.68,"GROSS_PROFIT_YOY":73.096801456257,"HOLDER_PROFIT":8055847.08,"HOLDER_PROFIT_YOY":572.2264150943,"GROSS_PROFIT_RATIO":7.306272251769,"EPS_TTM":0.003793833124,"OPERATE_INCOME_QOQ":0,"NET_PROFIT_RATIO":3.2624939563,"ROE_AVG":7.315420531963,"GROSS_PROFIT_QOQ":0,"ROA":3.777706147308,"HOLDER_PROFIT_QOQ":0,"ROE_YEARLY":14.630841063927,"ROIC_YEARLY":8.946161823382,"TOTAL_ASSETS":232058501.88,"TOTAL_LIABILITIES":117909129.48,"TAX_EBT":0.602611315701,"OCF_SALES":9.616793401023,"TOTAL_PARENT_EQUITY":114149372.4,"DEBT_ASSET_RATIO":50.8100881996,"OPERATE_PROFIT":8826429.96,"PRETAX_PROFIT":8104686.84,"NETCASH_OPERATE":23746072.2,"NETCASH_INVEST":-8082075.84,"NETCASH_FINANCE":4759163.28,"END_CASH":43362471.36,"DIVI_RATIO":null,"DIVIDEND_RATE":null,"CURRENT_RATIO":1.734932149718,"COMMON_ACS":2000000000,"CURRENTDEBT_DEBT":87.446209546895,"ISSUED_COMMON_SHARES":933750000,"HK_COMMON_SHARES":933750000,"PER_SHARES":6000,"TOTAL_MARKET_CAP":48555000,"HKSK_MARKET_CAP":48555000,"PE_TTM":7.868254739912,"PB_TTM":0.358606784393,"REPORT_DATE_SQ":"2021-06-30 00:00:00","REPORT_TYPE_SQ":"2021年中报","OPERATE_INCOME_SQ":174431101.16,"DPS_HKD":null,"OPERATE_INCOME_QOQ_SQ":0,"NET_PROFIT_RATIO_SQ":0.6328025751,"HOLDER_PROFIT_SQ":1103804.5,"HOLDER_PROFIT_QOQ_SQ":0,"ROE_AVG_SQ":1.166398908427,"PE_TTM_SQ":20.110586481113,"PB_TTM_SQ":0.469664082087,"ROA_SQ":0.672998780983,"START_DATE":"2022-04-01 00:00:00","FISCAL_YEAR":"3-31","CURRENCY":"HKD","IS_CNY_CODE":0,"DPS_HKD_LY":null,"ORG_TYPE":"一般企业","PREMIUM_INCOME":null,"PREMIUM_INCOME_YOY":null,"NET_INTEREST_INCOME":null,"NET_INTEREST_INCOME_YOY":null,"FEE_COMMISSION_INCOME":null,"FEE_COMMISSION_INCOME_YOY":null,"ACCOUNTS_RECE_TDAYS":11.715996137753,"INVENTORY_TDAYS":null,"CURRENT_ASSETS_TDAYS":1.51802787377,"TOTAL_ASSETS_TDAYS":1.157919738059,"PREMIUM_EXPENSE":null,"LOAN_DEPOSIT":null,"LOAN_EQUITY":null,"LOAN_ASSETS":null,"DEPOSIT_EQUITY":null,"DEPOSIT_ASSETS":null,"EQUITY_MULTIPLIER":2.03293716821,"EQUITY_RATIO":1.032937168212},{"SECUCODE":"06080.HK","SECURITY_CODE":"06080","SECURITY_NAME_ABBR":"荣智控股","ORG_CODE":"10680466","STD_REPORT_DATE":"2021-12-31 00:00:00","REPORT_DATE":"2022-03-31 00:00:00","DATE_TYPE_CODE":"001","REPORT_TYPE":"2021年年报","PER_NETCASH_OPERATE":0.0014105277,"PER_OI":0.365764424311,"BPS":0.101883701237,"BASIC_EPS":0.00405505,"DILUTED_EPS":0.00405505,"OPERATE_INCOME":341532531.2,"OPERATE_INCOME_YOY":2.2520608481,"GROSS_PROFIT":24014817.11,"GROSS_PROFIT_YOY":196.096622196453,"HOLDER_PROFIT":3542491.68,"HOLDER_PROFIT_YOY":109.4229317226,"GROSS_PROFIT_RATIO":7.031487462006,"EPS_TTM":-0.014889086629,"OPERATE_INCOME_QOQ":0,"NET_PROFIT_RATIO":1.0372340426,"ROE_AVG":3.794334558153,"GROSS_PROFIT_QOQ":0,"ROA":2.018628875913,"HOLDER_PROFIT_QOQ":0,"ROE_YEARLY":3.794334558153,"ROIC_YEARLY":2.369727383697,"TOTAL_ASSETS":174350118.79,"TOTAL_LIABILITIES":79216212.76,"TAX_EBT":27.066288195024,"OCF_SALES":0.385638297872,"TOTAL_PARENT_EQUITY":95133906.03,"DEBT_ASSET_RATIO":45.4351355249,"OPERATE_PROFIT":5148291.48,"PRETAX_PROFIT":4857138.89,"NETCASH_OPERATE":1317080.24,"NETCASH_INVEST":-7964929.21,"NETCASH_FINANCE":-4214007.96,"END_CASH":20569646.63,"DIVI_RATIO":null,"DIVIDEND_RATE":null,"CURRENT_RATIO":1.818773098482,"COMMON_ACS":2000000000,"CURRENTDEBT_DEBT":91.139072034072,"ISSUED_COMMON_SHARES":933750000,"HK_COMMON_SHARES":933750000,"PER_SHARES":6000,"TOTAL_MARKET_CAP":48555000,"HKSK_MARKET_CAP":48555000,"PE_TTM":7.868254739912,"PB_TTM":0.358606784393,"REPORT_DATE_SQ":"2020-12-31 00:00:00","REPORT_TYPE_SQ":"2020年年报","OPERATE_INCOME_SQ":348083157.1,"DPS_HKD":null,"OPERATE_INCOME_QOQ_SQ":0,"NET_PROFIT_RATIO_SQ":-11.2554480448,"HOLDER_PROFIT_SQ":-39178318.9,"HOLDER_PROFIT_QOQ_SQ":0,"ROE_AVG_SQ":-34.056387179723,"PE_TTM_SQ":20.110586481113,"PB_TTM_SQ":0.469664082087,"ROA_SQ":-22.209498986666,"START_DATE":"2021-04-01 00:00:00","FISCAL_YEAR":"3-31","CURRENCY":"HKD","IS_CNY_CODE":0,"DPS_HKD_LY":null,"ORG_TYPE":"一般企业","PREMIUM_INCOME":null,"PREMIUM_INCOME_YOY":null,"NET_INTEREST_INCOME":null,"NET_INTEREST_INCOME_YOY":null,"FEE_COMMISSION_INCOME":null,"FEE_COMMISSION_INCOME_YOY":null,"ACCOUNTS_RECE_TDAYS":16.801452253187,"INVENTORY_TDAYS":null,"CURRENT_ASSETS_TDAYS":2.54268808115,"TOTAL_ASSETS_TDAYS":1.946165275239,"PREMIUM_EXPENSE":null,"LOAN_DEPOSIT":null,"LOAN_EQUITY":null,"LOAN_ASSETS":null,"DEPOSIT_EQUITY":null,"DEPOSIT_ASSETS":null,"EQUITY_MULTIPLIER":1.832681176101,"EQUITY_RATIO":0.8326811761},{"SECUCODE":"06080.HK","SECURITY_CODE":"06080","SECURITY_NAME_ABBR":"荣智控股","ORG_CODE":"10680466","STD_REPORT_DATE":"2021-06-30 00:00:00","REPORT_DATE":"2021-09-30 00:00:00","DATE_TYPE_CODE":"002","REPORT_TYPE":"2021年中报","PER_NETCASH_OPERATE":0.000984059095,"PER_OI":0.186807069515,"BPS":0.101938886854,"BASIC_EPS":0.00083306,"DILUTED_EPS":0.00083306,"OPERATE_INCOME":174431101.16,"OPERATE_INCOME_YOY":15.046620623,"GROSS_PROFIT":10422413.66,"GROSS_PROFIT_YOY":167.29209185592,"HOLDER_PROFIT":1103804.5,"HOLDER_PROFIT_YOY":104.8167805729,"GROSS_PROFIT_RATIO":5.975089069947,"EPS_TTM":-0.041958038983,"OPERATE_INCOME_QOQ":0,"NET_PROFIT_RATIO":0.6328025751,"ROE_AVG":1.166398908427,"GROSS_PROFIT_QOQ":0,"ROA":0.672998780983,"HOLDER_PROFIT_QOQ":0,"ROE_YEARLY":2.332797816853,"ROIC_YEARLY":1.648963641907,"TOTAL_ASSETS":146593568.2,"TOTAL_LIABILITIES":51408132.6,"TAX_EBT":22.740524781341,"OCF_SALES":0.526778294633,"TOTAL_PARENT_EQUITY":95185435.6,"DEBT_ASSET_RATIO":35.0684775814,"OPERATE_PROFIT":1587812.36,"PRETAX_PROFIT":1428697.9,"NETCASH_OPERATE":918865.18,"NETCASH_INVEST":-4138642.08,"NETCASH_FINANCE":-1083811.06,"END_CASH":27982485.4,"DIVI_RATIO":null,"DIVIDEND_RATE":null,"CURRENT_RATIO":2.420139074143,"COMMON_ACS":2000000000,"CURRENTDEBT_DEBT":91.118133203695,"ISSUED_COMMON_SHARES":933750000,"HK_COMMON_SHARES":933750000,"PER_SHARES":6000,"TOTAL_MARKET_CAP":48555000,"HKSK_MARKET_CAP":48555000,"PE_TTM":7.868254739912,"PB_TTM":0.358606784393,"REPORT_DATE_SQ":"2020-06-30 00:00:00","REPORT_TYPE_SQ":"2020年中报","OPERATE_INCOME_SQ":159927918.72,"DPS_HKD":null,"OPERATE_INCOME_QOQ_SQ":0,"NET_PROFIT_RATIO_SQ":-15.1142026692,"HOLDER_PROFIT_SQ":-24171829.76,"HOLDER_PROFIT_QOQ_SQ":0,"ROE_AVG_SQ":-18.901165347406,"PE_TTM_SQ":20.110586481113,"PB_TTM_SQ":0.469664082087,"ROA_SQ":-13.666636029183,"START_DATE":"2021-04-01 00:00:00","FISCAL_YEAR":"3-31","CURRENCY":"HKD","IS_CNY_CODE":0,"DPS_HKD_LY":null,"ORG_TYPE":"一般企业","PREMIUM_INCOME":null,"PREMIUM_INCOME_YOY":null,"NET_INTEREST_INCOME":null,"NET_INTEREST_INCOME_YOY":null,"FEE_COMMISSION_INCOME":null,"FEE_COMMISSION_INCOME_YOY":null,"ACCOUNTS_RECE_TDAYS":11.093298013245,"INVENTORY_TDAYS":null,"CURRENT_ASSETS_TDAYS":1.371166256839,"TOTAL_ASSETS_TDAYS":1.063520926453,"PREMIUM_EXPENSE":null,"LOAN_DEPOSIT":null,"LOAN_EQUITY":null,"LOAN_ASSETS":null,"DEPOSIT_EQUITY":null,"DEPOSIT_ASSETS":null,"EQUITY_MULTIPLIER":1.540084018904,"EQUITY_RATIO":0.540084018904},{"SECUCODE":"06080.HK","SECURITY_CODE":"06080","SECURITY_NAME_ABBR":"荣智控股","ORG_CODE":"10680466","STD_REPORT_DATE":"2020-12-31 00:00:00","REPORT_DATE":"2021-03-31 00:00:00","DATE_TYPE_CODE":"001","REPORT_TYPE":"2020年年报","PER_NETCASH_OPERATE":0.009808161157,"PER_OI":0.372779820187,"BPS":0.102222654137,"BASIC_EPS":-0.042259,"DILUTED_EPS":-0.042259,"OPERATE_INCOME":348083157.1,"OPERATE_INCOME_YOY":26.1401294954,"GROSS_PROFIT":-24990282.24,"GROSS_PROFIT_YOY":-476.160675360792,"HOLDER_PROFIT":-39178318.9,"HOLDER_PROFIT_YOY":-237.8151872905,"GROSS_PROFIT_RATIO":-7.179400016997,"EPS_TTM":-0.032027587395,"OPERATE_INCOME_QOQ":0,"NET_PROFIT_RATIO":-11.2554480448,"ROE_AVG":-34.056387179723,"GROSS_PROFIT_QOQ":0,"ROA":-22.209498986666,"HOLDER_PROFIT_QOQ":0,"ROE_YEARLY":-34.056387179723,"ROIC_YEARLY":-27.515529609393,"TOTAL_ASSETS":184071752.2,"TOTAL_LIABILITIES":88621348.9,"TAX_EBT":-0.209693458429,"OCF_SALES":2.631086938047,"TOTAL_PARENT_EQUITY":95450403.3,"DEBT_ASSET_RATIO":48.1450020662,"OPERATE_PROFIT":-38715160.26,"PRETAX_PROFIT":-39096336.44,"NETCASH_OPERATE":9158370.48,"NETCASH_INVEST":-7524637.54,"NETCASH_FINANCE":-4156595.24,"END_CASH":32755796.08,"DIVI_RATIO":null,"DIVIDEND_RATE":null,"CURRENT_RATIO":1.717440032456,"COMMON_ACS":2000000000,"CURRENTDEBT_DEBT":94.029850746269,"ISSUED_COMMON_SHARES":933750000,"HK_COMMON_SHARES":933750000,"PER_SHARES":6000,"TOTAL_MARKET_CAP":48555000,"HKSK_MARKET_CAP":48555000,"PE_TTM":7.868254739912,"PB_TTM":0.358606784393,"REPORT_DATE_SQ":"2019-12-31 00:00:00","REPORT_TYPE_SQ":"2019年年报","OPERATE_INCOME_SQ":298321222.6,"DPS_HKD":null,"OPERATE_INCOME_QOQ_SQ":0,"NET_PROFIT_RATIO_SQ":-4.2027822529,"HOLDER_PROFIT_SQ":-12537791.4,"HOLDER_PROFIT_QOQ_SQ":0,"ROE_AVG_SQ":-8.258752580484,"PE_TTM_SQ":20.110586481113,"PB_TTM_SQ":0.469664082087,"ROA_SQ":-6.476062825644,"START_DATE":"2020-04-01 00:00:00","FISCAL_YEAR":"3-31","CURRENCY":"HKD","IS_CNY_CODE":0,"DPS_HKD_LY":null,"ORG_TYPE":"一般企业","PREMIUM_INCOME":null,"PREMIUM_INCOME_YOY":null,"NET_INTEREST_INCOME":null,"NET_INTEREST_INCOME_YOY":null,"FEE_COMMISSION_INCOME":null,"FEE_COMMISSION_INCOME_YOY":null,"ACCOUNTS_RECE_TDAYS":23.812263305484,"INVENTORY_TDAYS":null,"CURRENT_ASSETS_TDAYS":2.537006806912,"TOTAL_ASSETS_TDAYS":1.973222114155,"PREMIUM_EXPENSE":null,"LOAN_DEPOSIT":null,"LOAN_EQUITY":null,"LOAN_ASSETS":null,"DEPOSIT_EQUITY":null,"DEPOSIT_ASSETS":null,"EQUITY_MULTIPLIER":1.928454420684,"EQUITY_RATIO":0.928454420684},{"SECUCODE":"06080.HK","SECURITY_CODE":"06080","SECURITY_NAME_ABBR":"荣智控股","ORG_CODE":"10680466","STD_REPORT_DATE":"2020-06-30 00:00:00","REPORT_DATE":"2020-09-30 00:00:00","DATE_TYPE_CODE":"002","REPORT_TYPE":"2020年中报","PER_NETCASH_OPERATE":-0.00333325434,"PER_OI":0.171274879486,"BPS":0.124015506335,"BASIC_EPS":-0.02548288,"DILUTED_EPS":-0.02548288,"OPERATE_INCOME":159927918.72,"OPERATE_INCOME_YOY":7.5859500615,"GROSS_PROFIT":-15488318.72,"GROSS_PROFIT_YOY":-664.275211657779,"HOLDER_PROFIT":-24171829.76,"HOLDER_PROFIT_YOY":-264.6824870741,"GROSS_PROFIT_RATIO":-9.684562172735,"EPS_TTM":-0.013427353574,"OPERATE_INCOME_QOQ":0,"NET_PROFIT_RATIO":-15.1142026692,"ROE_AVG":-18.901165347406,"GROSS_PROFIT_QOQ":0,"ROA":-13.666636029183,"HOLDER_PROFIT_QOQ":0,"ROE_YEARLY":-37.802330694811,"ROIC_YEARLY":-33.515380608767,"TOTAL_ASSETS":178303711.36,"TOTAL_LIABILITIES":62504232.32,"TAX_EBT":0.069023140916,"OCF_SALES":-1.94614315306,"TOTAL_PARENT_EQUITY":115799479.04,"DEBT_ASSET_RATIO":35.0549250171,"OPERATE_PROFIT":null,"PRETAX_PROFIT":-24188525.44,"NETCASH_OPERATE":-3112426.24,"NETCASH_INVEST":-3071126.4,"NETCASH_FINANCE":-1925275.52,"END_CASH":28569823.36,"DIVI_RATIO":null,"DIVIDEND_RATE":null,"CURRENT_RATIO":2.413473348072,"COMMON_ACS":2000000000,"CURRENTDEBT_DEBT":91.571888487439,"ISSUED_COMMON_SHARES":933750000,"HK_COMMON_SHARES":933750000,"PER_SHARES":6000,"TOTAL_MARKET_CAP":48555000,"HKSK_MARKET_CAP":48555000,"PE_TTM":7.868254739912,"PB_TTM":0.358606784393,"REPORT_DATE_SQ":"2019-06-30 00:00:00","REPORT_TYPE_SQ":"2019年中报","OPERATE_INCOME_SQ":152591227.68,"DPS_HKD":null,"OPERATE_INCOME_QOQ_SQ":0,"NET_PROFIT_RATIO_SQ":-4.4588811123,"HOLDER_PROFIT_SQ":-6803861.43,"HOLDER_PROFIT_QOQ_SQ":0,"ROE_AVG_SQ":-4.456970996895,"PE_TTM_SQ":20.110586481113,"PB_TTM_SQ":0.469664082087,"ROA_SQ":-3.487536092508,"START_DATE":"2020-04-01 00:00:00","FISCAL_YEAR":"3-31","CURRENCY":"HKD","IS_CNY_CODE":0,"DPS_HKD_LY":null,"ORG_TYPE":"一般企业","PREMIUM_INCOME":null,"PREMIUM_INCOME_YOY":null,"NET_INTEREST_INCOME":null,"NET_INTEREST_INCOME_YOY":null,"FEE_COMMISSION_INCOME":null,"FEE_COMMISSION_INCOME_YOY":null,"ACCOUNTS_RECE_TDAYS":11.703868042828,"INVENTORY_TDAYS":null,"CURRENT_ASSETS_TDAYS":1.16464614469,"TOTAL_ASSETS_TDAYS":0.904224743328,"PREMIUM_EXPENSE":null,"LOAN_DEPOSIT":null,"LOAN_EQUITY":null,"LOAN_ASSETS":null,"DEPOSIT_EQUITY":null,"DEPOSIT_ASSETS":null,"EQUITY_MULTIPLIER":1.539762638296,"EQUITY_RATIO":0.539762638297}],"count":19},"success":true,"message":"ok","code":0}