{"version":"92686ec1415845c924fe3f8580a4c0c9","result":{"pages":1,"data":[{"SECUCODE":"06086.HK","SECURITY_CODE":"06086","SECURITY_NAME_ABBR":"方舟健客","ORG_CODE":"10000459763","STD_REPORT_DATE":"2024-06-30 00:00:00","REPORT_DATE":"2024-06-30 00:00:00","DATE_TYPE_CODE":"002","REPORT_TYPE":"2024年中报","PER_NETCASH_OPERATE":0.042107693015,"PER_OI":1.776064682787,"BPS":-1.483734451369,"BASIC_EPS":-1.27,"DILUTED_EPS":-1.27,"OPERATE_INCOME":1322821000,"OPERATE_INCOME_YOY":2.4637223144,"GROSS_PROFIT":265549000,"GROSS_PROFIT_YOY":7.507540333192,"HOLDER_PROFIT":-818725000,"HOLDER_PROFIT_YOY":-431.9988823621,"GROSS_PROFIT_RATIO":20.074446958432,"EPS_TTM":-1.156836430469,"OPERATE_INCOME_QOQ":1.306613624899,"NET_PROFIT_RATIO":-61.8923497586,"ROE_AVG":42.093137799275,"GROSS_PROFIT_QOQ":3.804623240946,"ROA":-149.731754800021,"HOLDER_PROFIT_QOQ":-337.840213834177,"ROE_YEARLY":84.186275598551,"ROIC_YEARLY":-404.881974845862,"TOTAL_ASSETS":572221000,"TOTAL_LIABILITIES":2560822000,"TAX_EBT":-0.00219858875,"OCF_SALES":2.37084231351,"TOTAL_PARENT_EQUITY":-1988601000,"DEBT_ASSET_RATIO":447.523247137,"OPERATE_PROFIT":-746258000,"PRETAX_PROFIT":-818707000,"NETCASH_OPERATE":31362000,"NETCASH_INVEST":-2560000,"NETCASH_FINANCE":-37036000,"END_CASH":138419000,"DIVI_RATIO":null,"DIVIDEND_RATE":null,"CURRENT_RATIO":0.962620015846,"COMMON_ACS":2500000000,"CURRENTDEBT_DEBT":20.799493287702,"ISSUED_COMMON_SHARES":1340267457,"HK_COMMON_SHARES":1340267457,"PER_SHARES":500,"TOTAL_MARKET_CAP":5481693899.13,"HKSK_MARKET_CAP":5481693899.13,"PE_TTM":-5.78671470441,"PB_TTM":-2.515855311276,"REPORT_DATE_SQ":"2023-06-30 00:00:00","REPORT_TYPE_SQ":"2023年中报","OPERATE_INCOME_SQ":1291014000,"DPS_HKD":null,"OPERATE_INCOME_QOQ_SQ":13.541196468906,"NET_PROFIT_RATIO_SQ":-11.920552372,"HOLDER_PROFIT_SQ":-153896000,"HOLDER_PROFIT_QOQ_SQ":14.842082744155,"ROE_AVG_SQ":null,"PE_TTM_SQ":null,"PB_TTM_SQ":null,"ROA_SQ":null,"START_DATE":"2024-01-01 00:00:00","FISCAL_YEAR":"12-31","CURRENCY":"HKD","IS_CNY_CODE":0,"DPS_HKD_LY":null,"ORG_TYPE":"一般企业","PREMIUM_INCOME":null,"PREMIUM_INCOME_YOY":null,"NET_INTEREST_INCOME":null,"NET_INTEREST_INCOME_YOY":null,"FEE_COMMISSION_INCOME":null,"FEE_COMMISSION_INCOME_YOY":null,"ACCOUNTS_RECE_TDAYS":11.698046966542,"INVENTORY_TDAYS":7.648560566875,"CURRENT_ASSETS_TDAYS":2.699408824976,"TOTAL_ASSETS_TDAYS":2.419228796193,"PREMIUM_EXPENSE":null,"LOAN_DEPOSIT":null,"LOAN_EQUITY":null,"LOAN_ASSETS":null,"DEPOSIT_EQUITY":null,"DEPOSIT_ASSETS":null,"EQUITY_MULTIPLIER":-0.28775053417,"EQUITY_RATIO":-1.287750534169},{"SECUCODE":"06086.HK","SECURITY_CODE":"06086","SECURITY_NAME_ABBR":"方舟健客","ORG_CODE":"10000459763","STD_REPORT_DATE":"2023-12-31 00:00:00","REPORT_DATE":"2023-12-31 00:00:00","DATE_TYPE_CODE":"001","REPORT_TYPE":"2023年年报","PER_NETCASH_OPERATE":0.036701563116,"PER_OI":4.009644946884,"BPS":-1.418719069891,"BASIC_EPS":null,"DILUTED_EPS":null,"OPERATE_INCOME":2434308000,"OPERATE_INCOME_YOY":10.4343640598,"GROSS_PROFIT":487407000,"GROSS_PROFIT_YOY":28.068179429508,"HOLDER_PROFIT":-196788000,"HOLDER_PROFIT_YOY":48.659803497,"GROSS_PROFIT_RATIO":20.022404724464,"EPS_TTM":-0.324137294791,"OPERATE_INCOME_QOQ":-2.736304095586,"NET_PROFIT_RATIO":-8.0839400766,"ROE_AVG":10.898243354117,"GROSS_PROFIT_QOQ":2.4188057895,"ROA":-37.834787632576,"HOLDER_PROFIT_QOQ":39.711775302379,"ROE_YEARLY":10.898243354117,"ROIC_YEARLY":-51.852837521821,"TOTAL_ASSETS":521368000,"TOTAL_LIABILITIES":2422831000,"TAX_EBT":-0.03914371845,"OCF_SALES":0.915331995787,"TOTAL_PARENT_EQUITY":-1901463000,"DEBT_ASSET_RATIO":464.7065028924,"OPERATE_PROFIT":-51895000,"PRETAX_PROFIT":-196711000,"NETCASH_OPERATE":22282000,"NETCASH_INVEST":16418000,"NETCASH_FINANCE":-29308000,"END_CASH":146317000,"DIVI_RATIO":null,"DIVIDEND_RATE":null,"CURRENT_RATIO":0.969730797482,"COMMON_ACS":2500000000,"CURRENTDEBT_DEBT":19.891688689801,"ISSUED_COMMON_SHARES":1340267457,"HK_COMMON_SHARES":1340267457,"PER_SHARES":500,"TOTAL_MARKET_CAP":7425081711.78,"HKSK_MARKET_CAP":7425081711.78,"PE_TTM":-7.838239477367,"PB_TTM":-3.40778445586,"REPORT_DATE_SQ":"2022-12-31 00:00:00","REPORT_TYPE_SQ":"2022年年报","OPERATE_INCOME_SQ":2204303000,"DPS_HKD":null,"OPERATE_INCOME_QOQ_SQ":10.706076094441,"NET_PROFIT_RATIO_SQ":-17.3888072556,"HOLDER_PROFIT_SQ":-383302000,"HOLDER_PROFIT_QOQ_SQ":-0.100021153299,"ROE_AVG_SQ":25.13322243212,"PE_TTM_SQ":null,"PB_TTM_SQ":null,"ROA_SQ":-88.362207084155,"START_DATE":"2023-01-01 00:00:00","FISCAL_YEAR":"12-31","CURRENCY":"HKD","IS_CNY_CODE":0,"DPS_HKD_LY":null,"ORG_TYPE":"一般企业","PREMIUM_INCOME":null,"PREMIUM_INCOME_YOY":null,"NET_INTEREST_INCOME":null,"NET_INTEREST_INCOME_YOY":null,"FEE_COMMISSION_INCOME":null,"FEE_COMMISSION_INCOME_YOY":null,"ACCOUNTS_RECE_TDAYS":25.958614365006,"INVENTORY_TDAYS":14.833022867787,"CURRENT_ASSETS_TDAYS":5.1655087828,"TOTAL_ASSETS_TDAYS":4.680240980765,"PREMIUM_EXPENSE":null,"LOAN_DEPOSIT":null,"LOAN_EQUITY":null,"LOAN_ASSETS":null,"DEPOSIT_EQUITY":null,"DEPOSIT_ASSETS":null,"EQUITY_MULTIPLIER":-0.274193081853,"EQUITY_RATIO":-1.274193081853},{"SECUCODE":"06086.HK","SECURITY_CODE":"06086","SECURITY_NAME_ABBR":"方舟健客","ORG_CODE":"10000459763","STD_REPORT_DATE":"2023-06-30 00:00:00","REPORT_DATE":"2023-06-30 00:00:00","DATE_TYPE_CODE":"002","REPORT_TYPE":"2023年中报","PER_NETCASH_OPERATE":null,"PER_OI":null,"BPS":null,"BASIC_EPS":-0.28,"DILUTED_EPS":-0.28,"OPERATE_INCOME":1291014000,"OPERATE_INCOME_YOY":30.0737009143,"GROSS_PROFIT":247005000,"GROSS_PROFIT_YOY":62.832167601669,"HOLDER_PROFIT":-153896000,"HOLDER_PROFIT_YOY":26.9894585029,"GROSS_PROFIT_RATIO":19.132635277387,"EPS_TTM":null,"OPERATE_INCOME_QOQ":13.541196468906,"NET_PROFIT_RATIO":-11.920552372,"ROE_AVG":null,"GROSS_PROFIT_QOQ":25.043617177811,"ROA":null,"HOLDER_PROFIT_QOQ":14.842082744155,"ROE_YEARLY":null,"ROIC_YEARLY":null,"TOTAL_ASSETS":null,"TOTAL_LIABILITIES":null,"TAX_EBT":-0.040303183952,"OCF_SALES":2.340021099694,"TOTAL_PARENT_EQUITY":null,"DEBT_ASSET_RATIO":null,"OPERATE_PROFIT":-80800000,"PRETAX_PROFIT":-153834000,"NETCASH_OPERATE":30210000,"NETCASH_INVEST":19427000,"NETCASH_FINANCE":-9746000,"END_CASH":178056000,"DIVI_RATIO":null,"DIVIDEND_RATE":null,"CURRENT_RATIO":null,"COMMON_ACS":2500000000,"CURRENTDEBT_DEBT":null,"ISSUED_COMMON_SHARES":1340267457,"HK_COMMON_SHARES":1340267457,"PER_SHARES":500,"TOTAL_MARKET_CAP":7425081711.78,"HKSK_MARKET_CAP":7425081711.78,"PE_TTM":-7.838239477367,"PB_TTM":-3.40778445586,"REPORT_DATE_SQ":"2022-06-30 00:00:00","REPORT_TYPE_SQ":"2022年中报","OPERATE_INCOME_SQ":992525000,"DPS_HKD":null,"OPERATE_INCOME_QOQ_SQ":13.21780683504,"NET_PROFIT_RATIO_SQ":-21.2373491852,"HOLDER_PROFIT_SQ":-210786000,"HOLDER_PROFIT_QOQ_SQ":-25.975115474201,"ROE_AVG_SQ":14.616367674602,"PE_TTM_SQ":null,"PB_TTM_SQ":null,"ROA_SQ":-56.001944788723,"START_DATE":"2023-01-01 00:00:00","FISCAL_YEAR":"12-31","CURRENCY":"HKD","IS_CNY_CODE":0,"DPS_HKD_LY":null,"ORG_TYPE":"一般企业","PREMIUM_INCOME":null,"PREMIUM_INCOME_YOY":null,"NET_INTEREST_INCOME":null,"NET_INTEREST_INCOME_YOY":null,"FEE_COMMISSION_INCOME":null,"FEE_COMMISSION_INCOME_YOY":null,"ACCOUNTS_RECE_TDAYS":null,"INVENTORY_TDAYS":null,"CURRENT_ASSETS_TDAYS":5.433903655534,"TOTAL_ASSETS_TDAYS":4.976146746557,"PREMIUM_EXPENSE":null,"LOAN_DEPOSIT":null,"LOAN_EQUITY":null,"LOAN_ASSETS":null,"DEPOSIT_EQUITY":null,"DEPOSIT_ASSETS":null,"EQUITY_MULTIPLIER":null,"EQUITY_RATIO":null},{"SECUCODE":"06086.HK","SECURITY_CODE":"06086","SECURITY_NAME_ABBR":"方舟健客","ORG_CODE":"10000459763","STD_REPORT_DATE":"2022-12-31 00:00:00","REPORT_DATE":"2022-12-31 00:00:00","DATE_TYPE_CODE":"001","REPORT_TYPE":"2022年年报","PER_NETCASH_OPERATE":-0.080927032326,"PER_OI":3.570253179953,"BPS":-1.275796104031,"BASIC_EPS":null,"DILUTED_EPS":null,"OPERATE_INCOME":2204303000,"OPERATE_INCOME_YOY":25.3389913873,"GROSS_PROFIT":380584000,"GROSS_PROFIT_YOY":73.269959207459,"HOLDER_PROFIT":-383302000,"HOLDER_PROFIT_YOY":-26.1011172376,"GROSS_PROFIT_RATIO":17.265502973049,"EPS_TTM":-0.620824444,"OPERATE_INCOME_QOQ":10.706076094441,"NET_PROFIT_RATIO":-17.3888072556,"ROE_AVG":25.13322243212,"GROSS_PROFIT_QOQ":36.793449740851,"ROA":-88.362207084155,"HOLDER_PROFIT_QOQ":-0.100021153299,"ROE_YEARLY":25.13322243212,"ROIC_YEARLY":-118.30217359434,"TOTAL_ASSETS":518881000,"TOTAL_LIABILITIES":2228789000,"TAX_EBT":-0.003391696605,"OCF_SALES":-2.26670289883,"TOTAL_PARENT_EQUITY":-1709908000,"DEBT_ASSET_RATIO":429.537601107,"OPERATE_PROFIT":-261508000,"PRETAX_PROFIT":-383289000,"NETCASH_OPERATE":-49965000,"NETCASH_INVEST":14315000,"NETCASH_FINANCE":82233000,"END_CASH":134907000,"DIVI_RATIO":null,"DIVIDEND_RATE":null,"CURRENT_RATIO":0.99606120126,"COMMON_ACS":2500000000,"CURRENTDEBT_DEBT":21.403955242062,"ISSUED_COMMON_SHARES":1340267457,"HK_COMMON_SHARES":1340267457,"PER_SHARES":500,"TOTAL_MARKET_CAP":7425081711.78,"HKSK_MARKET_CAP":7425081711.78,"PE_TTM":-7.838239477367,"PB_TTM":-3.40778445586,"REPORT_DATE_SQ":"2021-12-31 00:00:00","REPORT_TYPE_SQ":"2021年年报","OPERATE_INCOME_SQ":1758673000,"DPS_HKD":null,"OPERATE_INCOME_QOQ_SQ":51.596019325837,"NET_PROFIT_RATIO_SQ":-17.2851348716,"HOLDER_PROFIT_SQ":-303964000,"HOLDER_PROFIT_QOQ_SQ":-237.647738380876,"ROE_AVG_SQ":25.51721503696,"PE_TTM_SQ":null,"PB_TTM_SQ":null,"ROA_SQ":-65.639559428652,"START_DATE":"2022-01-01 00:00:00","FISCAL_YEAR":"12-31","CURRENCY":"HKD","IS_CNY_CODE":0,"DPS_HKD_LY":null,"ORG_TYPE":"一般企业","PREMIUM_INCOME":null,"PREMIUM_INCOME_YOY":null,"NET_INTEREST_INCOME":null,"NET_INTEREST_INCOME_YOY":null,"FEE_COMMISSION_INCOME":null,"FEE_COMMISSION_INCOME_YOY":null,"ACCOUNTS_RECE_TDAYS":32.721298577918,"INVENTORY_TDAYS":15.325884903694,"CURRENT_ASSETS_TDAYS":5.599794228229,"TOTAL_ASSETS_TDAYS":5.081556531461,"PREMIUM_EXPENSE":null,"LOAN_DEPOSIT":null,"LOAN_EQUITY":null,"LOAN_ASSETS":null,"DEPOSIT_EQUITY":null,"DEPOSIT_ASSETS":null,"EQUITY_MULTIPLIER":-0.303455507548,"EQUITY_RATIO":-1.303455507548},{"SECUCODE":"06086.HK","SECURITY_CODE":"06086","SECURITY_NAME_ABBR":"方舟健客","ORG_CODE":"10000459763","STD_REPORT_DATE":"2022-06-30 00:00:00","REPORT_DATE":"2022-06-30 00:00:00","DATE_TYPE_CODE":"002","REPORT_TYPE":"2022年中报","PER_NETCASH_OPERATE":-0.004098636372,"PER_OI":1.549123787209,"BPS":-1.15200290206,"BASIC_EPS":null,"DILUTED_EPS":null,"OPERATE_INCOME":992525000,"OPERATE_INCOME_YOY":30.5838827367,"GROSS_PROFIT":151693000,"GROSS_PROFIT_YOY":62.895310503313,"HOLDER_PROFIT":-210786000,"HOLDER_PROFIT_YOY":-59.8910726612,"GROSS_PROFIT_RATIO":15.283544495101,"EPS_TTM":-0.597656413163,"OPERATE_INCOME_QOQ":13.21780683504,"NET_PROFIT_RATIO":-21.2373491852,"ROE_AVG":14.616367674602,"GROSS_PROFIT_QOQ":26.665391899767,"ROA":-56.001944788723,"HOLDER_PROFIT_QOQ":-25.975115474201,"ROE_YEARLY":29.232735349204,"ROIC_YEARLY":-163.40886714783,"TOTAL_ASSETS":404092000,"TOTAL_LIABILITIES":1948084000,"TAX_EBT":null,"OCF_SALES":-0.264577718445,"TOTAL_PARENT_EQUITY":-1543992000,"DEBT_ASSET_RATIO":482.0892272057,"OPERATE_PROFIT":-159396000,"PRETAX_PROFIT":-210786000,"NETCASH_OPERATE":-2626000,"NETCASH_INVEST":8068000,"NETCASH_FINANCE":59565000,"END_CASH":152151000,"DIVI_RATIO":null,"DIVIDEND_RATE":null,"CURRENT_RATIO":0.930280101093,"COMMON_ACS":2500000000,"CURRENTDEBT_DEBT":20.087583492293,"ISSUED_COMMON_SHARES":1340267457,"HK_COMMON_SHARES":1340267457,"PER_SHARES":500,"TOTAL_MARKET_CAP":7425081711.78,"HKSK_MARKET_CAP":7425081711.78,"PE_TTM":-7.838239477367,"PB_TTM":-3.40778445586,"REPORT_DATE_SQ":"2021-06-30 00:00:00","REPORT_TYPE_SQ":"2021年中报","OPERATE_INCOME_SQ":760067000,"DPS_HKD":null,"OPERATE_INCOME_QOQ_SQ":0,"NET_PROFIT_RATIO_SQ":-17.3475496239,"HOLDER_PROFIT_SQ":-131831000,"HOLDER_PROFIT_QOQ_SQ":0,"ROE_AVG_SQ":null,"PE_TTM_SQ":null,"PB_TTM_SQ":null,"ROA_SQ":null,"START_DATE":"2022-01-01 00:00:00","FISCAL_YEAR":"12-31","CURRENCY":"HKD","IS_CNY_CODE":0,"DPS_HKD_LY":null,"ORG_TYPE":"一般企业","PREMIUM_INCOME":null,"PREMIUM_INCOME_YOY":null,"NET_INTEREST_INCOME":null,"NET_INTEREST_INCOME_YOY":null,"FEE_COMMISSION_INCOME":null,"FEE_COMMISSION_INCOME_YOY":null,"ACCOUNTS_RECE_TDAYS":20.667485710121,"INVENTORY_TDAYS":7.433984784252,"CURRENT_ASSETS_TDAYS":2.935813059232,"TOTAL_ASSETS_TDAYS":2.636955502331,"PREMIUM_EXPENSE":null,"LOAN_DEPOSIT":null,"LOAN_EQUITY":null,"LOAN_ASSETS":null,"DEPOSIT_EQUITY":null,"DEPOSIT_ASSETS":null,"EQUITY_MULTIPLIER":-0.261718972637,"EQUITY_RATIO":-1.261718972637},{"SECUCODE":"06086.HK","SECURITY_CODE":"06086","SECURITY_NAME_ABBR":"方舟健客","ORG_CODE":"10000459763","STD_REPORT_DATE":"2021-12-31 00:00:00","REPORT_DATE":"2021-12-31 00:00:00","DATE_TYPE_CODE":"001","REPORT_TYPE":"2021年年报","PER_NETCASH_OPERATE":-0.301963531047,"PER_OI":2.607621266535,"BPS":-0.999989959467,"BASIC_EPS":null,"DILUTED_EPS":null,"OPERATE_INCOME":1758673000,"OPERATE_INCOME_YOY":51.5960193258,"GROSS_PROFIT":219648000,"GROSS_PROFIT_YOY":4.419259146573,"HOLDER_PROFIT":-303964000,"HOLDER_PROFIT_YOY":-237.6477383809,"GROSS_PROFIT_RATIO":12.489416736369,"EPS_TTM":-0.450693784837,"OPERATE_INCOME_QOQ":51.596019325837,"NET_PROFIT_RATIO":-17.2851348716,"ROE_AVG":25.51721503696,"GROSS_PROFIT_QOQ":4.419259146573,"ROA":-65.639559428652,"HOLDER_PROFIT_QOQ":-237.647738380876,"ROE_YEARLY":25.51721503696,"ROIC_YEARLY":-113.911176234715,"TOTAL_ASSETS":348689000,"TOTAL_LIABILITIES":1688943000,"TAX_EBT":-0.01283105774,"OCF_SALES":-11.580037903578,"TOTAL_PARENT_EQUITY":-1340254000,"DEBT_ASSET_RATIO":484.3694524347,"OPERATE_PROFIT":-195915000,"PRETAX_PROFIT":-303950000,"NETCASH_OPERATE":-203655000,"NETCASH_INVEST":-4323000,"NETCASH_FINANCE":-11407000,"END_CASH":84658000,"DIVI_RATIO":null,"DIVIDEND_RATE":null,"CURRENT_RATIO":1.000798432635,"COMMON_ACS":2500000000,"CURRENTDEBT_DEBT":18.464862342897,"ISSUED_COMMON_SHARES":1340267457,"HK_COMMON_SHARES":1340267457,"PER_SHARES":500,"TOTAL_MARKET_CAP":7425081711.78,"HKSK_MARKET_CAP":7425081711.78,"PE_TTM":-7.838239477367,"PB_TTM":-3.40778445586,"REPORT_DATE_SQ":"2020-12-31 00:00:00","REPORT_TYPE_SQ":"2020年年报","OPERATE_INCOME_SQ":1160105000,"DPS_HKD":null,"OPERATE_INCOME_QOQ_SQ":282.972788284734,"NET_PROFIT_RATIO_SQ":-7.7599872425,"HOLDER_PROFIT_SQ":-90024000,"HOLDER_PROFIT_QOQ_SQ":30.895357406043,"ROE_AVG_SQ":16.689562349486,"PE_TTM_SQ":null,"PB_TTM_SQ":null,"ROA_SQ":-24.46759790885,"START_DATE":"2021-01-01 00:00:00","FISCAL_YEAR":"12-31","CURRENCY":"HKD","IS_CNY_CODE":0,"DPS_HKD_LY":null,"ORG_TYPE":"一般企业","PREMIUM_INCOME":null,"PREMIUM_INCOME_YOY":null,"NET_INTEREST_INCOME":null,"NET_INTEREST_INCOME_YOY":null,"FEE_COMMISSION_INCOME":null,"FEE_COMMISSION_INCOME_YOY":null,"ACCOUNTS_RECE_TDAYS":54.34628636764,"INVENTORY_TDAYS":17.053003063729,"CURRENT_ASSETS_TDAYS":4.192117639487,"TOTAL_ASSETS_TDAYS":3.797769502279,"PREMIUM_EXPENSE":null,"LOAN_DEPOSIT":null,"LOAN_EQUITY":null,"LOAN_ASSETS":null,"DEPOSIT_EQUITY":null,"DEPOSIT_ASSETS":null,"EQUITY_MULTIPLIER":-0.260166356526,"EQUITY_RATIO":-1.260166356526},{"SECUCODE":"06086.HK","SECURITY_CODE":"06086","SECURITY_NAME_ABBR":"方舟健客","ORG_CODE":"10000459763","STD_REPORT_DATE":"2021-06-30 00:00:00","REPORT_DATE":"2021-06-30 00:00:00","DATE_TYPE_CODE":"002","REPORT_TYPE":"2021年中报","PER_NETCASH_OPERATE":null,"PER_OI":null,"BPS":null,"BASIC_EPS":null,"DILUTED_EPS":null,"OPERATE_INCOME":760067000,"OPERATE_INCOME_YOY":null,"GROSS_PROFIT":93123000,"GROSS_PROFIT_YOY":null,"HOLDER_PROFIT":-131831000,"HOLDER_PROFIT_YOY":null,"GROSS_PROFIT_RATIO":12.251946210005,"EPS_TTM":-0.136604092465,"OPERATE_INCOME_QOQ":0,"NET_PROFIT_RATIO":-17.3475496239,"ROE_AVG":null,"GROSS_PROFIT_QOQ":0,"ROA":null,"HOLDER_PROFIT_QOQ":0,"ROE_YEARLY":null,"ROIC_YEARLY":null,"TOTAL_ASSETS":null,"TOTAL_LIABILITIES":null,"TAX_EBT":-0.010619012584,"OCF_SALES":-12.426667649036,"TOTAL_PARENT_EQUITY":null,"DEBT_ASSET_RATIO":null,"OPERATE_PROFIT":-86239000,"PRETAX_PROFIT":-131839000,"NETCASH_OPERATE":-94451000,"NETCASH_INVEST":1827000,"NETCASH_FINANCE":-4931000,"END_CASH":207626000,"DIVI_RATIO":null,"DIVIDEND_RATE":null,"CURRENT_RATIO":null,"COMMON_ACS":2500000000,"CURRENTDEBT_DEBT":null,"ISSUED_COMMON_SHARES":1340267457,"HK_COMMON_SHARES":1340267457,"PER_SHARES":500,"TOTAL_MARKET_CAP":7425081711.78,"HKSK_MARKET_CAP":7425081711.78,"PE_TTM":-7.838239477367,"PB_TTM":-3.40778445586,"REPORT_DATE_SQ":"2020-06-30 00:00:00","REPORT_TYPE_SQ":"2020年中报","OPERATE_INCOME_SQ":null,"DPS_HKD":null,"OPERATE_INCOME_QOQ_SQ":0,"NET_PROFIT_RATIO_SQ":null,"HOLDER_PROFIT_SQ":null,"HOLDER_PROFIT_QOQ_SQ":0,"ROE_AVG_SQ":null,"PE_TTM_SQ":null,"PB_TTM_SQ":null,"ROA_SQ":null,"START_DATE":"2021-01-01 00:00:00","FISCAL_YEAR":"12-31","CURRENCY":"HKD","IS_CNY_CODE":0,"DPS_HKD_LY":null,"ORG_TYPE":"一般企业","PREMIUM_INCOME":null,"PREMIUM_INCOME_YOY":null,"NET_INTEREST_INCOME":null,"NET_INTEREST_INCOME_YOY":null,"FEE_COMMISSION_INCOME":null,"FEE_COMMISSION_INCOME_YOY":null,"ACCOUNTS_RECE_TDAYS":null,"INVENTORY_TDAYS":null,"CURRENT_ASSETS_TDAYS":2.884898885616,"TOTAL_ASSETS_TDAYS":2.632394297905,"PREMIUM_EXPENSE":null,"LOAN_DEPOSIT":null,"LOAN_EQUITY":null,"LOAN_ASSETS":null,"DEPOSIT_EQUITY":null,"DEPOSIT_ASSETS":null,"EQUITY_MULTIPLIER":null,"EQUITY_RATIO":null},{"SECUCODE":"06086.HK","SECURITY_CODE":"06086","SECURITY_NAME_ABBR":"方舟健客","ORG_CODE":"10000459763","STD_REPORT_DATE":"2020-12-31 00:00:00","REPORT_DATE":"2020-12-31 00:00:00","DATE_TYPE_CODE":"001","REPORT_TYPE":"2020年年报","PER_NETCASH_OPERATE":0.033588060814,"PER_OI":1.760364910349,"BPS":-0.777582858225,"BASIC_EPS":null,"DILUTED_EPS":null,"OPERATE_INCOME":1160105000,"OPERATE_INCOME_YOY":282.9727882847,"GROSS_PROFIT":210352000,"GROSS_PROFIT_YOY":390.113935553018,"HOLDER_PROFIT":-90024000,"HOLDER_PROFIT_YOY":30.895357406,"GROSS_PROFIT_RATIO":18.132151831084,"EPS_TTM":-0.136604092465,"OPERATE_INCOME_QOQ":282.972788284734,"NET_PROFIT_RATIO":-7.7599872425,"ROE_AVG":16.689562349486,"GROSS_PROFIT_QOQ":390.113935553019,"ROA":-24.46759790885,"HOLDER_PROFIT_QOQ":30.895357406043,"ROE_YEARLY":16.689562349486,"ROIC_YEARLY":-45.437751733745,"TOTAL_ASSETS":577472000,"TOTAL_LIABILITIES":1619641000,"TAX_EBT":-0.013331555793,"OCF_SALES":1.908016946742,"TOTAL_PARENT_EQUITY":-1042169000,"DEBT_ASSET_RATIO":280.4709146071,"OPERATE_PROFIT":-76316000,"PRETAX_PROFIT":-90012000,"NETCASH_OPERATE":22135000,"NETCASH_INVEST":-87735000,"NETCASH_FINANCE":343493000,"END_CASH":307817000,"DIVI_RATIO":null,"DIVIDEND_RATE":null,"CURRENT_RATIO":1.672320113746,"COMMON_ACS":2500000000,"CURRENTDEBT_DEBT":19.454187687271,"ISSUED_COMMON_SHARES":1340267457,"HK_COMMON_SHARES":1340267457,"PER_SHARES":500,"TOTAL_MARKET_CAP":7425081711.78,"HKSK_MARKET_CAP":7425081711.78,"PE_TTM":-7.838239477367,"PB_TTM":-3.40778445586,"REPORT_DATE_SQ":"2019-12-31 00:00:00","REPORT_TYPE_SQ":"2019年年报","OPERATE_INCOME_SQ":302921000,"DPS_HKD":null,"OPERATE_INCOME_QOQ_SQ":null,"NET_PROFIT_RATIO_SQ":-43.0052720016,"HOLDER_PROFIT_SQ":-130272000,"HOLDER_PROFIT_QOQ_SQ":null,"ROE_AVG_SQ":355.574965199116,"PE_TTM_SQ":null,"PB_TTM_SQ":null,"ROA_SQ":-82.247097372957,"START_DATE":"2020-01-01 00:00:00","FISCAL_YEAR":"12-31","CURRENCY":"HKD","IS_CNY_CODE":0,"DPS_HKD_LY":null,"ORG_TYPE":"一般企业","PREMIUM_INCOME":null,"PREMIUM_INCOME_YOY":null,"NET_INTEREST_INCOME":null,"NET_INTEREST_INCOME_YOY":null,"FEE_COMMISSION_INCOME":null,"FEE_COMMISSION_INCOME_YOY":null,"ACCOUNTS_RECE_TDAYS":88.304852521408,"INVENTORY_TDAYS":24.788020357562,"CURRENT_ASSETS_TDAYS":3.647802005166,"TOTAL_ASSETS_TDAYS":3.153046151254,"PREMIUM_EXPENSE":null,"LOAN_DEPOSIT":null,"LOAN_EQUITY":null,"LOAN_ASSETS":null,"DEPOSIT_EQUITY":null,"DEPOSIT_ASSETS":null,"EQUITY_MULTIPLIER":-0.554105907967,"EQUITY_RATIO":-1.554105907967},{"SECUCODE":"06086.HK","SECURITY_CODE":"06086","SECURITY_NAME_ABBR":"方舟健客","ORG_CODE":"10000459763","STD_REPORT_DATE":"2019-12-31 00:00:00","REPORT_DATE":"2019-12-31 00:00:00","DATE_TYPE_CODE":"001","REPORT_TYPE":"2019年年报","PER_NETCASH_OPERATE":-0.122020615944,"PER_OI":0.595278163437,"BPS":-0.027335588735,"BASIC_EPS":null,"DILUTED_EPS":null,"OPERATE_INCOME":302921000,"OPERATE_INCOME_YOY":null,"GROSS_PROFIT":42919000,"GROSS_PROFIT_YOY":null,"HOLDER_PROFIT":-130272000,"HOLDER_PROFIT_YOY":null,"GROSS_PROFIT_RATIO":14.168380534859,"EPS_TTM":-0.256000993352,"OPERATE_INCOME_QOQ":null,"NET_PROFIT_RATIO":-43.0052720016,"ROE_AVG":355.574965199116,"GROSS_PROFIT_QOQ":null,"ROA":-82.247097372957,"HOLDER_PROFIT_QOQ":null,"ROE_YEARLY":355.574965199116,"ROIC_YEARLY":-102.902912391289,"TOTAL_ASSETS":158391000,"TOTAL_LIABILITIES":195028000,"TAX_EBT":-0.001535272895,"OCF_SALES":-20.498083658776,"TOTAL_PARENT_EQUITY":-36637000,"DEBT_ASSET_RATIO":123.1307334381,"OPERATE_PROFIT":-129713000,"PRETAX_PROFIT":-130270000,"NETCASH_OPERATE":-62093000,"NETCASH_INVEST":-11748000,"NETCASH_FINANCE":85959000,"END_CASH":31794000,"DIVI_RATIO":null,"DIVIDEND_RATE":null,"CURRENT_RATIO":0.611596509614,"COMMON_ACS":2500000000,"CURRENTDEBT_DEBT":91.49096539984,"ISSUED_COMMON_SHARES":1340267457,"HK_COMMON_SHARES":1340267457,"PER_SHARES":500,"TOTAL_MARKET_CAP":7425081711.78,"HKSK_MARKET_CAP":7425081711.78,"PE_TTM":-7.838239477367,"PB_TTM":-3.40778445586,"REPORT_DATE_SQ":"2018-12-31 00:00:00","REPORT_TYPE_SQ":"2018年年报","OPERATE_INCOME_SQ":null,"DPS_HKD":null,"OPERATE_INCOME_QOQ_SQ":null,"NET_PROFIT_RATIO_SQ":null,"HOLDER_PROFIT_SQ":null,"HOLDER_PROFIT_QOQ_SQ":null,"ROE_AVG_SQ":null,"PE_TTM_SQ":null,"PB_TTM_SQ":null,"ROA_SQ":null,"START_DATE":"2019-01-01 00:00:00","FISCAL_YEAR":"12-31","CURRENCY":"HKD","IS_CNY_CODE":0,"DPS_HKD_LY":null,"ORG_TYPE":"一般企业","PREMIUM_INCOME":null,"PREMIUM_INCOME_YOY":null,"NET_INTEREST_INCOME":null,"NET_INTEREST_INCOME_YOY":null,"FEE_COMMISSION_INCOME":null,"FEE_COMMISSION_INCOME_YOY":null,"ACCOUNTS_RECE_TDAYS":30.675544303797,"INVENTORY_TDAYS":33.947251599426,"CURRENT_ASSETS_TDAYS":5.551613228381,"TOTAL_ASSETS_TDAYS":3.824977429273,"PREMIUM_EXPENSE":null,"LOAN_DEPOSIT":null,"LOAN_EQUITY":null,"LOAN_ASSETS":null,"DEPOSIT_EQUITY":null,"DEPOSIT_ASSETS":null,"EQUITY_MULTIPLIER":-4.323252449716,"EQUITY_RATIO":-5.323252449709}],"count":9},"success":true,"message":"ok","code":0}