{"version":"b52c7c6aadb5c274879c30ba9a0e7d22","result":{"pages":5,"data":[{"SECUCODE":"06099.HK","SECURITY_CODE":"06099","SECURITY_NAME_ABBR":"招商证券","ORG_CODE":"10004774","STD_REPORT_DATE":"2024-09-30 00:00:00","REPORT_DATE":"2024-09-30 00:00:00","DATE_TYPE_CODE":"004","REPORT_TYPE":"2024年三季报","PER_NETCASH_OPERATE":8.785001316247,"PER_OI":1.641951174886,"BPS":12.76078747058,"BASIC_EPS":0.77,"DILUTED_EPS":0.77,"OPERATE_INCOME":14279272406.54,"OPERATE_INCOME_YOY":-3.9799401316,"GROSS_PROFIT":null,"GROSS_PROFIT_YOY":null,"HOLDER_PROFIT":7149509482.88,"HOLDER_PROFIT_YOY":11.6845451779,"GROSS_PROFIT_RATIO":null,"EPS_TTM":1.093764075229,"OPERATE_INCOME_QOQ":2.434083691548,"NET_PROFIT_RATIO":50.0905582123,"ROE_AVG":5.767222763226,"GROSS_PROFIT_QOQ":null,"ROA":1.049381793965,"HOLDER_PROFIT_QOQ":8.278828593301,"ROE_YEARLY":7.689630350968,"ROIC_YEARLY":1.281482459738,"TOTAL_ASSETS":666760600878.02,"TOTAL_LIABILITIES":540707507497.15,"TAX_EBT":5.391326748319,"OCF_SALES":535.03425988637,"TOTAL_PARENT_EQUITY":125974530303.57,"DEBT_ASSET_RATIO":81.0946997746,"OPERATE_PROFIT":7564253263.72,"PRETAX_PROFIT":7560160195.95,"NETCASH_OPERATE":76398999437.49,"NETCASH_INVEST":-11098030994.67,"NETCASH_FINANCE":-53616595745.58,"END_CASH":158007835124.13,"DIVI_RATIO":0.321297991001,"DIVIDEND_RATE":2.614864864865,"CURRENT_RATIO":1.000333497514,"COMMON_ACS":null,"CURRENTDEBT_DEBT":99.30958470444,"ISSUED_COMMON_SHARES":8696526806,"HK_COMMON_SHARES":1274521534,"PER_SHARES":200,"TOTAL_MARKET_CAP":128708596728.8,"HKSK_MARKET_CAP":18862918703.2,"PE_TTM":12.116165630094,"PB_TTM":1.045898776292,"REPORT_DATE_SQ":"2023-09-30 00:00:00","REPORT_TYPE_SQ":"2023年三季报","OPERATE_INCOME_SQ":14871134663.02,"DPS_HKD":0.387,"OPERATE_INCOME_QOQ_SQ":-0.698947034954,"NET_PROFIT_RATIO_SQ":43.0723130287,"HOLDER_PROFIT_SQ":6401520883.21,"HOLDER_PROFIT_QOQ_SQ":-3.71533433981,"ROE_AVG_SQ":5.454433206969,"PE_TTM_SQ":5.918005134912,"PB_TTM_SQ":0.470937732812,"ROA_SQ":1.036113894995,"START_DATE":"2024-01-01 00:00:00","FISCAL_YEAR":"12-31","CURRENCY":"HKD","IS_CNY_CODE":0,"DPS_HKD_LY":0.387,"ORG_TYPE":"证券","PREMIUM_INCOME":null,"PREMIUM_INCOME_YOY":null,"NET_INTEREST_INCOME":679853340.83,"NET_INTEREST_INCOME_YOY":null,"FEE_COMMISSION_INCOME":5054918879.24,"FEE_COMMISSION_INCOME_YOY":-17.58957313368,"ACCOUNTS_RECE_TDAYS":26.084013978403,"INVENTORY_TDAYS":null,"CURRENT_ASSETS_TDAYS":0.024077850174,"TOTAL_ASSETS_TDAYS":0.020958652521,"PREMIUM_EXPENSE":null,"LOAN_DEPOSIT":null,"LOAN_EQUITY":null,"LOAN_ASSETS":null,"DEPOSIT_EQUITY":null,"DEPOSIT_ASSETS":null,"EQUITY_MULTIPLIER":5.289521922833,"EQUITY_RATIO":4.292197051215},{"SECUCODE":"06099.HK","SECURITY_CODE":"06099","SECURITY_NAME_ABBR":"招商证券","ORG_CODE":"10004774","STD_REPORT_DATE":"2024-06-30 00:00:00","REPORT_DATE":"2024-06-30 00:00:00","DATE_TYPE_CODE":"002","REPORT_TYPE":"2024年中报","PER_NETCASH_OPERATE":5.069378958228,"PER_OI":1.651509196762,"BPS":12.585681553294,"BASIC_EPS":0.51,"DILUTED_EPS":0.51,"OPERATE_INCOME":14362394000,"OPERATE_INCOME_YOY":-8.2483329182,"GROSS_PROFIT":null,"GROSS_PROFIT_YOY":null,"HOLDER_PROFIT":4747695000,"HOLDER_PROFIT_YOY":0.438335299,"GROSS_PROFIT_RATIO":null,"EPS_TTM":1.010136597744,"OPERATE_INCOME_QOQ":-2.812451547186,"NET_PROFIT_RATIO":33.0722162336,"ROE_AVG":3.853442980861,"GROSS_PROFIT_QOQ":null,"ROA":0.711274482239,"HOLDER_PROFIT_QOQ":1.424243670295,"ROE_YEARLY":7.706885961721,"ROIC_YEARLY":1.677715712718,"TOTAL_ASSETS":639129527000,"TOTAL_LIABILITIES":514600038000,"TAX_EBT":4.39423703978,"OCF_SALES":306.954328087643,"TOTAL_PARENT_EQUITY":124451717000,"DEBT_ASSET_RATIO":80.5157665639,"OPERATE_PROFIT":4216891000,"PRETAX_PROFIT":4968280000,"NETCASH_OPERATE":44085990000,"NETCASH_INVEST":-10628298000,"NETCASH_FINANCE":-35330742000,"END_CASH":27966410000,"DIVI_RATIO":0.34789770095,"DIVIDEND_RATE":2.388888888889,"CURRENT_RATIO":1.290113738768,"COMMON_ACS":null,"CURRENTDEBT_DEBT":86.993699172638,"ISSUED_COMMON_SHARES":8696526806,"HK_COMMON_SHARES":1274521534,"PER_SHARES":200,"TOTAL_MARKET_CAP":140883734257.2,"HKSK_MARKET_CAP":20647248850.8,"PE_TTM":13.262289405914,"PB_TTM":1.144835147022,"REPORT_DATE_SQ":"2023-06-30 00:00:00","REPORT_TYPE_SQ":"2023年中报","OPERATE_INCOME_SQ":15653551000,"DPS_HKD":0.387,"OPERATE_INCOME_QOQ_SQ":-4.229019596243,"NET_PROFIT_RATIO_SQ":30.2141795175,"HOLDER_PROFIT_SQ":4726975000,"HOLDER_PROFIT_QOQ_SQ":-3.766679575626,"ROE_AVG_SQ":4.05174433166,"PE_TTM_SQ":6.004329358922,"PB_TTM_SQ":0.477807164895,"ROA_SQ":0.762897699104,"START_DATE":"2024-01-01 00:00:00","FISCAL_YEAR":"12-31","CURRENCY":"HKD","IS_CNY_CODE":0,"DPS_HKD_LY":0.387,"ORG_TYPE":"证券","PREMIUM_INCOME":null,"PREMIUM_INCOME_YOY":null,"NET_INTEREST_INCOME":5031862000,"NET_INTEREST_INCOME_YOY":null,"FEE_COMMISSION_INCOME":4453006000,"FEE_COMMISSION_INCOME_YOY":-15.488203474829,"ACCOUNTS_RECE_TDAYS":3.162203300288,"INVENTORY_TDAYS":null,"CURRENT_ASSETS_TDAYS":0.023420449127,"TOTAL_ASSETS_TDAYS":0.021516976883,"PREMIUM_EXPENSE":null,"LOAN_DEPOSIT":null,"LOAN_EQUITY":null,"LOAN_ASSETS":null,"DEPOSIT_EQUITY":null,"DEPOSIT_ASSETS":null,"EQUITY_MULTIPLIER":5.132354851319,"EQUITY_RATIO":4.134937230316},{"SECUCODE":"06099.HK","SECURITY_CODE":"06099","SECURITY_NAME_ABBR":"招商证券","ORG_CODE":"10004774","STD_REPORT_DATE":"2024-03-31 00:00:00","REPORT_DATE":"2024-03-31 00:00:00","DATE_TYPE_CODE":"003","REPORT_TYPE":"2024年一季报","PER_NETCASH_OPERATE":0.763696720856,"PER_OI":0.49429778753,"BPS":12.568562052227,"BASIC_EPS":0.23,"DILUTED_EPS":0.23,"OPERATE_INCOME":4298673959.4,"OPERATE_INCOME_YOY":-9.6623393758,"GROSS_PROFIT":null,"GROSS_PROFIT_YOY":null,"HOLDER_PROFIT":2157223258.83,"HOLDER_PROFIT_YOY":-4.5417970026,"GROSS_PROFIT_RATIO":null,"EPS_TTM":0.99595181703,"OPERATE_INCOME_QOQ":-1.531549118437,"NET_PROFIT_RATIO":50.2082658656,"ROE_AVG":1.75195801929,"GROSS_PROFIT_QOQ":null,"ROA":0.322349952471,"HOLDER_PROFIT_QOQ":-1.171140964929,"ROE_YEARLY":7.007832077159,"ROIC_YEARLY":1.516147911769,"TOTAL_ASSETS":642582607133.21,"TOTAL_LIABILITIES":518203198638.65,"TAX_EBT":4.984543553703,"OCF_SALES":154.50134314227,"TOTAL_PARENT_EQUITY":124302836800.07,"DEBT_ASSET_RATIO":80.64382585,"OPERATE_PROFIT":2274458520.21,"PRETAX_PROFIT":2271514268.26,"NETCASH_OPERATE":6641509004.58,"NETCASH_INVEST":-10439394650.54,"NETCASH_FINANCE":-26737541540.78,"END_CASH":115741047122.81,"DIVI_RATIO":0.352852611934,"DIVIDEND_RATE":2.374233128834,"CURRENT_RATIO":1.002250982226,"COMMON_ACS":null,"CURRENTDEBT_DEBT":99.29485963259,"ISSUED_COMMON_SHARES":8696526806,"HK_COMMON_SHARES":1274521534,"PER_SHARES":200,"TOTAL_MARKET_CAP":141753386937.8,"HKSK_MARKET_CAP":20774701004.2,"PE_TTM":13.344155389901,"PB_TTM":1.151902030646,"REPORT_DATE_SQ":"2023-03-31 00:00:00","REPORT_TYPE_SQ":"2023年一季报","OPERATE_INCOME_SQ":4758451712.94,"DPS_HKD":0.387,"OPERATE_INCOME_QOQ_SQ":3.620769158059,"NET_PROFIT_RATIO_SQ":47.5095796978,"HOLDER_PROFIT_SQ":2259861584.54,"HOLDER_PROFIT_QOQ_SQ":9.517000372012,"ROE_AVG_SQ":1.942798618286,"PE_TTM_SQ":6.05228726115,"PB_TTM_SQ":0.481623516052,"ROA_SQ":0.372852556224,"START_DATE":"2024-01-01 00:00:00","FISCAL_YEAR":"12-31","CURRENCY":"HKD","IS_CNY_CODE":0,"DPS_HKD_LY":0.387,"ORG_TYPE":"证券","PREMIUM_INCOME":null,"PREMIUM_INCOME_YOY":null,"NET_INTEREST_INCOME":119032816.75,"NET_INTEREST_INCOME_YOY":null,"FEE_COMMISSION_INCOME":1705519588.28,"FEE_COMMISSION_INCOME_YOY":-12.299544090145,"ACCOUNTS_RECE_TDAYS":7.105028845979,"INVENTORY_TDAYS":null,"CURRENT_ASSETS_TDAYS":0.007381941561,"TOTAL_ASSETS_TDAYS":0.006423430402,"PREMIUM_EXPENSE":null,"LOAN_DEPOSIT":null,"LOAN_EQUITY":null,"LOAN_ASSETS":null,"DEPOSIT_EQUITY":null,"DEPOSIT_ASSETS":null,"EQUITY_MULTIPLIER":5.166310202887,"EQUITY_RATIO":4.168876688407},{"SECUCODE":"06099.HK","SECURITY_CODE":"06099","SECURITY_NAME_ABBR":"招商证券","ORG_CODE":"10004774","STD_REPORT_DATE":"2023-12-31 00:00:00","REPORT_DATE":"2023-12-31 00:00:00","DATE_TYPE_CODE":"001","REPORT_TYPE":"2023年年报","PER_NETCASH_OPERATE":1.813242499192,"PER_OI":3.452003158236,"BPS":12.299327120593,"BASIC_EPS":0.94,"DILUTED_EPS":0.94,"OPERATE_INCOME":30020438000,"OPERATE_INCOME_YOY":2.3337969307,"GROSS_PROFIT":null,"GROSS_PROFIT_YOY":null,"HOLDER_PROFIT":8763960000,"HOLDER_PROFIT_YOY":8.5959730586,"GROSS_PROFIT_RATIO":null,"EPS_TTM":1.007754037388,"OPERATE_INCOME_QOQ":3.84473672125,"NET_PROFIT_RATIO":29.210389935,"ROE_AVG":7.391504579631,"GROSS_PROFIT_QOQ":null,"ROA":1.340552245221,"HOLDER_PROFIT_QOQ":6.988705554096,"ROE_YEARLY":7.391504579631,"ROIC_YEARLY":1.617030932392,"TOTAL_ASSETS":695852990280.62,"TOTAL_LIABILITIES":573816058013.5,"TAX_EBT":5.665053697449,"OCF_SALES":52.527254932123,"TOTAL_PARENT_EQUITY":121961426964.03,"DEBT_ASSET_RATIO":82.4622536077,"OPERATE_PROFIT":7761235000,"PRETAX_PROFIT":9295693000,"NETCASH_OPERATE":15768912000,"NETCASH_INVEST":-24094856000,"NETCASH_FINANCE":7701274000,"END_CASH":29781625000,"DIVI_RATIO":0.34872021045,"DIVIDEND_RATE":2.388888888889,"CURRENT_RATIO":1.312938481189,"COMMON_ACS":null,"CURRENTDEBT_DEBT":99.269295639612,"ISSUED_COMMON_SHARES":8696526806,"HK_COMMON_SHARES":1274521534,"PER_SHARES":200,"TOTAL_MARKET_CAP":140883734257.2,"HKSK_MARKET_CAP":20647248850.8,"PE_TTM":13.262289405914,"PB_TTM":1.144835147022,"REPORT_DATE_SQ":"2022-12-31 00:00:00","REPORT_TYPE_SQ":"2022年年报","OPERATE_INCOME_SQ":29335800000,"DPS_HKD":0.387,"OPERATE_INCOME_QOQ_SQ":-13.356505878151,"NET_PROFIT_RATIO_SQ":27.5404318273,"HOLDER_PROFIT_SQ":8070244000,"HOLDER_PROFIT_QOQ_SQ":-14.345347879997,"ROE_AVG_SQ":7.091491044263,"PE_TTM_SQ":6.004329358922,"PB_TTM_SQ":0.477807164895,"ROA_SQ":1.335500446813,"START_DATE":"2023-01-01 00:00:00","FISCAL_YEAR":"12-31","CURRENCY":"HKD","IS_CNY_CODE":0,"DPS_HKD_LY":0.201,"ORG_TYPE":"证券","PREMIUM_INCOME":null,"PREMIUM_INCOME_YOY":null,"NET_INTEREST_INCOME":10975823000,"NET_INTEREST_INCOME_YOY":null,"FEE_COMMISSION_INCOME":10485053000,"FEE_COMMISSION_INCOME_YOY":-12.015862071107,"ACCOUNTS_RECE_TDAYS":9.259852553444,"INVENTORY_TDAYS":null,"CURRENT_ASSETS_TDAYS":0.048706055668,"TOTAL_ASSETS_TDAYS":0.045919841674,"PREMIUM_EXPENSE":null,"LOAN_DEPOSIT":null,"LOAN_EQUITY":null,"LOAN_ASSETS":null,"DEPOSIT_EQUITY":null,"DEPOSIT_ASSETS":null,"EQUITY_MULTIPLIER":5.701986889485,"EQUITY_RATIO":4.70489787056},{"SECUCODE":"06099.HK","SECURITY_CODE":"06099","SECURITY_NAME_ABBR":"招商证券","ORG_CODE":"10004774","STD_REPORT_DATE":"2023-09-30 00:00:00","REPORT_DATE":"2023-09-30 00:00:00","DATE_TYPE_CODE":"004","REPORT_TYPE":"2023年三季报","PER_NETCASH_OPERATE":1.449672205796,"PER_OI":1.710008488994,"BPS":12.022347553671,"BASIC_EPS":0.69,"DILUTED_EPS":0.69,"OPERATE_INCOME":14871134663.02,"OPERATE_INCOME_YOY":-2.7901451277,"GROSS_PROFIT":null,"GROSS_PROFIT_YOY":null,"HOLDER_PROFIT":6401520883.21,"HOLDER_PROFIT_YOY":1.8967793821,"GROSS_PROFIT_RATIO":null,"EPS_TTM":0.941925628662,"OPERATE_INCOME_QOQ":-0.698947034954,"NET_PROFIT_RATIO":43.0723130287,"ROE_AVG":5.454433206969,"GROSS_PROFIT_QOQ":null,"ROA":1.036113894995,"HOLDER_PROFIT_QOQ":-3.71533433981,"ROE_YEARLY":7.272577609292,"ROIC_YEARLY":1.249492549218,"TOTAL_ASSETS":624017113163.64,"TOTAL_LIABILITIES":504382686951.69,"TAX_EBT":7.339943909225,"OCF_SALES":84.775731531569,"TOTAL_PARENT_EQUITY":119552667771.55,"DEBT_ASSET_RATIO":80.8283420938,"OPERATE_PROFIT":6911357653.3,"PRETAX_PROFIT":6912732350.07,"NETCASH_OPERATE":12607113197.62,"NETCASH_INVEST":-69088073.78,"NETCASH_FINANCE":-19745569269.83,"END_CASH":128471193759.12,"DIVI_RATIO":0.373091239166,"DIVIDEND_RATE":2.374233128834,"CURRENT_RATIO":1.071589577883,"COMMON_ACS":null,"CURRENTDEBT_DEBT":99.131126660145,"ISSUED_COMMON_SHARES":8696526806,"HK_COMMON_SHARES":1274521534,"PER_SHARES":200,"TOTAL_MARKET_CAP":141753386937.8,"HKSK_MARKET_CAP":20774701004.2,"PE_TTM":13.344155389901,"PB_TTM":1.151902030646,"REPORT_DATE_SQ":"2022-09-30 00:00:00","REPORT_TYPE_SQ":"2022年三季报","OPERATE_INCOME_SQ":15297970234.15,"DPS_HKD":0.387,"OPERATE_INCOME_QOQ_SQ":-8.372822026135,"NET_PROFIT_RATIO_SQ":41.1096216126,"HOLDER_PROFIT_SQ":6282358404.29,"HOLDER_PROFIT_QOQ_SQ":-7.494628896033,"ROE_AVG_SQ":5.554693016832,"PE_TTM_SQ":6.05228726115,"PB_TTM_SQ":0.481623516052,"ROA_SQ":1.064679041727,"START_DATE":"2023-01-01 00:00:00","FISCAL_YEAR":"12-31","CURRENCY":"HKD","IS_CNY_CODE":0,"DPS_HKD_LY":0.201,"ORG_TYPE":"证券","PREMIUM_INCOME":null,"PREMIUM_INCOME_YOY":null,"NET_INTEREST_INCOME":1306752510.62,"NET_INTEREST_INCOME_YOY":null,"FEE_COMMISSION_INCOME":6133834117.18,"FEE_COMMISSION_INCOME_YOY":-15.939722556794,"ACCOUNTS_RECE_TDAYS":4.476517592323,"INVENTORY_TDAYS":null,"CURRENT_ASSETS_TDAYS":0.026565667746,"TOTAL_ASSETS_TDAYS":0.024069575871,"PREMIUM_EXPENSE":null,"LOAN_DEPOSIT":null,"LOAN_EQUITY":null,"LOAN_ASSETS":null,"DEPOSIT_EQUITY":null,"DEPOSIT_ASSETS":null,"EQUITY_MULTIPLIER":5.216032984172,"EQUITY_RATIO":4.218916201147},{"SECUCODE":"06099.HK","SECURITY_CODE":"06099","SECURITY_NAME_ABBR":"招商证券","ORG_CODE":"10004774","STD_REPORT_DATE":"2023-06-30 00:00:00","REPORT_DATE":"2023-06-30 00:00:00","DATE_TYPE_CODE":"002","REPORT_TYPE":"2023年中报","PER_NETCASH_OPERATE":1.344323919284,"PER_OI":1.799977318439,"BPS":11.861720926201,"BASIC_EPS":0.51,"DILUTED_EPS":0.51,"OPERATE_INCOME":15653551000,"OPERATE_INCOME_YOY":-1.4067917263,"GROSS_PROFIT":null,"GROSS_PROFIT_YOY":null,"HOLDER_PROFIT":4726975000,"HOLDER_PROFIT_YOY":10.1415327346,"GROSS_PROFIT_RATIO":null,"EPS_TTM":0.978271692802,"OPERATE_INCOME_QOQ":-4.229019596243,"NET_PROFIT_RATIO":30.2141795175,"ROE_AVG":4.05174433166,"GROSS_PROFIT_QOQ":null,"ROA":0.762897699104,"HOLDER_PROFIT_QOQ":-3.766679575626,"ROE_YEARLY":8.103488663321,"ROIC_YEARLY":1.865513865349,"TOTAL_ASSETS":627554072000,"TOTAL_LIABILITIES":509313193000,"TAX_EBT":9.224402431998,"OCF_SALES":74.685603285798,"TOTAL_PARENT_EQUITY":118155774000,"DEBT_ASSET_RATIO":81.1584556175,"OPERATE_PROFIT":4440493000,"PRETAX_PROFIT":5210202000,"NETCASH_OPERATE":11690949000,"NETCASH_INVEST":1324784000,"NETCASH_FINANCE":-19838819000,"END_CASH":23756853000,"DIVI_RATIO":0.359229652239,"DIVIDEND_RATE":2.388888888889,"CURRENT_RATIO":1.369494242986,"COMMON_ACS":null,"CURRENTDEBT_DEBT":85.882499218904,"ISSUED_COMMON_SHARES":8696526806,"HK_COMMON_SHARES":1274521534,"PER_SHARES":200,"TOTAL_MARKET_CAP":140883734257.2,"HKSK_MARKET_CAP":20647248850.8,"PE_TTM":13.262289405914,"PB_TTM":1.144835147022,"REPORT_DATE_SQ":"2022-06-30 00:00:00","REPORT_TYPE_SQ":"2022年中报","OPERATE_INCOME_SQ":15876906000,"DPS_HKD":0.387,"OPERATE_INCOME_QOQ_SQ":-2.952862005597,"NET_PROFIT_RATIO_SQ":27.0519520617,"HOLDER_PROFIT_SQ":4291728000,"HOLDER_PROFIT_QOQ_SQ":-3.176163750522,"ROE_AVG_SQ":3.830636402854,"PE_TTM_SQ":6.004329358922,"PB_TTM_SQ":0.477807164895,"ROA_SQ":0.715702104216,"START_DATE":"2023-01-01 00:00:00","FISCAL_YEAR":"12-31","CURRENCY":"HKD","IS_CNY_CODE":0,"DPS_HKD_LY":0.201,"ORG_TYPE":"证券","PREMIUM_INCOME":null,"PREMIUM_INCOME_YOY":null,"NET_INTEREST_INCOME":5423377000,"NET_INTEREST_INCOME_YOY":null,"FEE_COMMISSION_INCOME":5269094000,"FEE_COMMISSION_INCOME_YOY":-15.557442351234,"ACCOUNTS_RECE_TDAYS":2.459236946987,"INVENTORY_TDAYS":null,"CURRENT_ASSETS_TDAYS":0.026468364492,"TOTAL_ASSETS_TDAYS":0.025263636979,"PREMIUM_EXPENSE":null,"LOAN_DEPOSIT":null,"LOAN_EQUITY":null,"LOAN_ASSETS":null,"DEPOSIT_EQUITY":null,"DEPOSIT_ASSETS":null,"EQUITY_MULTIPLIER":5.307420557992,"EQUITY_RATIO":4.310523098093},{"SECUCODE":"06099.HK","SECURITY_CODE":"06099","SECURITY_NAME_ABBR":"招商证券","ORG_CODE":"10004774","STD_REPORT_DATE":"2023-03-31 00:00:00","REPORT_DATE":"2023-03-31 00:00:00","DATE_TYPE_CODE":"003","REPORT_TYPE":"2023年一季报","PER_NETCASH_OPERATE":2.842916062798,"PER_OI":0.547166911468,"BPS":11.782315544421,"BASIC_EPS":0.24,"DILUTED_EPS":0.24,"OPERATE_INCOME":4758451712.94,"OPERATE_INCOME_YOY":28.7365794661,"GROSS_PROFIT":null,"GROSS_PROFIT_YOY":null,"HOLDER_PROFIT":2259861584.54,"HOLDER_PROFIT_YOY":51.5039465368,"GROSS_PROFIT_RATIO":null,"EPS_TTM":1.01656233879,"OPERATE_INCOME_QOQ":3.620769158059,"NET_PROFIT_RATIO":47.5095796978,"ROE_AVG":1.942798618286,"GROSS_PROFIT_QOQ":null,"ROA":0.372852556224,"HOLDER_PROFIT_QOQ":9.517000372012,"ROE_YEARLY":7.771194473142,"ROIC_YEARLY":1.831886652145,"TOTAL_ASSETS":600539320228.21,"TOTAL_LIABILITIES":482990750784.37,"TAX_EBT":11.357137617672,"OCF_SALES":519.570171955252,"TOTAL_PARENT_EQUITY":117465222968.81,"DEBT_ASSET_RATIO":80.4261660337,"OPERATE_PROFIT":2548238988.59,"PRETAX_PROFIT":2550369367.8,"NETCASH_OPERATE":24723495747.33,"NETCASH_INVEST":2704311489.57,"NETCASH_FINANCE":-25903335058.04,"END_CASH":136549714483.04,"DIVI_RATIO":0.345698622298,"DIVIDEND_RATE":2.374233128834,"CURRENT_RATIO":1.079840452517,"COMMON_ACS":null,"CURRENTDEBT_DEBT":99.285271612793,"ISSUED_COMMON_SHARES":8696526806,"HK_COMMON_SHARES":1274521534,"PER_SHARES":200,"TOTAL_MARKET_CAP":141753386937.8,"HKSK_MARKET_CAP":20774701004.2,"PE_TTM":13.344155389901,"PB_TTM":1.151902030646,"REPORT_DATE_SQ":"2022-03-31 00:00:00","REPORT_TYPE_SQ":"2022年一季报","OPERATE_INCOME_SQ":3696270114.27,"DPS_HKD":0.387,"OPERATE_INCOME_QOQ_SQ":-5.617176130873,"NET_PROFIT_RATIO_SQ":40.4222120381,"HOLDER_PROFIT_SQ":1491618955.28,"HOLDER_PROFIT_QOQ_SQ":-9.644164141892,"ROE_AVG_SQ":1.345461054921,"PE_TTM_SQ":6.05228726115,"PB_TTM_SQ":0.481623516052,"ROA_SQ":0.248278620978,"START_DATE":"2023-01-01 00:00:00","FISCAL_YEAR":"12-31","CURRENCY":"HKD","IS_CNY_CODE":0,"DPS_HKD_LY":0.201,"ORG_TYPE":"证券","PREMIUM_INCOME":null,"PREMIUM_INCOME_YOY":null,"NET_INTEREST_INCOME":487963842.43,"NET_INTEREST_INCOME_YOY":null,"FEE_COMMISSION_INCOME":1944710059.47,"FEE_COMMISSION_INCOME_YOY":-23.593899300443,"ACCOUNTS_RECE_TDAYS":1.439346542861,"INVENTORY_TDAYS":null,"CURRENT_ASSETS_TDAYS":0.008639119912,"TOTAL_ASSETS_TDAYS":0.007850927229,"PREMIUM_EXPENSE":null,"LOAN_DEPOSIT":null,"LOAN_EQUITY":null,"LOAN_ASSETS":null,"DEPOSIT_EQUITY":null,"DEPOSIT_ASSETS":null,"EQUITY_MULTIPLIER":5.108861154752,"EQUITY_RATIO":4.111776563116},{"SECUCODE":"06099.HK","SECURITY_CODE":"06099","SECURITY_NAME_ABBR":"招商证券","ORG_CODE":"10004774","STD_REPORT_DATE":"2022-12-31 00:00:00","REPORT_DATE":"2022-12-31 00:00:00","DATE_TYPE_CODE":"001","REPORT_TYPE":"2022年年报","PER_NETCASH_OPERATE":6.359257693755,"PER_OI":3.373277706654,"BPS":11.517135545526,"BASIC_EPS":0.86,"DILUTED_EPS":0.86,"OPERATE_INCOME":29335800000,"OPERATE_INCOME_YOY":-27.2829975354,"GROSS_PROFIT":null,"GROSS_PROFIT_YOY":null,"HOLDER_PROFIT":8070244000,"HOLDER_PROFIT_YOY":-30.6803439912,"GROSS_PROFIT_RATIO":null,"EPS_TTM":0.928223321801,"OPERATE_INCOME_QOQ":-13.356505878151,"NET_PROFIT_RATIO":27.5404318273,"ROE_AVG":7.091491044263,"GROSS_PROFIT_QOQ":null,"ROA":1.335500446813,"HOLDER_PROFIT_QOQ":-14.345347879997,"ROE_YEARLY":7.091491044263,"ROIC_YEARLY":1.473944105054,"TOTAL_ASSETS":611677015000,"TOTAL_LIABILITIES":496419932000,"TAX_EBT":5.327556419267,"OCF_SALES":188.518652976909,"TOTAL_PARENT_EQUITY":115174595000,"DEBT_ASSET_RATIO":81.1592696241,"OPERATE_PROFIT":6869949000,"PRETAX_PROFIT":8531660000,"NETCASH_OPERATE":55303455000,"NETCASH_INVEST":-19129796000,"NETCASH_FINANCE":-21014037000,"END_CASH":30226988000,"DIVI_RATIO":0.378598761468,"DIVIDEND_RATE":2.388888888889,"CURRENT_RATIO":1.384125738848,"COMMON_ACS":null,"CURRENTDEBT_DEBT":84.962005312873,"ISSUED_COMMON_SHARES":8696526806,"HK_COMMON_SHARES":1274521534,"PER_SHARES":200,"TOTAL_MARKET_CAP":140883734257.2,"HKSK_MARKET_CAP":20647248850.8,"PE_TTM":13.262289405914,"PB_TTM":1.144835147022,"REPORT_DATE_SQ":"2021-12-31 00:00:00","REPORT_TYPE_SQ":"2021年年报","OPERATE_INCOME_SQ":40342422000,"DPS_HKD":0.387,"OPERATE_INCOME_QOQ_SQ":10.987729679144,"NET_PROFIT_RATIO_SQ":28.8971445492,"HOLDER_PROFIT_SQ":11645065000,"HOLDER_PROFIT_QOQ_SQ":8.611862151321,"ROE_AVG_SQ":10.671805172507,"PE_TTM_SQ":6.004329358922,"PB_TTM_SQ":0.477807164895,"ROA_SQ":2.123175765645,"START_DATE":"2022-01-01 00:00:00","FISCAL_YEAR":"12-31","CURRENCY":"HKD","IS_CNY_CODE":0,"DPS_HKD_LY":0.633,"ORG_TYPE":"证券","PREMIUM_INCOME":null,"PREMIUM_INCOME_YOY":null,"NET_INTEREST_INCOME":10668243000,"NET_INTEREST_INCOME_YOY":null,"FEE_COMMISSION_INCOME":11916981000,"FEE_COMMISSION_INCOME_YOY":-22.133094010538,"ACCOUNTS_RECE_TDAYS":5.294955832501,"INVENTORY_TDAYS":null,"CURRENT_ASSETS_TDAYS":0.050883491237,"TOTAL_ASSETS_TDAYS":0.048533728669,"PREMIUM_EXPENSE":null,"LOAN_DEPOSIT":null,"LOAN_EQUITY":null,"LOAN_ASSETS":null,"DEPOSIT_EQUITY":null,"DEPOSIT_ASSETS":null,"EQUITY_MULTIPLIER":5.307649863081,"EQUITY_RATIO":4.310151314185},{"SECUCODE":"06099.HK","SECURITY_CODE":"06099","SECURITY_NAME_ABBR":"招商证券","ORG_CODE":"10004774","STD_REPORT_DATE":"2022-09-30 00:00:00","REPORT_DATE":"2022-09-30 00:00:00","DATE_TYPE_CODE":"004","REPORT_TYPE":"2022年三季报","PER_NETCASH_OPERATE":2.927555698113,"PER_OI":1.759089642959,"BPS":11.34271468511,"BASIC_EPS":0.67,"DILUTED_EPS":0.67,"OPERATE_INCOME":15297970234.15,"OPERATE_INCOME_YOY":-29.7689291341,"GROSS_PROFIT":null,"GROSS_PROFIT_YOY":null,"HOLDER_PROFIT":6282358404.29,"HOLDER_PROFIT_YOY":-26.1232592037,"GROSS_PROFIT_RATIO":null,"EPS_TTM":1.083681153127,"OPERATE_INCOME_QOQ":-8.372822026135,"NET_PROFIT_RATIO":41.1096216126,"ROE_AVG":5.554693016832,"GROSS_PROFIT_QOQ":null,"ROA":1.064679041727,"HOLDER_PROFIT_QOQ":-7.494628896033,"ROE_YEARLY":7.406257355776,"ROIC_YEARLY":1.15715050663,"TOTAL_ASSETS":582560571866.08,"TOTAL_LIABILITIES":468836586483.25,"TAX_EBT":7.712982284448,"OCF_SALES":166.424474717999,"TOTAL_PARENT_EQUITY":113628071368.48,"DEBT_ASSET_RATIO":80.4785989861,"OPERATE_PROFIT":6901240401.24,"PRETAX_PROFIT":6816616236.37,"NETCASH_OPERATE":25459566604.7,"NETCASH_INVEST":-8631960978.78,"NETCASH_FINANCE":-12692733553.86,"END_CASH":116847596671.57,"DIVI_RATIO":0.324287452066,"DIVIDEND_RATE":2.374233128834,"CURRENT_RATIO":1.016634191687,"COMMON_ACS":null,"CURRENTDEBT_DEBT":99.147340857524,"ISSUED_COMMON_SHARES":8696526806,"HK_COMMON_SHARES":1274521534,"PER_SHARES":200,"TOTAL_MARKET_CAP":141753386937.8,"HKSK_MARKET_CAP":20774701004.2,"PE_TTM":13.344155389901,"PB_TTM":1.151902030646,"REPORT_DATE_SQ":"2021-09-30 00:00:00","REPORT_TYPE_SQ":"2021年三季报","OPERATE_INCOME_SQ":21782339419.77,"DPS_HKD":0.387,"OPERATE_INCOME_QOQ_SQ":-0.770598612824,"NET_PROFIT_RATIO_SQ":39.0773975933,"HOLDER_PROFIT_SQ":8501247050.97,"HOLDER_PROFIT_QOQ_SQ":-1.664330926912,"ROE_AVG_SQ":7.894842077722,"PE_TTM_SQ":6.05228726115,"PB_TTM_SQ":0.481623516052,"ROA_SQ":1.526847411466,"START_DATE":"2022-01-01 00:00:00","FISCAL_YEAR":"12-31","CURRENCY":"HKD","IS_CNY_CODE":0,"DPS_HKD_LY":0.633,"ORG_TYPE":"证券","PREMIUM_INCOME":null,"PREMIUM_INCOME_YOY":null,"NET_INTEREST_INCOME":899834766.91,"NET_INTEREST_INCOME_YOY":null,"FEE_COMMISSION_INCOME":7296947266.59,"FEE_COMMISSION_INCOME_YOY":-16.451813198309,"ACCOUNTS_RECE_TDAYS":4.636439299478,"INVENTORY_TDAYS":null,"CURRENT_ASSETS_TDAYS":0.029366976476,"TOTAL_ASSETS_TDAYS":0.02593356082,"PREMIUM_EXPENSE":null,"LOAN_DEPOSIT":null,"LOAN_EQUITY":null,"LOAN_ASSETS":null,"DEPOSIT_EQUITY":null,"DEPOSIT_ASSETS":null,"EQUITY_MULTIPLIER":5.122583155215,"EQUITY_RATIO":4.126063047949}],"count":41},"success":true,"message":"ok","code":0}