{"version":"cfc1291323f27f18fc2d8e45cf1cc252","result":{"pages":2,"data":[{"SECUCODE":"06093.HK","SECURITY_CODE":"06093","SECURITY_NAME_ABBR":"和泓服务","ORG_CODE":"10000003749","STD_REPORT_DATE":"2024-06-30 00:00:00","REPORT_DATE":"2024-06-30 00:00:00","DATE_TYPE_CODE":"002","REPORT_TYPE":"2024年中报","PER_NETCASH_OPERATE":-0.312094642857,"PER_OI":1.200067857143,"BPS":1.315110714286,"BASIC_EPS":0.0706,"DILUTED_EPS":0.0706,"OPERATE_INCOME":672038000,"OPERATE_INCOME_YOY":3.8942688236,"GROSS_PROFIT":188367000,"GROSS_PROFIT_YOY":-5.375074723586,"HOLDER_PROFIT":39539000,"HOLDER_PROFIT_YOY":-27.064617882,"GROSS_PROFIT_RATIO":28.029218585854,"EPS_TTM":0.112905357143,"OPERATE_INCOME_QOQ":1.918093815271,"NET_PROFIT_RATIO":8.0514792318,"ROE_AVG":5.516751592001,"GROSS_PROFIT_QOQ":-3.182477930854,"ROA":2.389111081973,"HOLDER_PROFIT_QOQ":-18.834644860653,"ROE_YEARLY":11.033503184002,"ROIC_YEARLY":6.048763846325,"TOTAL_ASSETS":1657461000,"TOTAL_LIABILITIES":851007000,"TAX_EBT":19.379879611419,"OCF_SALES":-26.00641630384,"TOTAL_PARENT_EQUITY":736462000,"DEBT_ASSET_RATIO":51.3440135243,"OPERATE_PROFIT":68929000,"PRETAX_PROFIT":67116000,"NETCASH_OPERATE":-174773000,"NETCASH_INVEST":-359000,"NETCASH_FINANCE":-36340000,"END_CASH":166702000,"DIVI_RATIO":null,"DIVIDEND_RATE":null,"CURRENT_RATIO":1.195882988313,"COMMON_ACS":5000000000,"CURRENTDEBT_DEBT":92.036610744683,"ISSUED_COMMON_SHARES":560000000,"HK_COMMON_SHARES":560000000,"PER_SHARES":2000,"TOTAL_MARKET_CAP":761600000,"HKSK_MARKET_CAP":761600000,"PE_TTM":10.80532400389,"PB_TTM":0.943832930959,"REPORT_DATE_SQ":"2023-06-30 00:00:00","REPORT_TYPE_SQ":"2023年中报","OPERATE_INCOME_SQ":646848000,"DPS_HKD":null,"OPERATE_INCOME_QOQ_SQ":17.630551054963,"NET_PROFIT_RATIO_SQ":11.3278544573,"HOLDER_PROFIT_SQ":54211000,"HOLDER_PROFIT_QOQ_SQ":14.352862423237,"ROE_AVG_SQ":8.449088595344,"PE_TTM_SQ":15.223639819645,"PB_TTM_SQ":1.760722821502,"ROA_SQ":3.280177408278,"START_DATE":"2024-01-01 00:00:00","FISCAL_YEAR":"12-31","CURRENCY":"HKD","IS_CNY_CODE":0,"DPS_HKD_LY":null,"ORG_TYPE":"一般企业","PREMIUM_INCOME":null,"PREMIUM_INCOME_YOY":null,"NET_INTEREST_INCOME":null,"NET_INTEREST_INCOME_YOY":null,"FEE_COMMISSION_INCOME":null,"FEE_COMMISSION_INCOME_YOY":null,"ACCOUNTS_RECE_TDAYS":1.009439680002,"INVENTORY_TDAYS":321.91081530782,"CURRENT_ASSETS_TDAYS":0.713115976131,"TOTAL_ASSETS_TDAYS":0.406073353729,"PREMIUM_EXPENSE":null,"LOAN_DEPOSIT":null,"LOAN_EQUITY":null,"LOAN_ASSETS":null,"DEPOSIT_EQUITY":null,"DEPOSIT_ASSETS":null,"EQUITY_MULTIPLIER":2.055245556473,"EQUITY_RATIO":1.15553416198},{"SECUCODE":"06093.HK","SECURITY_CODE":"06093","SECURITY_NAME_ABBR":"和泓服务","ORG_CODE":"10000003749","STD_REPORT_DATE":"2023-12-31 00:00:00","REPORT_DATE":"2023-12-31 00:00:00","DATE_TYPE_CODE":"001","REPORT_TYPE":"2023年年报","PER_NETCASH_OPERATE":0.141603571429,"PER_OI":2.345148214286,"BPS":1.244560714286,"BASIC_EPS":0.1391,"DILUTED_EPS":0.1391,"OPERATE_INCOME":1313283000,"OPERATE_INCOME_YOY":26.1291310874,"GROSS_PROFIT":336216000,"GROSS_PROFIT_YOY":13.852655532529,"HOLDER_PROFIT":77899000,"HOLDER_PROFIT_YOY":13.3604004773,"GROSS_PROFIT_RATIO":25.601184207821,"EPS_TTM":0.139105357143,"OPERATE_INCOME_QOQ":7.224806783835,"NET_PROFIT_RATIO":8.6907391628,"ROE_AVG":11.878351312468,"GROSS_PROFIT_QOQ":-2.132490350525,"ROA":4.741646924768,"HOLDER_PROFIT_QOQ":-0.867894274697,"ROE_YEARLY":11.878351312468,"ROIC_YEARLY":6.34757794828,"TOTAL_ASSETS":1652473000,"TOTAL_LIABILITIES":875167000,"TAX_EBT":19.889099459535,"OCF_SALES":6.038150193066,"TOTAL_PARENT_EQUITY":696954000,"DEBT_ASSET_RATIO":52.9610468673,"OPERATE_PROFIT":143838000,"PRETAX_PROFIT":142470000,"NETCASH_OPERATE":79298000,"NETCASH_INVEST":13804000,"NETCASH_FINANCE":4785000,"END_CASH":378205000,"DIVI_RATIO":null,"DIVIDEND_RATE":null,"CURRENT_RATIO":1.177021482617,"COMMON_ACS":5000000000,"CURRENTDEBT_DEBT":92.04357568327,"ISSUED_COMMON_SHARES":560000000,"HK_COMMON_SHARES":560000000,"PER_SHARES":2000,"TOTAL_MARKET_CAP":784000000,"HKSK_MARKET_CAP":784000000,"PE_TTM":11.123127651064,"PB_TTM":0.971592723046,"REPORT_DATE_SQ":"2022-12-31 00:00:00","REPORT_TYPE_SQ":"2022年年报","OPERATE_INCOME_SQ":1041221000,"DPS_HKD":null,"OPERATE_INCOME_QOQ_SQ":12.905345546065,"NET_PROFIT_RATIO_SQ":9.9463994675,"HOLDER_PROFIT_SQ":68718000,"HOLDER_PROFIT_QOQ_SQ":-28.004777470455,"ROE_AVG_SQ":12.072256455077,"PE_TTM_SQ":17.093209622057,"PB_TTM_SQ":1.976951939932,"ROA_SQ":4.895298681038,"START_DATE":"2023-01-01 00:00:00","FISCAL_YEAR":"12-31","CURRENCY":"HKD","IS_CNY_CODE":0,"DPS_HKD_LY":null,"ORG_TYPE":"一般企业","PREMIUM_INCOME":null,"PREMIUM_INCOME_YOY":null,"NET_INTEREST_INCOME":null,"NET_INTEREST_INCOME_YOY":null,"FEE_COMMISSION_INCOME":null,"FEE_COMMISSION_INCOME_YOY":null,"ACCOUNTS_RECE_TDAYS":2.172494993834,"INVENTORY_TDAYS":651.378,"CURRENT_ASSETS_TDAYS":1.399589378841,"TOTAL_ASSETS_TDAYS":0.799384369286,"PREMIUM_EXPENSE":null,"LOAN_DEPOSIT":null,"LOAN_EQUITY":null,"LOAN_ASSETS":null,"DEPOSIT_EQUITY":null,"DEPOSIT_ASSETS":null,"EQUITY_MULTIPLIER":2.125897651631,"EQUITY_RATIO":1.255702671912},{"SECUCODE":"06093.HK","SECURITY_CODE":"06093","SECURITY_NAME_ABBR":"和泓服务","ORG_CODE":"10000003749","STD_REPORT_DATE":"2023-06-30 00:00:00","REPORT_DATE":"2023-06-30 00:00:00","DATE_TYPE_CODE":"002","REPORT_TYPE":"2023年中报","PER_NETCASH_OPERATE":-0.002394642857,"PER_OI":1.155085714286,"BPS":1.193892857143,"BASIC_EPS":0.0968,"DILUTED_EPS":0.0968,"OPERATE_INCOME":646848000,"OPERATE_INCOME_YOY":39.6250607091,"GROSS_PROFIT":199067000,"GROSS_PROFIT_YOY":31.978413211963,"HOLDER_PROFIT":54211000,"HOLDER_PROFIT_YOY":22.2400108235,"GROSS_PROFIT_RATIO":30.774927030771,"EPS_TTM":0.140323214286,"OPERATE_INCOME_QOQ":17.630551054963,"NET_PROFIT_RATIO":11.3278544573,"ROE_AVG":8.449088595344,"GROSS_PROFIT_QOQ":16.333455239953,"ROA":3.280177408278,"HOLDER_PROFIT_QOQ":14.352862423237,"ROE_YEARLY":16.898177190687,"ROIC_YEARLY":8.376381696993,"TOTAL_ASSETS":1672107000,"TOTAL_LIABILITIES":916211000,"TAX_EBT":14.603048808913,"OCF_SALES":-0.20731300089,"TOTAL_PARENT_EQUITY":668580000,"DEBT_ASSET_RATIO":54.7938020713,"OPERATE_PROFIT":86033000,"PRETAX_PROFIT":85804000,"NETCASH_OPERATE":-1341000,"NETCASH_INVEST":5992000,"NETCASH_FINANCE":-23715000,"END_CASH":256568000,"DIVI_RATIO":null,"DIVIDEND_RATE":null,"CURRENT_RATIO":1.126821156057,"COMMON_ACS":5000000000,"CURRENTDEBT_DEBT":94.377605158637,"ISSUED_COMMON_SHARES":560000000,"HK_COMMON_SHARES":560000000,"PER_SHARES":2000,"TOTAL_MARKET_CAP":784000000,"HKSK_MARKET_CAP":784000000,"PE_TTM":11.123127651064,"PB_TTM":0.971592723046,"REPORT_DATE_SQ":"2022-06-30 00:00:00","REPORT_TYPE_SQ":"2022年中报","OPERATE_INCOME_SQ":463275000,"DPS_HKD":null,"OPERATE_INCOME_QOQ_SQ":20.268365173822,"NET_PROFIT_RATIO_SQ":14.5008903999,"HOLDER_PROFIT_SQ":44348000,"HOLDER_PROFIT_QOQ_SQ":10.736246142423,"ROE_AVG_SQ":8.114564149575,"PE_TTM_SQ":17.093209622057,"PB_TTM_SQ":1.976951939932,"ROA_SQ":3.573205470998,"START_DATE":"2023-01-01 00:00:00","FISCAL_YEAR":"12-31","CURRENCY":"HKD","IS_CNY_CODE":0,"DPS_HKD_LY":null,"ORG_TYPE":"一般企业","PREMIUM_INCOME":null,"PREMIUM_INCOME_YOY":null,"NET_INTEREST_INCOME":null,"NET_INTEREST_INCOME_YOY":null,"FEE_COMMISSION_INCOME":null,"FEE_COMMISSION_INCOME_YOY":null,"ACCOUNTS_RECE_TDAYS":0.951421952565,"INVENTORY_TDAYS":268.29298981426,"CURRENT_ASSETS_TDAYS":0.679856030043,"TOTAL_ASSETS_TDAYS":0.391392189074,"PREMIUM_EXPENSE":null,"LOAN_DEPOSIT":null,"LOAN_EQUITY":null,"LOAN_ASSETS":null,"DEPOSIT_EQUITY":null,"DEPOSIT_ASSETS":null,"EQUITY_MULTIPLIER":2.212086054167,"EQUITY_RATIO":1.370383499357},{"SECUCODE":"06093.HK","SECURITY_CODE":"06093","SECURITY_NAME_ABBR":"和泓服务","ORG_CODE":"10000003749","STD_REPORT_DATE":"2022-12-31 00:00:00","REPORT_DATE":"2022-12-31 00:00:00","DATE_TYPE_CODE":"001","REPORT_TYPE":"2022年年报","PER_NETCASH_OPERATE":-0.041583928571,"PER_OI":1.859323214286,"BPS":1.097605357143,"BASIC_EPS":0.1227,"DILUTED_EPS":0.1227,"OPERATE_INCOME":1041221000,"OPERATE_INCOME_YOY":35.7894132821,"GROSS_PROFIT":295308000,"GROSS_PROFIT_YOY":11.777374873672,"HOLDER_PROFIT":68718000,"HOLDER_PROFIT_YOY":-20.2751931689,"GROSS_PROFIT_RATIO":28.3617022707,"EPS_TTM":0.122710714286,"OPERATE_INCOME_QOQ":12.905345546065,"NET_PROFIT_RATIO":9.9463994675,"ROE_AVG":12.072256455077,"GROSS_PROFIT_QOQ":-3.017126718009,"ROA":4.895298681038,"HOLDER_PROFIT_QOQ":-28.004777470455,"ROE_YEARLY":12.072256455077,"ROIC_YEARLY":6.943628363607,"TOTAL_ASSETS":1633263000,"TOTAL_LIABILITIES":921795000,"TAX_EBT":12.439443002443,"OCF_SALES":-2.236508867954,"TOTAL_PARENT_EQUITY":614659000,"DEBT_ASSET_RATIO":56.4388588978,"OPERATE_PROFIT":118742000,"PRETAX_PROFIT":118277000,"NETCASH_OPERATE":-23067000,"NETCASH_INVEST":-91789000,"NETCASH_FINANCE":-22605000,"END_CASH":275922000,"DIVI_RATIO":null,"DIVIDEND_RATE":null,"CURRENT_RATIO":1.070135141676,"COMMON_ACS":5000000000,"CURRENTDEBT_DEBT":94.129605823421,"ISSUED_COMMON_SHARES":560000000,"HK_COMMON_SHARES":560000000,"PER_SHARES":2000,"TOTAL_MARKET_CAP":784000000,"HKSK_MARKET_CAP":784000000,"PE_TTM":11.123127651064,"PB_TTM":0.971592723046,"REPORT_DATE_SQ":"2021-12-31 00:00:00","REPORT_TYPE_SQ":"2021年年报","OPERATE_INCOME_SQ":766791000,"DPS_HKD":null,"OPERATE_INCOME_QOQ_SQ":36.120933898558,"NET_PROFIT_RATIO_SQ":14.1676154258,"HOLDER_PROFIT_SQ":86194000,"HOLDER_PROFIT_QOQ_SQ":22.380769831466,"ROE_AVG_SQ":20.745743456934,"PE_TTM_SQ":17.093209622057,"PB_TTM_SQ":1.976951939932,"ROA_SQ":9.644121683274,"START_DATE":"2022-01-01 00:00:00","FISCAL_YEAR":"12-31","CURRENCY":"HKD","IS_CNY_CODE":0,"DPS_HKD_LY":null,"ORG_TYPE":"一般企业","PREMIUM_INCOME":null,"PREMIUM_INCOME_YOY":null,"NET_INTEREST_INCOME":null,"NET_INTEREST_INCOME_YOY":null,"FEE_COMMISSION_INCOME":null,"FEE_COMMISSION_INCOME_YOY":null,"ACCOUNTS_RECE_TDAYS":2.244298568459,"INVENTORY_TDAYS":676.872050816697,"CURRENT_ASSETS_TDAYS":1.289917796034,"TOTAL_ASSETS_TDAYS":0.741739833518,"PREMIUM_EXPENSE":null,"LOAN_DEPOSIT":null,"LOAN_EQUITY":null,"LOAN_ASSETS":null,"DEPOSIT_EQUITY":null,"DEPOSIT_ASSETS":null,"EQUITY_MULTIPLIER":2.295623977466,"EQUITY_RATIO":1.499685191301},{"SECUCODE":"06093.HK","SECURITY_CODE":"06093","SECURITY_NAME_ABBR":"和泓服务","ORG_CODE":"10000003749","STD_REPORT_DATE":"2022-06-30 00:00:00","REPORT_DATE":"2022-06-30 00:00:00","DATE_TYPE_CODE":"002","REPORT_TYPE":"2022年中报","PER_NETCASH_OPERATE":-0.217471428571,"PER_OI":0.827276785714,"BPS":1.0165375,"BASIC_EPS":0.0792,"DILUTED_EPS":0.0792,"OPERATE_INCOME":463275000,"OPERATE_INCOME_YOY":50.4828509155,"GROSS_PROFIT":150833000,"GROSS_PROFIT_YOY":36.462168984267,"HOLDER_PROFIT":44348000,"HOLDER_PROFIT_YOY":26.3691799168,"GROSS_PROFIT_RATIO":32.557983918839,"EPS_TTM":0.170442857143,"OPERATE_INCOME_QOQ":20.268365173822,"NET_PROFIT_RATIO":14.5008903999,"ROE_AVG":8.114564149575,"GROSS_PROFIT_QOQ":15.254756939056,"ROA":3.573205470998,"HOLDER_PROFIT_QOQ":10.736246142423,"ROE_YEARLY":16.229128299149,"ROIC_YEARLY":10.470225208529,"TOTAL_ASSETS":1308006000,"TOTAL_LIABILITIES":640811000,"TAX_EBT":16.505300836451,"OCF_SALES":-26.287626139982,"TOTAL_PARENT_EQUITY":569261000,"DEBT_ASSET_RATIO":48.9914419353,"OPERATE_PROFIT":80734000,"PRETAX_PROFIT":80459000,"NETCASH_OPERATE":-121784000,"NETCASH_INVEST":-26501000,"NETCASH_FINANCE":-9471000,"END_CASH":234599000,"DIVI_RATIO":null,"DIVIDEND_RATE":null,"CURRENT_RATIO":1.305048861531,"COMMON_ACS":5000000000,"CURRENTDEBT_DEBT":95.525513763028,"ISSUED_COMMON_SHARES":560000000,"HK_COMMON_SHARES":560000000,"PER_SHARES":2000,"TOTAL_MARKET_CAP":784000000,"HKSK_MARKET_CAP":784000000,"PE_TTM":11.123127651064,"PB_TTM":0.971592723046,"REPORT_DATE_SQ":"2021-06-30 00:00:00","REPORT_TYPE_SQ":"2021年中报","OPERATE_INCOME_SQ":307859000,"DPS_HKD":null,"OPERATE_INCOME_QOQ_SQ":35.454829634261,"NET_PROFIT_RATIO_SQ":14.1730467519,"HOLDER_PROFIT_SQ":35094000,"HOLDER_PROFIT_QOQ_SQ":24.972940362333,"ROE_AVG_SQ":8.984144497935,"PE_TTM_SQ":17.093209622057,"PB_TTM_SQ":1.976951939932,"ROA_SQ":4.72624504316,"START_DATE":"2022-01-01 00:00:00","FISCAL_YEAR":"12-31","CURRENCY":"HKD","IS_CNY_CODE":0,"DPS_HKD_LY":null,"ORG_TYPE":"一般企业","PREMIUM_INCOME":null,"PREMIUM_INCOME_YOY":null,"NET_INTEREST_INCOME":null,"NET_INTEREST_INCOME_YOY":null,"FEE_COMMISSION_INCOME":null,"FEE_COMMISSION_INCOME_YOY":null,"ACCOUNTS_RECE_TDAYS":1.106052340371,"INVENTORY_TDAYS":414.929614873838,"CURRENT_ASSETS_TDAYS":0.624052017468,"TOTAL_ASSETS_TDAYS":0.373269767425,"PREMIUM_EXPENSE":null,"LOAN_DEPOSIT":null,"LOAN_EQUITY":null,"LOAN_ASSETS":null,"DEPOSIT_EQUITY":null,"DEPOSIT_ASSETS":null,"EQUITY_MULTIPLIER":1.960455339144,"EQUITY_RATIO":1.125689270827},{"SECUCODE":"06093.HK","SECURITY_CODE":"06093","SECURITY_NAME_ABBR":"和泓服务","ORG_CODE":"10000003749","STD_REPORT_DATE":"2021-12-31 00:00:00","REPORT_DATE":"2021-12-31 00:00:00","DATE_TYPE_CODE":"001","REPORT_TYPE":"2021年年报","PER_NETCASH_OPERATE":0.369992857143,"PER_OI":1.369269642857,"BPS":0.935332142857,"BASIC_EPS":0.156,"DILUTED_EPS":0.156,"OPERATE_INCOME":766791000,"OPERATE_INCOME_YOY":84.3823791089,"GROSS_PROFIT":264193000,"GROSS_PROFIT_YOY":77.423860850878,"HOLDER_PROFIT":86194000,"HOLDER_PROFIT_YOY":52.9428464964,"GROSS_PROFIT_RATIO":34.45436892191,"EPS_TTM":0.153917857143,"OPERATE_INCOME_QOQ":36.120933898558,"NET_PROFIT_RATIO":14.1676154258,"ROE_AVG":20.745743456934,"GROSS_PROFIT_QOQ":29.03199023199,"ROA":9.644121683274,"HOLDER_PROFIT_QOQ":22.380769831466,"ROE_YEARLY":20.745743456934,"ROIC_YEARLY":16.892685761434,"TOTAL_ASSETS":1174247000,"TOTAL_LIABILITIES":586221000,"TAX_EBT":21.816480748471,"OCF_SALES":27.021183086395,"TOTAL_PARENT_EQUITY":523786000,"DEBT_ASSET_RATIO":49.923142235,"OPERATE_PROFIT":139415000,"PRETAX_PROFIT":138950000,"NETCASH_OPERATE":207196000,"NETCASH_INVEST":-222530000,"NETCASH_FINANCE":116036000,"END_CASH":391228000,"DIVI_RATIO":null,"DIVIDEND_RATE":null,"CURRENT_RATIO":1.223178728815,"COMMON_ACS":5000000000,"CURRENTDEBT_DEBT":95.650104653365,"ISSUED_COMMON_SHARES":560000000,"HK_COMMON_SHARES":560000000,"PER_SHARES":2000,"TOTAL_MARKET_CAP":784000000,"HKSK_MARKET_CAP":784000000,"PE_TTM":11.123127651064,"PB_TTM":0.971592723046,"REPORT_DATE_SQ":"2020-12-31 00:00:00","REPORT_TYPE_SQ":"2020年年报","OPERATE_INCOME_SQ":415870000,"DPS_HKD":null,"OPERATE_INCOME_QOQ_SQ":44.587570621469,"NET_PROFIT_RATIO_SQ":14.4220549691,"HOLDER_PROFIT_SQ":56357000,"HOLDER_PROFIT_QOQ_SQ":77.184267614047,"ROE_AVG_SQ":23.899021682435,"PE_TTM_SQ":17.093209622057,"PB_TTM_SQ":1.976951939932,"ROA_SQ":12.252826931564,"START_DATE":"2021-01-01 00:00:00","FISCAL_YEAR":"12-31","CURRENCY":"HKD","IS_CNY_CODE":0,"DPS_HKD_LY":null,"ORG_TYPE":"一般企业","PREMIUM_INCOME":null,"PREMIUM_INCOME_YOY":null,"NET_INTEREST_INCOME":null,"NET_INTEREST_INCOME_YOY":null,"FEE_COMMISSION_INCOME":null,"FEE_COMMISSION_INCOME_YOY":null,"ACCOUNTS_RECE_TDAYS":3.394773192134,"INVENTORY_TDAYS":1317.42595019659,"CURRENT_ASSETS_TDAYS":1.326012051495,"TOTAL_ASSETS_TDAYS":0.857951331837,"PREMIUM_EXPENSE":null,"LOAN_DEPOSIT":null,"LOAN_EQUITY":null,"LOAN_ASSETS":null,"DEPOSIT_EQUITY":null,"DEPOSIT_ASSETS":null,"EQUITY_MULTIPLIER":1.99693040784,"EQUITY_RATIO":1.119199444048},{"SECUCODE":"06093.HK","SECURITY_CODE":"06093","SECURITY_NAME_ABBR":"和泓服务","ORG_CODE":"10000003749","STD_REPORT_DATE":"2021-06-30 00:00:00","REPORT_DATE":"2021-06-30 00:00:00","DATE_TYPE_CODE":"002","REPORT_TYPE":"2021年中报","PER_NETCASH_OPERATE":0.037108928571,"PER_OI":0.549748214286,"BPS":0.846558928571,"BASIC_EPS":0.0644,"DILUTED_EPS":0.0644,"OPERATE_INCOME":307859000,"OPERATE_INCOME_YOY":91.9164905587,"GROSS_PROFIT":110531000,"GROSS_PROFIT_YOY":102.119372417072,"HOLDER_PROFIT":35094000,"HOLDER_PROFIT_YOY":66.9552806851,"GROSS_PROFIT_RATIO":35.903124482312,"EPS_TTM":0.125769642857,"OPERATE_INCOME_QOQ":35.454829634261,"NET_PROFIT_RATIO":14.1730467519,"ROE_AVG":8.984144497935,"GROSS_PROFIT_QOQ":37.503777576307,"ROA":4.72624504316,"HOLDER_PROFIT_QOQ":24.972940362333,"ROE_YEARLY":17.968288995869,"ROIC_YEARLY":18.625955008771,"TOTAL_ASSETS":871823000,"TOTAL_LIABILITIES":343520000,"TAX_EBT":17.00019022256,"OCF_SALES":6.750168096434,"TOTAL_PARENT_EQUITY":474073000,"DEBT_ASSET_RATIO":39.402493396,"OPERATE_PROFIT":52630000,"PRETAX_PROFIT":52570000,"NETCASH_OPERATE":20781000,"NETCASH_INVEST":-77301000,"NETCASH_FINANCE":130253000,"END_CASH":365645000,"DIVI_RATIO":null,"DIVIDEND_RATE":null,"CURRENT_RATIO":1.886033688953,"COMMON_ACS":5000000000,"CURRENTDEBT_DEBT":94.082440614811,"ISSUED_COMMON_SHARES":560000000,"HK_COMMON_SHARES":560000000,"PER_SHARES":2000,"TOTAL_MARKET_CAP":784000000,"HKSK_MARKET_CAP":784000000,"PE_TTM":11.123127651064,"PB_TTM":0.971592723046,"REPORT_DATE_SQ":"2020-06-30 00:00:00","REPORT_TYPE_SQ":"2020年中报","OPERATE_INCOME_SQ":160413000,"DPS_HKD":null,"OPERATE_INCOME_QOQ_SQ":15.849360588058,"NET_PROFIT_RATIO_SQ":13.5425433101,"HOLDER_PROFIT_SQ":21020000,"HOLDER_PROFIT_QOQ_SQ":130.602479518596,"ROE_AVG_SQ":9.51428273986,"PE_TTM_SQ":17.093209622057,"PB_TTM_SQ":1.976951939932,"ROA_SQ":5.193771921263,"START_DATE":"2021-01-01 00:00:00","FISCAL_YEAR":"12-31","CURRENCY":"HKD","IS_CNY_CODE":0,"DPS_HKD_LY":null,"ORG_TYPE":"一般企业","PREMIUM_INCOME":null,"PREMIUM_INCOME_YOY":null,"NET_INTEREST_INCOME":null,"NET_INTEREST_INCOME_YOY":null,"FEE_COMMISSION_INCOME":null,"FEE_COMMISSION_INCOME_YOY":null,"ACCOUNTS_RECE_TDAYS":1.497940604754,"INVENTORY_TDAYS":674.625641025641,"CURRENT_ASSETS_TDAYS":0.569989983578,"TOTAL_ASSETS_TDAYS":0.41460565132,"PREMIUM_EXPENSE":null,"LOAN_DEPOSIT":null,"LOAN_EQUITY":null,"LOAN_ASSETS":null,"DEPOSIT_EQUITY":null,"DEPOSIT_ASSETS":null,"EQUITY_MULTIPLIER":1.65023291558,"EQUITY_RATIO":0.724614141704},{"SECUCODE":"06093.HK","SECURITY_CODE":"06093","SECURITY_NAME_ABBR":"和泓服务","ORG_CODE":"10000003749","STD_REPORT_DATE":"2020-12-31 00:00:00","REPORT_DATE":"2020-12-31 00:00:00","DATE_TYPE_CODE":"001","REPORT_TYPE":"2020年年报","PER_NETCASH_OPERATE":0.03545625,"PER_OI":0.866395833333,"BPS":0.548517857143,"BASIC_EPS":0.1276,"DILUTED_EPS":0.1276,"OPERATE_INCOME":415870000,"OPERATE_INCOME_YOY":67.5037760548,"GROSS_PROFIT":148905000,"GROSS_PROFIT_YOY":76.987626733862,"HOLDER_PROFIT":56357000,"HOLDER_PROFIT_YOY":308.5913144349,"GROSS_PROFIT_RATIO":35.805660422728,"EPS_TTM":0.117410416667,"OPERATE_INCOME_QOQ":44.587570621469,"NET_PROFIT_RATIO":14.4220549691,"ROE_AVG":23.899021682435,"GROSS_PROFIT_QOQ":47.85963239894,"ROA":12.252826931564,"HOLDER_PROFIT_QOQ":77.184267614047,"ROE_YEARLY":23.899021682435,"ROIC_YEARLY":27.589667520935,"TOTAL_ASSETS":613246000,"TOTAL_LIABILITIES":286047000,"TAX_EBT":19.838278535151,"OCF_SALES":4.092384639431,"TOTAL_PARENT_EQUITY":307170000,"DEBT_ASSET_RATIO":46.6447396314,"OPERATE_PROFIT":75007000,"PRETAX_PROFIT":74820000,"NETCASH_OPERATE":17019000,"NETCASH_INVEST":-10336000,"NETCASH_FINANCE":90568000,"END_CASH":291507000,"DIVI_RATIO":null,"DIVIDEND_RATE":null,"CURRENT_RATIO":1.721007868718,"COMMON_ACS":5000000000,"CURRENTDEBT_DEBT":95.609462780592,"ISSUED_COMMON_SHARES":560000000,"HK_COMMON_SHARES":560000000,"PER_SHARES":2000,"TOTAL_MARKET_CAP":784000000,"HKSK_MARKET_CAP":784000000,"PE_TTM":11.123127651064,"PB_TTM":0.971592723046,"REPORT_DATE_SQ":"2019-12-31 00:00:00","REPORT_TYPE_SQ":"2019年年报","OPERATE_INCOME_SQ":248275000,"DPS_HKD":null,"OPERATE_INCOME_QOQ_SQ":0.885836770353,"NET_PROFIT_RATIO_SQ":5.5555331789,"HOLDER_PROFIT_SQ":13793000,"HOLDER_PROFIT_QOQ_SQ":42.21053716878,"ROE_AVG_SQ":11.279757280362,"PE_TTM_SQ":17.093209622057,"PB_TTM_SQ":1.976951939932,"ROA_SQ":4.866371478469,"START_DATE":"2020-01-01 00:00:00","FISCAL_YEAR":"12-31","CURRENCY":"HKD","IS_CNY_CODE":0,"DPS_HKD_LY":null,"ORG_TYPE":"一般企业","PREMIUM_INCOME":null,"PREMIUM_INCOME_YOY":null,"NET_INTEREST_INCOME":null,"NET_INTEREST_INCOME_YOY":null,"FEE_COMMISSION_INCOME":null,"FEE_COMMISSION_INCOME_YOY":null,"ACCOUNTS_RECE_TDAYS":4.03172094872,"INVENTORY_TDAYS":1880.03521126761,"CURRENT_ASSETS_TDAYS":1.172513445123,"TOTAL_ASSETS_TDAYS":0.90416153025,"PREMIUM_EXPENSE":null,"LOAN_DEPOSIT":null,"LOAN_EQUITY":null,"LOAN_ASSETS":null,"DEPOSIT_EQUITY":null,"DEPOSIT_ASSETS":null,"EQUITY_MULTIPLIER":1.874229444466,"EQUITY_RATIO":0.931233518898},{"SECUCODE":"06093.HK","SECURITY_CODE":"06093","SECURITY_NAME_ABBR":"和泓服务","ORG_CODE":"10000003749","STD_REPORT_DATE":"2020-06-30 00:00:00","REPORT_DATE":"2020-06-30 00:00:00","DATE_TYPE_CODE":"002","REPORT_TYPE":"2020年中报","PER_NETCASH_OPERATE":-0.04819375,"PER_OI":0.33419375,"BPS":0.495367857143,"BASIC_EPS":0.0521,"DILUTED_EPS":0.0521,"OPERATE_INCOME":160413000,"OPERATE_INCOME_YOY":32.5037377233,"GROSS_PROFIT":54686000,"GROSS_PROFIT_YOY":43.487615449202,"HOLDER_PROFIT":21020000,"HOLDER_PROFIT_YOY":599.2681304059,"GROSS_PROFIT_RATIO":34.090753243191,"EPS_TTM":0.066264583333,"OPERATE_INCOME_QOQ":15.849360588058,"NET_PROFIT_RATIO":13.5425433101,"ROE_AVG":9.51428273986,"GROSS_PROFIT_QOQ":19.699761092556,"ROA":5.193771921263,"HOLDER_PROFIT_QOQ":130.602479518596,"ROE_YEARLY":19.02856547972,"ROIC_YEARLY":27.546530637652,"TOTAL_ASSETS":502775000,"TOTAL_LIABILITIES":218393000,"TAX_EBT":27.249589765915,"OCF_SALES":-14.420901049167,"TOTAL_PARENT_EQUITY":277406000,"DEBT_ASSET_RATIO":43.4375217543,"OPERATE_PROFIT":29971000,"PRETAX_PROFIT":29861000,"NETCASH_OPERATE":-23133000,"NETCASH_INVEST":30370000,"NETCASH_FINANCE":90331000,"END_CASH":297397000,"DIVI_RATIO":null,"DIVIDEND_RATE":null,"CURRENT_RATIO":2.007717142708,"COMMON_ACS":5000000000,"CURRENTDEBT_DEBT":96.299331938295,"ISSUED_COMMON_SHARES":560000000,"HK_COMMON_SHARES":560000000,"PER_SHARES":2000,"TOTAL_MARKET_CAP":784000000,"HKSK_MARKET_CAP":784000000,"PE_TTM":11.123127651064,"PB_TTM":0.971592723046,"REPORT_DATE_SQ":"2019-06-30 00:00:00","REPORT_TYPE_SQ":"2019年中报","OPERATE_INCOME_SQ":121063000,"DPS_HKD":null,"OPERATE_INCOME_QOQ_SQ":9.643573178882,"NET_PROFIT_RATIO_SQ":2.4830047166,"HOLDER_PROFIT_SQ":3006000,"HOLDER_PROFIT_QOQ_SQ":-42.561885585692,"ROE_AVG_SQ":4.362274884268,"PE_TTM_SQ":17.093209622057,"PB_TTM_SQ":1.976951939932,"ROA_SQ":1.203401229823,"START_DATE":"2020-01-01 00:00:00","FISCAL_YEAR":"12-31","CURRENCY":"HKD","IS_CNY_CODE":0,"DPS_HKD_LY":null,"ORG_TYPE":"一般企业","PREMIUM_INCOME":null,"PREMIUM_INCOME_YOY":null,"NET_INTEREST_INCOME":null,"NET_INTEREST_INCOME_YOY":null,"FEE_COMMISSION_INCOME":null,"FEE_COMMISSION_INCOME_YOY":null,"ACCOUNTS_RECE_TDAYS":1.963331273063,"INVENTORY_TDAYS":704.846666666667,"CURRENT_ASSETS_TDAYS":0.485412332529,"TOTAL_ASSETS_TDAYS":0.396359912086,"PREMIUM_EXPENSE":null,"LOAN_DEPOSIT":null,"LOAN_EQUITY":null,"LOAN_ASSETS":null,"DEPOSIT_EQUITY":null,"DEPOSIT_ASSETS":null,"EQUITY_MULTIPLIER":1.767956481072,"EQUITY_RATIO":0.787268480134}],"count":17},"success":true,"message":"ok","code":0}