{"version":"c7e6643d30f5681b8923ccf9ef802de7","result":{"pages":2,"data":[{"SECUCODE":"06098.HK","SECURITY_CODE":"06098","SECURITY_NAME_ABBR":"碧桂园服务","ORG_CODE":"10919239","STD_REPORT_DATE":"2024-06-30 00:00:00","REPORT_DATE":"2024-06-30 00:00:00","DATE_TYPE_CODE":"002","REPORT_TYPE":"2024年中报","PER_NETCASH_OPERATE":0.08085891584,"PER_OI":6.295550695089,"BPS":10.952330500442,"BASIC_EPS":0.4309,"DILUTED_EPS":0.4309,"OPERATE_INCOME":21046154000,"OPERATE_INCOME_YOY":1.5097621763,"GROSS_PROFIT":4453398000,"GROSS_PROFIT_YOY":-13.654931727959,"HOLDER_PROFIT":1440367000,"HOLDER_PROFIT_YOY":-38.7382356344,"GROSS_PROFIT_RATIO":21.16015116111,"EPS_TTM":-0.18500216506,"OPERATE_INCOME_QOQ":0.734592584619,"NET_PROFIT_RATIO":7.3437693177,"ROE_AVG":3.958680422636,"GROSS_PROFIT_QOQ":-8.065520782478,"ROA":2.053919444073,"HOLDER_PROFIT_QOQ":-311.560709460037,"ROE_YEARLY":7.917360845272,"ROIC_YEARLY":5.222703136406,"TOTAL_ASSETS":71011378000,"TOTAL_LIABILITIES":31706458000,"TAX_EBT":24.003654320551,"OCF_SALES":1.284381935056,"TOTAL_PARENT_EQUITY":36614184000,"DEBT_ASSET_RATIO":44.6498278065,"OPERATE_PROFIT":2067916000,"PRETAX_PROFIT":2033757000,"NETCASH_OPERATE":270313000,"NETCASH_INVEST":-395813000,"NETCASH_FINANCE":-516616000,"END_CASH":11985501000,"DIVI_RATIO":-1.466589690514,"DIVIDEND_RATE":5.824902723735,"CURRENT_RATIO":1.374096484635,"COMMON_ACS":10000000000,"CURRENTDEBT_DEBT":86.146509963365,"ISSUED_COMMON_SHARES":3343049591,"HK_COMMON_SHARES":3343049591,"PER_SHARES":1000,"TOTAL_MARKET_CAP":17183274897.74,"HKSK_MARKET_CAP":17183274897.74,"PE_TTM":-26.461505040923,"PB_TTM":0.428326665253,"REPORT_DATE_SQ":"2023-06-30 00:00:00","REPORT_TYPE_SQ":"2023年中报","OPERATE_INCOME_SQ":20733133000,"DPS_HKD":0.2994,"OPERATE_INCOME_QOQ_SQ":1.638276876356,"NET_PROFIT_RATIO_SQ":12.0028217636,"HOLDER_PROFIT_SQ":2351168000,"HOLDER_PROFIT_QOQ_SQ":-11.557860310319,"ROE_AVG_SQ":6.20661635047,"PE_TTM_SQ":11.177148325422,"PB_TTM_SQ":0.46104013484,"ROA_SQ":3.286539692989,"START_DATE":"2024-01-01 00:00:00","FISCAL_YEAR":"12-31","CURRENCY":"HKD","IS_CNY_CODE":0,"DPS_HKD_LY":0.2994,"ORG_TYPE":"一般企业","PREMIUM_INCOME":null,"PREMIUM_INCOME_YOY":null,"NET_INTEREST_INCOME":null,"NET_INTEREST_INCOME_YOY":null,"FEE_COMMISSION_INCOME":null,"FEE_COMMISSION_INCOME_YOY":null,"ACCOUNTS_RECE_TDAYS":0.927495183305,"INVENTORY_TDAYS":37.062841124209,"CURRENT_ASSETS_TDAYS":0.57345329571,"TOTAL_ASSETS_TDAYS":0.300111741824,"PREMIUM_EXPENSE":null,"LOAN_DEPOSIT":null,"LOAN_EQUITY":null,"LOAN_ASSETS":null,"DEPOSIT_EQUITY":null,"DEPOSIT_ASSETS":null,"EQUITY_MULTIPLIER":1.806679112947,"EQUITY_RATIO":0.865961071261},{"SECUCODE":"06098.HK","SECURITY_CODE":"06098","SECURITY_NAME_ABBR":"碧桂园服务","ORG_CODE":"10919239","STD_REPORT_DATE":"2023-12-31 00:00:00","REPORT_DATE":"2023-12-31 00:00:00","DATE_TYPE_CODE":"001","REPORT_TYPE":"2023年年报","PER_NETCASH_OPERATE":1.380425643932,"PER_OI":12.746410944956,"BPS":10.815236811723,"BASIC_EPS":0.0869,"DILUTED_EPS":0.0869,"OPERATE_INCOME":42611511000,"OPERATE_INCOME_YOY":3.0095265566,"GROSS_PROFIT":8731947000,"GROSS_PROFIT_YOY":-14.872279371923,"HOLDER_PROFIT":292335000,"HOLDER_PROFIT_YOY":-84.9577189103,"GROSS_PROFIT_RATIO":20.49199100215,"EPS_TTM":0.087446372028,"OPERATE_INCOME_QOQ":1.349146918277,"NET_PROFIT_RATIO":1.2126089591,"ROE_AVG":0.794255808105,"GROSS_PROFIT_QOQ":-12.925991629596,"ROA":0.419656854241,"HOLDER_PROFIT_QOQ":-82.991952543746,"ROE_YEARLY":0.794255808105,"ROIC_YEARLY":0.529644012406,"TOTAL_ASSETS":69244074000,"TOTAL_LIABILITIES":30461997000,"TAX_EBT":52.140878988561,"OCF_SALES":10.829916357578,"TOTAL_PARENT_EQUITY":36155873000,"DEBT_ASSET_RATIO":43.9922079108,"OPERATE_PROFIT":1092390000,"PRETAX_PROFIT":1079650000,"NETCASH_OPERATE":4614791000,"NETCASH_INVEST":-354103000,"NETCASH_FINANCE":-2794312000,"END_CASH":12637187000,"DIVI_RATIO":3.10272755412,"DIVIDEND_RATE":5.453551912568,"CURRENT_RATIO":1.359537461176,"COMMON_ACS":10000000000,"CURRENTDEBT_DEBT":86.611245480721,"ISSUED_COMMON_SHARES":3343049591,"HK_COMMON_SHARES":3343049591,"PER_SHARES":1000,"TOTAL_MARKET_CAP":18353342254.59,"HKSK_MARKET_CAP":18353342254.59,"PE_TTM":-28.263358497017,"PB_TTM":0.457492877867,"REPORT_DATE_SQ":"2022-12-31 00:00:00","REPORT_TYPE_SQ":"2022年年报","OPERATE_INCOME_SQ":41366573000,"DPS_HKD":0.2994,"OPERATE_INCOME_QOQ_SQ":10.787700459125,"NET_PROFIT_RATIO_SQ":5.4665780508,"HOLDER_PROFIT_SQ":1943422000,"HOLDER_PROFIT_QOQ_SQ":-56.776152200312,"ROE_AVG_SQ":5.27793259686,"PE_TTM_SQ":13.127785031429,"PB_TTM_SQ":0.541500891357,"ROA_SQ":2.839399389526,"START_DATE":"2023-01-01 00:00:00","FISCAL_YEAR":"12-31","CURRENCY":"HKD","IS_CNY_CODE":0,"DPS_HKD_LY":0.2517,"ORG_TYPE":"一般企业","PREMIUM_INCOME":null,"PREMIUM_INCOME_YOY":null,"NET_INTEREST_INCOME":null,"NET_INTEREST_INCOME_YOY":null,"FEE_COMMISSION_INCOME":null,"FEE_COMMISSION_INCOME_YOY":null,"ACCOUNTS_RECE_TDAYS":1.947854479631,"INVENTORY_TDAYS":86.095486408911,"CURRENT_ASSETS_TDAYS":1.208393753833,"TOTAL_ASSETS_TDAYS":0.611702760898,"PREMIUM_EXPENSE":null,"LOAN_DEPOSIT":null,"LOAN_EQUITY":null,"LOAN_ASSETS":null,"DEPOSIT_EQUITY":null,"DEPOSIT_ASSETS":null,"EQUITY_MULTIPLIER":1.785465848051,"EQUITY_RATIO":0.842518641439},{"SECUCODE":"06098.HK","SECURITY_CODE":"06098","SECURITY_NAME_ABBR":"碧桂园服务","ORG_CODE":"10919239","STD_REPORT_DATE":"2023-06-30 00:00:00","REPORT_DATE":"2023-06-30 00:00:00","DATE_TYPE_CODE":"002","REPORT_TYPE":"2023年中报","PER_NETCASH_OPERATE":0.649828110998,"PER_OI":6.146560921911,"BPS":11.458653530934,"BASIC_EPS":0.697,"DILUTED_EPS":0.697,"OPERATE_INCOME":20733133000,"OPERATE_INCOME_YOY":3.379129068,"GROSS_PROFIT":5157675000,"GROSS_PROFIT_YOY":-4.256136727436,"HOLDER_PROFIT":2351168000,"HOLDER_PROFIT_YOY":-8.7203672976,"GROSS_PROFIT_RATIO":24.876486346757,"EPS_TTM":0.509557986187,"OPERATE_INCOME_QOQ":1.638276876356,"NET_PROFIT_RATIO":12.0028217636,"ROE_AVG":6.20661635047,"GROSS_PROFIT_QOQ":-2.235210918564,"ROA":3.286539692989,"HOLDER_PROFIT_QOQ":-11.557860310319,"ROE_YEARLY":12.41323270094,"ROIC_YEARLY":8.225633254597,"TOTAL_ASSETS":73001735000,"TOTAL_LIABILITIES":32163031000,"TAX_EBT":23.856397634573,"OCF_SALES":10.572222731606,"TOTAL_PARENT_EQUITY":38306847000,"DEBT_ASSET_RATIO":44.0578994458,"OPERATE_PROFIT":3246512000,"PRETAX_PROFIT":3268247000,"NETCASH_OPERATE":2191953000,"NETCASH_INVEST":-147023000,"NETCASH_FINANCE":-672872000,"END_CASH":12544721000,"DIVI_RATIO":0.532465931955,"DIVIDEND_RATE":5.453551912568,"CURRENT_RATIO":1.407416730167,"COMMON_ACS":10000000000,"CURRENTDEBT_DEBT":83.881951299926,"ISSUED_COMMON_SHARES":3343049591,"HK_COMMON_SHARES":3343049591,"PER_SHARES":1000,"TOTAL_MARKET_CAP":18353342254.59,"HKSK_MARKET_CAP":18353342254.59,"PE_TTM":-28.263358497017,"PB_TTM":0.457492877867,"REPORT_DATE_SQ":"2022-06-30 00:00:00","REPORT_TYPE_SQ":"2022年中报","OPERATE_INCOME_SQ":20055434000,"DPS_HKD":0.2994,"OPERATE_INCOME_QOQ_SQ":29.454573934739,"NET_PROFIT_RATIO_SQ":13.721562944,"HOLDER_PROFIT_SQ":2575786000,"HOLDER_PROFIT_QOQ_SQ":11.473832838093,"ROE_AVG_SQ":6.953985333161,"PE_TTM_SQ":13.127785031429,"PB_TTM_SQ":0.541500891357,"ROA_SQ":3.823609427649,"START_DATE":"2023-01-01 00:00:00","FISCAL_YEAR":"12-31","CURRENCY":"HKD","IS_CNY_CODE":0,"DPS_HKD_LY":0.2517,"ORG_TYPE":"一般企业","PREMIUM_INCOME":null,"PREMIUM_INCOME_YOY":null,"NET_INTEREST_INCOME":null,"NET_INTEREST_INCOME_YOY":null,"FEE_COMMISSION_INCOME":null,"FEE_COMMISSION_INCOME_YOY":null,"ACCOUNTS_RECE_TDAYS":0.897555923668,"INVENTORY_TDAYS":52.675758533983,"CURRENT_ASSETS_TDAYS":0.570947102585,"TOTAL_ASSETS_TDAYS":0.289814528628,"PREMIUM_EXPENSE":null,"LOAN_DEPOSIT":null,"LOAN_EQUITY":null,"LOAN_ASSETS":null,"DEPOSIT_EQUITY":null,"DEPOSIT_ASSETS":null,"EQUITY_MULTIPLIER":1.787562479945,"EQUITY_RATIO":0.839615721962},{"SECUCODE":"06098.HK","SECURITY_CODE":"06098","SECURITY_NAME_ABBR":"碧桂园服务","ORG_CODE":"10919239","STD_REPORT_DATE":"2022-12-31 00:00:00","REPORT_DATE":"2022-12-31 00:00:00","DATE_TYPE_CODE":"001","REPORT_TYPE":"2022年年报","PER_NETCASH_OPERATE":0.984632839497,"PER_OI":12.263566778603,"BPS":11.204270227052,"BASIC_EPS":0.5768,"DILUTED_EPS":0.5768,"OPERATE_INCOME":41366573000,"OPERATE_INCOME_YOY":43.4197456015,"GROSS_PROFIT":10257466000,"GROSS_PROFIT_YOY":15.720549093146,"HOLDER_PROFIT":1943422000,"HOLDER_PROFIT_YOY":-51.8167201576,"GROSS_PROFIT_RATIO":24.796509007406,"EPS_TTM":0.576148415195,"OPERATE_INCOME_QOQ":10.787700459125,"NET_PROFIT_RATIO":5.4665780508,"ROE_AVG":5.27793259686,"GROSS_PROFIT_QOQ":-1.287078337083,"ROA":2.839399389526,"HOLDER_PROFIT_QOQ":-56.776152200312,"ROE_YEARLY":5.27793259686,"ROIC_YEARLY":3.552351817549,"TOTAL_ASSETS":70076896000,"TOTAL_LIABILITIES":30167896000,"TAX_EBT":35.124186734251,"OCF_SALES":8.028927124323,"TOTAL_PARENT_EQUITY":37456431000,"DEBT_ASSET_RATIO":43.0497035713,"OPERATE_PROFIT":3523345000,"PRETAX_PROFIT":3485638000,"NETCASH_OPERATE":3321292000,"NETCASH_INVEST":755458000,"NETCASH_FINANCE":-4410544000,"END_CASH":11215770000,"DIVI_RATIO":0.470924263339,"DIVIDEND_RATE":5.453551912568,"CURRENT_RATIO":1.386583055705,"COMMON_ACS":10000000000,"CURRENTDEBT_DEBT":82.850229263585,"ISSUED_COMMON_SHARES":3343049591,"HK_COMMON_SHARES":3343049591,"PER_SHARES":1000,"TOTAL_MARKET_CAP":18353342254.59,"HKSK_MARKET_CAP":18353342254.59,"PE_TTM":-28.263358497017,"PB_TTM":0.457492877867,"REPORT_DATE_SQ":"2021-12-31 00:00:00","REPORT_TYPE_SQ":"2021年年报","OPERATE_INCOME_SQ":28843011000,"DPS_HKD":0.2994,"OPERATE_INCOME_QOQ_SQ":38.077569184649,"NET_PROFIT_RATIO_SQ":15.0797467019,"HOLDER_PROFIT_SQ":4033395000,"HOLDER_PROFIT_QOQ_SQ":15.759418487147,"ROE_AVG_SQ":15.894334033711,"PE_TTM_SQ":13.127785031429,"PB_TTM_SQ":0.541500891357,"ROA_SQ":8.23002136321,"START_DATE":"2022-01-01 00:00:00","FISCAL_YEAR":"12-31","CURRENCY":"HKD","IS_CNY_CODE":0,"DPS_HKD_LY":0.3521,"ORG_TYPE":"一般企业","PREMIUM_INCOME":null,"PREMIUM_INCOME_YOY":null,"NET_INTEREST_INCOME":null,"NET_INTEREST_INCOME_YOY":null,"FEE_COMMISSION_INCOME":null,"FEE_COMMISSION_INCOME_YOY":null,"ACCOUNTS_RECE_TDAYS":2.193115496209,"INVENTORY_TDAYS":129.27869063648,"CURRENT_ASSETS_TDAYS":1.256254590439,"TOTAL_ASSETS_TDAYS":0.604378370333,"PREMIUM_EXPENSE":null,"LOAN_DEPOSIT":null,"LOAN_EQUITY":null,"LOAN_ASSETS":null,"DEPOSIT_EQUITY":null,"DEPOSIT_ASSETS":null,"EQUITY_MULTIPLIER":1.755917111427,"EQUITY_RATIO":0.805412987692},{"SECUCODE":"06098.HK","SECURITY_CODE":"06098","SECURITY_NAME_ABBR":"碧桂园服务","ORG_CODE":"10919239","STD_REPORT_DATE":"2022-06-30 00:00:00","REPORT_DATE":"2022-06-30 00:00:00","DATE_TYPE_CODE":"002","REPORT_TYPE":"2022年中报","PER_NETCASH_OPERATE":0.696407806043,"PER_OI":5.952565669716,"BPS":11.33515461512,"BASIC_EPS":0.7651,"DILUTED_EPS":0.7651,"OPERATE_INCOME":20055434000,"OPERATE_INCOME_YOY":73.4921947071,"GROSS_PROFIT":5386951000,"GROSS_PROFIT_YOY":39.567753156366,"HOLDER_PROFIT":2575786000,"HOLDER_PROFIT_YOY":21.9017880257,"GROSS_PROFIT_RATIO":26.860306289059,"EPS_TTM":1.334491525482,"OPERATE_INCOME_QOQ":29.454573934739,"NET_PROFIT_RATIO":13.721562944,"ROE_AVG":6.953985333161,"GROSS_PROFIT_QOQ":17.229383087562,"ROA":3.823609427649,"HOLDER_PROFIT_QOQ":11.473832838093,"ROE_YEARLY":13.907970666323,"ROIC_YEARLY":9.386683424163,"TOTAL_ASSETS":67917844000,"TOTAL_LIABILITIES":27678241000,"TAX_EBT":22.929790389185,"OCF_SALES":11.69928808322,"TOTAL_PARENT_EQUITY":37893984000,"DEBT_ASSET_RATIO":40.7525318383,"OPERATE_PROFIT":3626479000,"PRETAX_PROFIT":3570665000,"NETCASH_OPERATE":2346343000,"NETCASH_INVEST":-1269572000,"NETCASH_FINANCE":-3748007000,"END_CASH":8816333000,"DIVI_RATIO":0.203315092542,"DIVIDEND_RATE":5.453551912568,"CURRENT_RATIO":1.328982097478,"COMMON_ACS":10000000000,"CURRENTDEBT_DEBT":85.828080621164,"ISSUED_COMMON_SHARES":3343049591,"HK_COMMON_SHARES":3343049591,"PER_SHARES":1000,"TOTAL_MARKET_CAP":18353342254.59,"HKSK_MARKET_CAP":18353342254.59,"PE_TTM":-28.263358497017,"PB_TTM":0.457492877867,"REPORT_DATE_SQ":"2021-06-30 00:00:00","REPORT_TYPE_SQ":"2021年中报","OPERATE_INCOME_SQ":11559848000,"DPS_HKD":0.2994,"OPERATE_INCOME_QOQ_SQ":33.900174873486,"NET_PROFIT_RATIO_SQ":19.2582549528,"HOLDER_PROFIT_SQ":2113001000,"HOLDER_PROFIT_QOQ_SQ":29.714257846238,"ROE_AVG_SQ":9.813524544482,"PE_TTM_SQ":13.127785031429,"PB_TTM_SQ":0.541500891357,"ROA_SQ":5.104165139303,"START_DATE":"2022-01-01 00:00:00","FISCAL_YEAR":"12-31","CURRENCY":"HKD","IS_CNY_CODE":0,"DPS_HKD_LY":0.3521,"ORG_TYPE":"一般企业","PREMIUM_INCOME":null,"PREMIUM_INCOME_YOY":null,"NET_INTEREST_INCOME":null,"NET_INTEREST_INCOME_YOY":null,"FEE_COMMISSION_INCOME":null,"FEE_COMMISSION_INCOME_YOY":null,"ACCOUNTS_RECE_TDAYS":1.173920951905,"INVENTORY_TDAYS":73.756001779981,"CURRENT_ASSETS_TDAYS":0.638999098315,"TOTAL_ASSETS_TDAYS":0.29771163644,"PREMIUM_EXPENSE":null,"LOAN_DEPOSIT":null,"LOAN_EQUITY":null,"LOAN_ASSETS":null,"DEPOSIT_EQUITY":null,"DEPOSIT_ASSETS":null,"EQUITY_MULTIPLIER":1.68783583675,"EQUITY_RATIO":0.730412537251},{"SECUCODE":"06098.HK","SECURITY_CODE":"06098","SECURITY_NAME_ABBR":"碧桂园服务","ORG_CODE":"10919239","STD_REPORT_DATE":"2021-12-31 00:00:00","REPORT_DATE":"2021-12-31 00:00:00","DATE_TYPE_CODE":"001","REPORT_TYPE":"2021年年报","PER_NETCASH_OPERATE":1.012271023102,"PER_OI":8.568754948257,"BPS":10.824510081281,"BASIC_EPS":1.2842,"DILUTED_EPS":1.2801,"OPERATE_INCOME":28843011000,"OPERATE_INCOME_YOY":84.8861065993,"GROSS_PROFIT":8863997000,"GROSS_PROFIT_YOY":67.25254765869,"HOLDER_PROFIT":4033395000,"HOLDER_PROFIT_YOY":50.1564705777,"GROSS_PROFIT_RATIO":30.731871232168,"EPS_TTM":1.198251228505,"OPERATE_INCOME_QOQ":38.077569184649,"NET_PROFIT_RATIO":15.0797467019,"ROE_AVG":15.894334033711,"GROSS_PROFIT_QOQ":29.838127072665,"ROA":8.23002136321,"HOLDER_PROFIT_QOQ":15.759418487147,"ROE_YEARLY":15.894334033711,"ROIC_YEARLY":11.968020651938,"TOTAL_ASSETS":66812758000,"TOTAL_LIABILITIES":28439265000,"TAX_EBT":23.328460405804,"OCF_SALES":11.813513505924,"TOTAL_PARENT_EQUITY":36186874000,"DEBT_ASSET_RATIO":42.5656204763,"OPERATE_PROFIT":5729266000,"PRETAX_PROFIT":5672839000,"NETCASH_OPERATE":3407373000,"NETCASH_INVEST":-25092368000,"NETCASH_FINANCE":18297557000,"END_CASH":11618619000,"DIVI_RATIO":0.226431871335,"DIVIDEND_RATE":5.453551912568,"CURRENT_RATIO":1.258563785338,"COMMON_ACS":10000000000,"CURRENTDEBT_DEBT":87.170171240361,"ISSUED_COMMON_SHARES":3343049591,"HK_COMMON_SHARES":3343049591,"PER_SHARES":1000,"TOTAL_MARKET_CAP":18353342254.59,"HKSK_MARKET_CAP":18353342254.59,"PE_TTM":-28.263358497017,"PB_TTM":0.457492877867,"REPORT_DATE_SQ":"2020-12-31 00:00:00","REPORT_TYPE_SQ":"2020年年报","OPERATE_INCOME_SQ":15600421000,"DPS_HKD":0.2994,"OPERATE_INCOME_QOQ_SQ":25.804388487016,"NET_PROFIT_RATIO_SQ":17.8306534163,"HOLDER_PROFIT_SQ":2686128000,"HOLDER_PROFIT_QOQ_SQ":23.863984827154,"ROE_AVG_SQ":26.943598080857,"PE_TTM_SQ":13.127785031429,"PB_TTM_SQ":0.541500891357,"ROA_SQ":12.357627512068,"START_DATE":"2021-01-01 00:00:00","FISCAL_YEAR":"12-31","CURRENCY":"HKD","IS_CNY_CODE":0,"DPS_HKD_LY":0.2658,"ORG_TYPE":"一般企业","PREMIUM_INCOME":null,"PREMIUM_INCOME_YOY":null,"NET_INTEREST_INCOME":null,"NET_INTEREST_INCOME_YOY":null,"FEE_COMMISSION_INCOME":null,"FEE_COMMISSION_INCOME_YOY":null,"ACCOUNTS_RECE_TDAYS":2.77051614063,"INVENTORY_TDAYS":115.011953659063,"CURRENT_ASSETS_TDAYS":1.05868175324,"TOTAL_ASSETS_TDAYS":0.588532977081,"PREMIUM_EXPENSE":null,"LOAN_DEPOSIT":null,"LOAN_EQUITY":null,"LOAN_ASSETS":null,"DEPOSIT_EQUITY":null,"DEPOSIT_ASSETS":null,"EQUITY_MULTIPLIER":1.741117442711,"EQUITY_RATIO":0.785900019991},{"SECUCODE":"06098.HK","SECURITY_CODE":"06098","SECURITY_NAME_ABBR":"碧桂园服务","ORG_CODE":"10919239","STD_REPORT_DATE":"2021-06-30 00:00:00","REPORT_DATE":"2021-06-30 00:00:00","DATE_TYPE_CODE":"002","REPORT_TYPE":"2021年中报","PER_NETCASH_OPERATE":0.156017375676,"PER_OI":3.585154660741,"BPS":8.524342587295,"BASIC_EPS":0.6987,"DILUTED_EPS":0.6981,"OPERATE_INCOME":11559848000,"OPERATE_INCOME_YOY":84.3300201331,"GROSS_PROFIT":3859739000,"GROSS_PROFIT_YOY":65.473150165892,"HOLDER_PROFIT":2113001000,"HOLDER_PROFIT_YOY":60.7042844822,"GROSS_PROFIT_RATIO":33.389184702083,"EPS_TTM":1.08061300789,"OPERATE_INCOME_QOQ":33.900174873486,"NET_PROFIT_RATIO":19.2582549528,"ROE_AVG":9.813524544482,"GROSS_PROFIT_QOQ":28.816204784813,"ROA":5.104165139303,"HOLDER_PROFIT_QOQ":29.714257846238,"ROE_YEARLY":19.627049088964,"ROIC_YEARLY":20.020850858281,"TOTAL_ASSETS":51591289000,"TOTAL_LIABILITIES":21091151000,"TAX_EBT":25.805533494616,"OCF_SALES":4.351761372641,"TOTAL_PARENT_EQUITY":28497300000,"DEBT_ASSET_RATIO":40.8812251231,"OPERATE_PROFIT":3010970000,"PRETAX_PROFIT":3000527000,"NETCASH_OPERATE":503057000,"NETCASH_INVEST":-7187485000,"NETCASH_FINANCE":13255608000,"END_CASH":21767798000,"DIVI_RATIO":0.251081808214,"DIVIDEND_RATE":5.453551912568,"CURRENT_RATIO":1.845025073755,"COMMON_ACS":10000000000,"CURRENTDEBT_DEBT":88.701688210378,"ISSUED_COMMON_SHARES":3343049591,"HK_COMMON_SHARES":3343049591,"PER_SHARES":1000,"TOTAL_MARKET_CAP":18353342254.59,"HKSK_MARKET_CAP":18353342254.59,"PE_TTM":-28.263358497017,"PB_TTM":0.457492877867,"REPORT_DATE_SQ":"2020-06-30 00:00:00","REPORT_TYPE_SQ":"2020年中报","OPERATE_INCOME_SQ":6271278000,"DPS_HKD":0.2994,"OPERATE_INCOME_QOQ_SQ":28.570307332949,"NET_PROFIT_RATIO_SQ":21.2914496854,"HOLDER_PROFIT_SQ":1314838000,"HOLDER_PROFIT_QOQ_SQ":29.805334884812,"ROE_AVG_SQ":22.25260683752,"PE_TTM_SQ":13.127785031429,"PB_TTM_SQ":0.541500891357,"ROA_SQ":8.673297290408,"START_DATE":"2021-01-01 00:00:00","FISCAL_YEAR":"12-31","CURRENCY":"HKD","IS_CNY_CODE":0,"DPS_HKD_LY":0.2658,"ORG_TYPE":"一般企业","PREMIUM_INCOME":null,"PREMIUM_INCOME_YOY":null,"NET_INTEREST_INCOME":null,"NET_INTEREST_INCOME_YOY":null,"FEE_COMMISSION_INCOME":null,"FEE_COMMISSION_INCOME_YOY":null,"ACCOUNTS_RECE_TDAYS":1.578784894627,"INVENTORY_TDAYS":52.668684464326,"CURRENT_ASSETS_TDAYS":0.399959076314,"TOTAL_ASSETS_TDAYS":0.279239684114,"PREMIUM_EXPENSE":null,"LOAN_DEPOSIT":null,"LOAN_EQUITY":null,"LOAN_ASSETS":null,"DEPOSIT_EQUITY":null,"DEPOSIT_ASSETS":null,"EQUITY_MULTIPLIER":1.691510018742,"EQUITY_RATIO":0.740110501697},{"SECUCODE":"06098.HK","SECURITY_CODE":"06098","SECURITY_NAME_ABBR":"碧桂园服务","ORG_CODE":"10919239","STD_REPORT_DATE":"2020-12-31 00:00:00","REPORT_DATE":"2020-12-31 00:00:00","DATE_TYPE_CODE":"001","REPORT_TYPE":"2020年年报","PER_NETCASH_OPERATE":1.232334106404,"PER_OI":5.320065969766,"BPS":4.357021816013,"BASIC_EPS":0.9762,"DILUTED_EPS":0.9632,"OPERATE_INCOME":15600421000,"OPERATE_INCOME_YOY":61.7470889161,"GROSS_PROFIT":5299768000,"GROSS_PROFIT_YOY":73.635305993203,"HOLDER_PROFIT":2686128000,"HOLDER_PROFIT_YOY":60.7820603066,"GROSS_PROFIT_RATIO":33.971954987625,"EPS_TTM":0.916025161323,"OPERATE_INCOME_QOQ":25.804388487016,"NET_PROFIT_RATIO":17.8306534163,"ROE_AVG":26.943598080857,"GROSS_PROFIT_QOQ":32.26736147507,"ROA":12.357627512068,"HOLDER_PROFIT_QOQ":23.863984827154,"ROE_YEARLY":26.943598080857,"ROIC_YEARLY":27.62915073879,"TOTAL_ASSETS":31203877000,"TOTAL_LIABILITIES":15044839000,"TAX_EBT":25.118131157418,"OCF_SALES":23.163887692518,"TOTAL_PARENT_EQUITY":14565740000,"DEBT_ASSET_RATIO":48.2146465325,"OPERATE_PROFIT":3630482000,"PRETAX_PROFIT":3714727000,"NETCASH_OPERATE":3613664000,"NETCASH_INVEST":-4631974000,"NETCASH_FINANCE":9762163000,"END_CASH":15215224000,"DIVI_RATIO":0.296195213249,"DIVIDEND_RATE":5.453551912568,"CURRENT_RATIO":1.636223927033,"COMMON_ACS":10000000000,"CURRENTDEBT_DEBT":94.602521170217,"ISSUED_COMMON_SHARES":3343049591,"HK_COMMON_SHARES":3343049591,"PER_SHARES":1000,"TOTAL_MARKET_CAP":18353342254.59,"HKSK_MARKET_CAP":18353342254.59,"PE_TTM":-28.263358497017,"PB_TTM":0.457492877867,"REPORT_DATE_SQ":"2019-12-31 00:00:00","REPORT_TYPE_SQ":"2019年年报","OPERATE_INCOME_SQ":9644947000,"DPS_HKD":0.2994,"OPERATE_INCOME_QOQ_SQ":56.188339071606,"NET_PROFIT_RATIO_SQ":17.8164898159,"HOLDER_PROFIT_SQ":1670664000,"HOLDER_PROFIT_QOQ_SQ":31.655848121655,"ROE_AVG_SQ":43.769360080367,"PE_TTM_SQ":13.127785031429,"PB_TTM_SQ":0.541500891357,"ROA_SQ":18.780773613226,"START_DATE":"2020-01-01 00:00:00","FISCAL_YEAR":"12-31","CURRENCY":"HKD","IS_CNY_CODE":0,"DPS_HKD_LY":0.1658,"ORG_TYPE":"一般企业","PREMIUM_INCOME":null,"PREMIUM_INCOME_YOY":null,"NET_INTEREST_INCOME":null,"NET_INTEREST_INCOME_YOY":null,"FEE_COMMISSION_INCOME":null,"FEE_COMMISSION_INCOME_YOY":null,"ACCOUNTS_RECE_TDAYS":4.305176628213,"INVENTORY_TDAYS":136.564532594429,"CURRENT_ASSETS_TDAYS":0.931022494418,"TOTAL_ASSETS_TDAYS":0.717702923127,"PREMIUM_EXPENSE":null,"LOAN_DEPOSIT":null,"LOAN_EQUITY":null,"LOAN_ASSETS":null,"DEPOSIT_EQUITY":null,"DEPOSIT_ASSETS":null,"EQUITY_MULTIPLIER":1.931047937382,"EQUITY_RATIO":1.032892183988},{"SECUCODE":"06098.HK","SECURITY_CODE":"06098","SECURITY_NAME_ABBR":"碧桂园服务","ORG_CODE":"10919239","STD_REPORT_DATE":"2020-06-30 00:00:00","REPORT_DATE":"2020-06-30 00:00:00","DATE_TYPE_CODE":"002","REPORT_TYPE":"2020年中报","PER_NETCASH_OPERATE":0.233866966441,"PER_OI":2.277533086684,"BPS":1.927649538119,"BASIC_EPS":0.4826,"DILUTED_EPS":0.4816,"OPERATE_INCOME":6271278000,"OPERATE_INCOME_YOY":78.3798728385,"GROSS_PROFIT":2332547000,"GROSS_PROFIT_YOY":69.279309223704,"HOLDER_PROFIT":1314838000,"HOLDER_PROFIT_YOY":60.9563577026,"GROSS_PROFIT_RATIO":37.194125344148,"EPS_TTM":0.787572055432,"OPERATE_INCOME_QOQ":28.570307332949,"NET_PROFIT_RATIO":21.2914496854,"ROE_AVG":22.25260683752,"GROSS_PROFIT_QOQ":31.276003434853,"ROA":8.673297290408,"HOLDER_PROFIT_QOQ":29.805334884812,"ROE_YEARLY":44.50521367504,"ROIC_YEARLY":40.992508826167,"TOTAL_ASSETS":18049897000,"TOTAL_LIABILITIES":11264344000,"TAX_EBT":26.383609118812,"OCF_SALES":10.268433324117,"TOTAL_PARENT_EQUITY":6444228000,"DEBT_ASSET_RATIO":62.4066940659,"OPERATE_PROFIT":1757082000,"PRETAX_PROFIT":1813789000,"NETCASH_OPERATE":643962000,"NETCASH_INVEST":-1266936000,"NETCASH_FINANCE":3588370000,"END_CASH":9927344000,"DIVI_RATIO":0.344504691512,"DIVIDEND_RATE":5.453551912568,"CURRENT_RATIO":1.425713861087,"COMMON_ACS":10000000000,"CURRENTDEBT_DEBT":97.903268934258,"ISSUED_COMMON_SHARES":3343049591,"HK_COMMON_SHARES":3343049591,"PER_SHARES":1000,"TOTAL_MARKET_CAP":18353342254.59,"HKSK_MARKET_CAP":18353342254.59,"PE_TTM":-28.263358497017,"PB_TTM":0.457492877867,"REPORT_DATE_SQ":"2019-06-30 00:00:00","REPORT_TYPE_SQ":"2019年中报","OPERATE_INCOME_SQ":3515687000,"DPS_HKD":0.2994,"OPERATE_INCOME_QOQ_SQ":32.081795192466,"NET_PROFIT_RATIO_SQ":23.4998166788,"HOLDER_PROFIT_SQ":816891000,"HOLDER_PROFIT_QOQ_SQ":37.459513797265,"ROE_AVG_SQ":24.264544369422,"PE_TTM_SQ":13.127785031429,"PB_TTM_SQ":0.541500891357,"ROA_SQ":11.546795781875,"START_DATE":"2020-01-01 00:00:00","FISCAL_YEAR":"12-31","CURRENCY":"HKD","IS_CNY_CODE":0,"DPS_HKD_LY":0.1658,"ORG_TYPE":"一般企业","PREMIUM_INCOME":null,"PREMIUM_INCOME_YOY":null,"NET_INTEREST_INCOME":null,"NET_INTEREST_INCOME_YOY":null,"FEE_COMMISSION_INCOME":null,"FEE_COMMISSION_INCOME_YOY":null,"ACCOUNTS_RECE_TDAYS":2.314643596304,"INVENTORY_TDAYS":178.882803097395,"CURRENT_ASSETS_TDAYS":0.483383811083,"TOTAL_ASSETS_TDAYS":0.413683347186,"PREMIUM_EXPENSE":null,"LOAN_DEPOSIT":null,"LOAN_EQUITY":null,"LOAN_ASSETS":null,"DEPOSIT_EQUITY":null,"DEPOSIT_ASSETS":null,"EQUITY_MULTIPLIER":2.660048046195,"EQUITY_RATIO":1.747974156098}],"count":17},"success":true,"message":"ok","code":0}