{"version":"14cd23841a9e4e43eb46d5a890340a49","result":{"pages":4,"data":[{"SECUCODE":"06108.HK","SECURITY_CODE":"06108","SECURITY_NAME_ABBR":"新锐医药","ORG_CODE":"10342911","STD_REPORT_DATE":"2024-06-30 00:00:00","REPORT_DATE":"2024-06-30 00:00:00","DATE_TYPE_CODE":"002","REPORT_TYPE":"2024年中报","PER_NETCASH_OPERATE":-0.000104814972,"PER_OI":0.009126545294,"BPS":0.25585279995,"BASIC_EPS":-0.002190432,"DILUTED_EPS":-0.002190432,"OPERATE_INCOME":15258184.24,"OPERATE_INCOME_YOY":-46.0987877225,"GROSS_PROFIT":5682345.68,"GROSS_PROFIT_YOY":-13.945847238341,"HOLDER_PROFIT":-3731035.84,"HOLDER_PROFIT_YOY":69.394325073,"GROSS_PROFIT_RATIO":37.241296805838,"EPS_TTM":-0.006882836014,"OPERATE_INCOME_QOQ":-29.346058799136,"NET_PROFIT_RATIO":-24.452685728,"ROE_AVG":-0.861607462768,"GROSS_PROFIT_QOQ":-7.852342617234,"ROA":-0.828514015121,"HOLDER_PROFIT_QOQ":42.725075187532,"ROE_YEARLY":-1.723214925537,"ROIC_YEARLY":-2.055833893851,"TOTAL_ASSETS":451981040.32,"TOTAL_LIABILITIES":24234392.04,"TAX_EBT":-0.122458976243,"OCF_SALES":-1.148462734777,"TOTAL_PARENT_EQUITY":427746648.28,"DEBT_ASSET_RATIO":5.3618160671,"OPERATE_PROFIT":-3723734.4,"PRETAX_PROFIT":-3726472.44,"NETCASH_OPERATE":-175234.56,"NETCASH_INVEST":-13525917.6,"NETCASH_FINANCE":-656216.92,"END_CASH":79839421.04,"DIVI_RATIO":null,"DIVIDEND_RATE":null,"CURRENT_RATIO":17.967490622295,"COMMON_ACS":3000000000,"CURRENTDEBT_DEBT":78.311301924453,"ISSUED_COMMON_SHARES":1671846657,"HK_COMMON_SHARES":1671846657,"PER_SHARES":8000,"TOTAL_MARKET_CAP":73561252.908,"HKSK_MARKET_CAP":73561252.908,"PE_TTM":-5.701980692039,"PB_TTM":0.156957125378,"REPORT_DATE_SQ":"2023-06-30 00:00:00","REPORT_TYPE_SQ":"2023年中报","OPERATE_INCOME_SQ":28596131.68,"DPS_HKD":null,"OPERATE_INCOME_QOQ_SQ":20.742948296512,"NET_PROFIT_RATIO_SQ":-18.2874902449,"HOLDER_PROFIT_SQ":-12314886.86,"HOLDER_PROFIT_QOQ_SQ":8.570387259097,"ROE_AVG_SQ":-2.618922040159,"PE_TTM_SQ":-0.9324431488,"PB_TTM_SQ":0.131886176093,"ROA_SQ":-2.503418139426,"START_DATE":"2024-01-01 00:00:00","FISCAL_YEAR":"12-31","CURRENCY":"HKD","IS_CNY_CODE":0,"DPS_HKD_LY":null,"ORG_TYPE":"一般企业","PREMIUM_INCOME":null,"PREMIUM_INCOME_YOY":null,"NET_INTEREST_INCOME":null,"NET_INTEREST_INCOME_YOY":null,"FEE_COMMISSION_INCOME":null,"FEE_COMMISSION_INCOME_YOY":null,"ACCOUNTS_RECE_TDAYS":0.066468668122,"INVENTORY_TDAYS":0.406202210651,"CURRENT_ASSETS_TDAYS":0.044473884429,"TOTAL_ASSETS_TDAYS":0.033882331959,"PREMIUM_EXPENSE":null,"LOAN_DEPOSIT":null,"LOAN_EQUITY":null,"LOAN_ASSETS":null,"DEPOSIT_EQUITY":null,"DEPOSIT_ASSETS":null,"EQUITY_MULTIPLIER":1.056655948416,"EQUITY_RATIO":0.056655948416},{"SECUCODE":"06108.HK","SECURITY_CODE":"06108","SECURITY_NAME_ABBR":"新锐医药","ORG_CODE":"10342911","STD_REPORT_DATE":"2023-12-31 00:00:00","REPORT_DATE":"2023-12-31 00:00:00","DATE_TYPE_CODE":"001","REPORT_TYPE":"2023年年报","PER_NETCASH_OPERATE":-0.024612742663,"PER_OI":0.027185841291,"BPS":0.260319851607,"BASIC_EPS":-0.012052726,"DILUTED_EPS":-0.012052726,"OPERATE_INCOME":45450557.88,"OPERATE_INCOME_YOY":-44.1311782201,"GROSS_PROFIT":11727393.02,"GROSS_PROFIT_YOY":-0.901196306152,"HOLDER_PROFIT":-20090897.4,"HOLDER_PROFIT_YOY":71.5575968286,"GROSS_PROFIT_RATIO":25.802528213104,"EPS_TTM":-0.012017189086,"OPERATE_INCOME_QOQ":-53.058319801554,"NET_PROFIT_RATIO":-44.2038521354,"ROE_AVG":-4.407949021284,"GROSS_PROFIT_QOQ":48.629866821342,"ROA":-4.298794321015,"HOLDER_PROFIT_QOQ":68.440486340367,"ROE_YEARLY":-4.407949021284,"ROIC_YEARLY":-5.735462465318,"TOTAL_ASSETS":445500470.66,"TOTAL_LIABILITIES":10285597,"TAX_EBT":0.769850505774,"OCF_SALES":-90.535151732663,"TOTAL_PARENT_EQUITY":435214873.66,"DEBT_ASSET_RATIO":2.3087735429,"OPERATE_PROFIT":-20217768.2,"PRETAX_PROFIT":-20246767.24,"NETCASH_OPERATE":-41148731.54,"NETCASH_INVEST":-5449100.86,"NETCASH_FINANCE":-918000.86,"END_CASH":94205193.88,"DIVI_RATIO":null,"DIVIDEND_RATE":null,"CURRENT_RATIO":68.082088208821,"COMMON_ACS":3000000000,"CURRENTDEBT_DEBT":48.942731277533,"ISSUED_COMMON_SHARES":1671846657,"HK_COMMON_SHARES":1671846657,"PER_SHARES":8000,"TOTAL_MARKET_CAP":73561252.908,"HKSK_MARKET_CAP":73561252.908,"PE_TTM":-5.701980692039,"PB_TTM":0.156957125378,"REPORT_DATE_SQ":"2022-12-31 00:00:00","REPORT_TYPE_SQ":"2022年年报","OPERATE_INCOME_SQ":80189741.17,"DPS_HKD":null,"OPERATE_INCOME_QOQ_SQ":-45.240472467715,"NET_PROFIT_RATIO_SQ":-86.828708603,"HOLDER_PROFIT_SQ":-69627716.69,"HOLDER_PROFIT_QOQ_SQ":-223.340007658975,"ROE_AVG_SQ":-13.459687160311,"PE_TTM_SQ":-1.219348733046,"PB_TTM_SQ":0.172466537968,"ROA_SQ":-12.970673003321,"START_DATE":"2023-01-01 00:00:00","FISCAL_YEAR":"12-31","CURRENCY":"HKD","IS_CNY_CODE":0,"DPS_HKD_LY":null,"ORG_TYPE":"一般企业","PREMIUM_INCOME":null,"PREMIUM_INCOME_YOY":null,"NET_INTEREST_INCOME":null,"NET_INTEREST_INCOME_YOY":null,"FEE_COMMISSION_INCOME":null,"FEE_COMMISSION_INCOME_YOY":null,"ACCOUNTS_RECE_TDAYS":0.222480986379,"INVENTORY_TDAYS":1.120924138139,"CURRENT_ASSETS_TDAYS":0.128260766716,"TOTAL_ASSETS_TDAYS":0.097249314559,"PREMIUM_EXPENSE":null,"LOAN_DEPOSIT":null,"LOAN_EQUITY":null,"LOAN_ASSETS":null,"DEPOSIT_EQUITY":null,"DEPOSIT_ASSETS":null,"EQUITY_MULTIPLIER":1.023633376575,"EQUITY_RATIO":0.023633376574},{"SECUCODE":"06108.HK","SECURITY_CODE":"06108","SECURITY_NAME_ABBR":"新锐医药","ORG_CODE":"10342911","STD_REPORT_DATE":"2023-06-30 00:00:00","REPORT_DATE":"2023-06-30 00:00:00","DATE_TYPE_CODE":"002","REPORT_TYPE":"2023年中报","PER_NETCASH_OPERATE":-0.018290187412,"PER_OI":0.017104518264,"BPS":0.27263827844,"BASIC_EPS":-0.00737584,"DILUTED_EPS":-0.00737584,"OPERATE_INCOME":28596131.68,"OPERATE_INCOME_YOY":23.1831750797,"GROSS_PROFIT":6603220.76,"GROSS_PROFIT_YOY":19.303914724362,"HOLDER_PROFIT":-12314886.86,"HOLDER_PROFIT_YOY":37.5198802507,"GROSS_PROFIT_RATIO":9.805720231657,"EPS_TTM":-0.038077865254,"OPERATE_INCOME_QOQ":20.742948296512,"NET_PROFIT_RATIO":-18.2874902449,"ROE_AVG":-2.618922040159,"GROSS_PROFIT_QOQ":15.661774750626,"ROA":-2.503418139426,"HOLDER_PROFIT_QOQ":8.570387259097,"ROE_YEARLY":-5.237844080319,"ROIC_YEARLY":-6.676488707777,"TOTAL_ASSETS":486115798.96,"TOTAL_LIABILITIES":30306404.58,"TAX_EBT":null,"OCF_SALES":-45.408617314038,"TOTAL_PARENT_EQUITY":455809394.38,"DEBT_ASSET_RATIO":6.2344002488,"OPERATE_PROFIT":-12292759.34,"PRETAX_PROFIT":-12314886.86,"NETCASH_OPERATE":-30578388.68,"NETCASH_INVEST":-8029523.82,"NETCASH_FINANCE":-783683,"END_CASH":103673885.06,"DIVI_RATIO":null,"DIVIDEND_RATE":null,"CURRENT_RATIO":15.061051441492,"COMMON_ACS":3000000000,"CURRENTDEBT_DEBT":80.724650908095,"ISSUED_COMMON_SHARES":1671846657,"HK_COMMON_SHARES":1671846657,"PER_SHARES":8000,"TOTAL_MARKET_CAP":73561252.908,"HKSK_MARKET_CAP":73561252.908,"PE_TTM":-5.701980692039,"PB_TTM":0.156957125378,"REPORT_DATE_SQ":"2022-06-30 00:00:00","REPORT_TYPE_SQ":"2022年中报","OPERATE_INCOME_SQ":50706780.67,"DPS_HKD":null,"OPERATE_INCOME_QOQ_SQ":-46.595103694189,"NET_PROFIT_RATIO_SQ":-36.0548462719,"HOLDER_PROFIT_SQ":-18282251.82,"HOLDER_PROFIT_QOQ_SQ":-832.646648901227,"ROE_AVG_SQ":-3.44633856754,"PE_TTM_SQ":-1.219348733046,"PB_TTM_SQ":0.172466537968,"ROA_SQ":-3.298315665071,"START_DATE":"2023-01-01 00:00:00","FISCAL_YEAR":"12-31","CURRENCY":"HKD","IS_CNY_CODE":0,"DPS_HKD_LY":null,"ORG_TYPE":"一般企业","PREMIUM_INCOME":null,"PREMIUM_INCOME_YOY":null,"NET_INTEREST_INCOME":null,"NET_INTEREST_INCOME_YOY":null,"FEE_COMMISSION_INCOME":null,"FEE_COMMISSION_INCOME_YOY":null,"ACCOUNTS_RECE_TDAYS":0.128243454171,"INVENTORY_TDAYS":2.8708327886,"CURRENT_ASSETS_TDAYS":0.181799400631,"TOTAL_ASSETS_TDAYS":0.136892384132,"PREMIUM_EXPENSE":null,"LOAN_DEPOSIT":null,"LOAN_EQUITY":null,"LOAN_ASSETS":null,"DEPOSIT_EQUITY":null,"DEPOSIT_ASSETS":null,"EQUITY_MULTIPLIER":1.066489205693,"EQUITY_RATIO":0.066489205694},{"SECUCODE":"06108.HK","SECURITY_CODE":"06108","SECURITY_NAME_ABBR":"新锐医药","ORG_CODE":"10342911","STD_REPORT_DATE":"2022-12-31 00:00:00","REPORT_DATE":"2022-12-31 00:00:00","DATE_TYPE_CODE":"001","REPORT_TYPE":"2022年年报","PER_NETCASH_OPERATE":-0.000169907843,"PER_OI":0.047964770474,"BPS":0.280859268058,"BASIC_EPS":-0.041626382,"DILUTED_EPS":-0.041626382,"OPERATE_INCOME":80189741.17,"OPERATE_INCOME_YOY":-73.2330490787,"GROSS_PROFIT":11834040.96,"GROSS_PROFIT_YOY":-49.192219362731,"HOLDER_PROFIT":-69627716.69,"HOLDER_PROFIT_YOY":-2660.1628895184,"GROSS_PROFIT_RATIO":8.507201657551,"EPS_TTM":-0.041647190787,"OPERATE_INCOME_QOQ":-45.240472467715,"NET_PROFIT_RATIO":-86.828708603,"ROE_AVG":-13.459687160311,"GROSS_PROFIT_QOQ":-29.275440333954,"ROA":-12.970673003321,"HOLDER_PROFIT_QOQ":-223.340007658975,"ROE_YEARLY":-13.459687160311,"ROIC_YEARLY":-17.373095739583,"TOTAL_ASSETS":482230916.23,"TOTAL_LIABILITIES":12677287.84,"TAX_EBT":2.91333482799,"OCF_SALES":-0.354234663756,"TOTAL_PARENT_EQUITY":469553628.39,"DEBT_ASSET_RATIO":2.6288832618,"OPERATE_PROFIT":-71558966.43,"PRETAX_PROFIT":-71717075.22,"NETCASH_OPERATE":-284059.86,"NETCASH_INVEST":1445310.86,"NETCASH_FINANCE":-11187313.48,"END_CASH":137932500.51,"DIVI_RATIO":null,"DIVIDEND_RATE":null,"CURRENT_RATIO":51.46769466038,"COMMON_ACS":3000000000,"CURRENTDEBT_DEBT":55.291713641488,"ISSUED_COMMON_SHARES":1671846657,"HK_COMMON_SHARES":1671846657,"PER_SHARES":8000,"TOTAL_MARKET_CAP":73561252.908,"HKSK_MARKET_CAP":73561252.908,"PE_TTM":-5.701980692039,"PB_TTM":0.156957125378,"REPORT_DATE_SQ":"2021-12-31 00:00:00","REPORT_TYPE_SQ":"2021年年报","OPERATE_INCOME_SQ":274206688,"DPS_HKD":null,"OPERATE_INCOME_QOQ_SQ":20.723981702448,"NET_PROFIT_RATIO_SQ":-0.8420299362,"HOLDER_PROFIT_SQ":-2308902.4,"HOLDER_PROFIT_QOQ_SQ":90.56257261598,"ROE_AVG_SQ":-0.456036999716,"PE_TTM_SQ":-1.219348733046,"PB_TTM_SQ":0.172466537968,"ROA_SQ":-0.430433016529,"START_DATE":"2022-01-01 00:00:00","FISCAL_YEAR":"12-31","CURRENCY":"HKD","IS_CNY_CODE":0,"DPS_HKD_LY":null,"ORG_TYPE":"一般企业","PREMIUM_INCOME":null,"PREMIUM_INCOME_YOY":null,"NET_INTEREST_INCOME":null,"NET_INTEREST_INCOME_YOY":null,"FEE_COMMISSION_INCOME":null,"FEE_COMMISSION_INCOME_YOY":null,"ACCOUNTS_RECE_TDAYS":0.432315682767,"INVENTORY_TDAYS":1.023240748239,"CURRENT_ASSETS_TDAYS":0.202209252823,"TOTAL_ASSETS_TDAYS":0.149382309285,"PREMIUM_EXPENSE":null,"LOAN_DEPOSIT":null,"LOAN_EQUITY":null,"LOAN_ASSETS":null,"DEPOSIT_EQUITY":null,"DEPOSIT_ASSETS":null,"EQUITY_MULTIPLIER":1.02699859414,"EQUITY_RATIO":0.02699859414},{"SECUCODE":"06108.HK","SECURITY_CODE":"06108","SECURITY_NAME_ABBR":"新锐医药","ORG_CODE":"10342911","STD_REPORT_DATE":"2022-06-30 00:00:00","REPORT_DATE":"2022-06-30 00:00:00","DATE_TYPE_CODE":"002","REPORT_TYPE":"2022年中报","PER_NETCASH_OPERATE":0.00888670968,"PER_OI":0.030329803548,"BPS":0.31103176965,"BASIC_EPS":-0.010946432,"DILUTED_EPS":-0.010946432,"OPERATE_INCOME":50706780.67,"OPERATE_INCOME_YOY":-72.3564158869,"GROSS_PROFIT":5534789.68,"GROSS_PROFIT_YOY":-66.911645770365,"HOLDER_PROFIT":-18282251.82,"HOLDER_PROFIT_YOY":-1986.8490732568,"GROSS_PROFIT_RATIO":6.076602634375,"EPS_TTM":-0.012880308592,"OPERATE_INCOME_QOQ":-46.595103694189,"NET_PROFIT_RATIO":-36.0548462719,"ROE_AVG":-3.44633856754,"GROSS_PROFIT_QOQ":-58.587405145971,"ROA":-3.298315665071,"HOLDER_PROFIT_QOQ":-832.646648901227,"ROE_YEARLY":-6.89267713508,"ROIC_YEARLY":-8.60061915768,"TOTAL_ASSETS":542405112.69,"TOTAL_LIABILITIES":22407688.38,"TAX_EBT":null,"OCF_SALES":29.300254667499,"TOTAL_PARENT_EQUITY":519997424.31,"DEBT_ASSET_RATIO":4.1311720439,"OPERATE_PROFIT":-18156538.89,"PRETAX_PROFIT":-18282251.82,"NETCASH_OPERATE":14857215.87,"NETCASH_INVEST":3381421.26,"NETCASH_FINANCE":-10907948.45,"END_CASH":129895664.29,"DIVI_RATIO":null,"DIVIDEND_RATE":null,"CURRENT_RATIO":26.337247341979,"COMMON_ACS":3000000000,"CURRENTDEBT_DEBT":65.330890771697,"ISSUED_COMMON_SHARES":1671846657,"HK_COMMON_SHARES":1671846657,"PER_SHARES":8000,"TOTAL_MARKET_CAP":73561252.908,"HKSK_MARKET_CAP":73561252.908,"PE_TTM":-5.701980692039,"PB_TTM":0.156957125378,"REPORT_DATE_SQ":"2021-06-30 00:00:00","REPORT_TYPE_SQ":"2021年中报","OPERATE_INCOME_SQ":178473671.28,"DPS_HKD":null,"OPERATE_INCOME_QOQ_SQ":102.58545242391,"NET_PROFIT_RATIO_SQ":0.5282272916,"HOLDER_PROFIT_SQ":942746.64,"HOLDER_PROFIT_QOQ_SQ":58.313091303276,"ROE_AVG_SQ":0.183381107376,"PE_TTM_SQ":-1.219348733046,"PB_TTM_SQ":0.172466537968,"ROA_SQ":0.172868231839,"START_DATE":"2022-01-01 00:00:00","FISCAL_YEAR":"12-31","CURRENCY":"HKD","IS_CNY_CODE":0,"DPS_HKD_LY":null,"ORG_TYPE":"一般企业","PREMIUM_INCOME":null,"PREMIUM_INCOME_YOY":null,"NET_INTEREST_INCOME":null,"NET_INTEREST_INCOME_YOY":null,"FEE_COMMISSION_INCOME":null,"FEE_COMMISSION_INCOME_YOY":null,"ACCOUNTS_RECE_TDAYS":0.274641314543,"INVENTORY_TDAYS":0.575931661763,"CURRENT_ASSETS_TDAYS":0.126846768983,"TOTAL_ASSETS_TDAYS":0.09148050834,"PREMIUM_EXPENSE":null,"LOAN_DEPOSIT":null,"LOAN_EQUITY":null,"LOAN_ASSETS":null,"DEPOSIT_EQUITY":null,"DEPOSIT_ASSETS":null,"EQUITY_MULTIPLIER":1.043091921868,"EQUITY_RATIO":0.043091921868},{"SECUCODE":"06108.HK","SECURITY_CODE":"06108","SECURITY_NAME_ABBR":"新锐医药","ORG_CODE":"10342911","STD_REPORT_DATE":"2021-12-31 00:00:00","REPORT_DATE":"2021-12-31 00:00:00","DATE_TYPE_CODE":"001","REPORT_TYPE":"2021年年报","PER_NETCASH_OPERATE":-0.028554071392,"PER_OI":0.164014257439,"BPS":0.309353052826,"BASIC_EPS":-0.00138992,"DILUTED_EPS":-0.00138992,"OPERATE_INCOME":274206688,"OPERATE_INCOME_YOY":151.7603254913,"GROSS_PROFIT":23291788.8,"GROSS_PROFIT_YOY":153.172529913162,"HOLDER_PROFIT":-2308902.4,"HOLDER_PROFIT_YOY":95.9501512957,"GROSS_PROFIT_RATIO":8.494245333651,"EPS_TTM":-0.001381049147,"OPERATE_INCOME_QOQ":20.723981702448,"NET_PROFIT_RATIO":-0.8420299362,"ROE_AVG":-0.456036999716,"GROSS_PROFIT_QOQ":8.593137154736,"ROA":-0.430433016529,"HOLDER_PROFIT_QOQ":90.56257261598,"ROE_YEARLY":-0.456036999716,"ROIC_YEARLY":-0.515206716661,"TOTAL_ASSETS":541289627.2,"TOTAL_LIABILITIES":24098760,"TAX_EBT":21.729490022173,"OCF_SALES":-17.409505635399,"TOTAL_PARENT_EQUITY":517190867.2,"DEBT_ASSET_RATIO":4.4521008327,"OPERATE_PROFIT":-3628508.8,"PRETAX_PROFIT":-2949900.8,"NETCASH_OPERATE":-47738028.8,"NETCASH_INVEST":107190630.4,"NETCASH_FINANCE":8268388.8,"END_CASH":122765092.8,"DIVI_RATIO":null,"DIVIDEND_RATE":null,"CURRENT_RATIO":24.829947676208,"COMMON_ACS":3000000000,"CURRENTDEBT_DEBT":66.137404580153,"ISSUED_COMMON_SHARES":1671846657,"HK_COMMON_SHARES":1671846657,"PER_SHARES":8000,"TOTAL_MARKET_CAP":73561252.908,"HKSK_MARKET_CAP":73561252.908,"PE_TTM":-5.701980692039,"PB_TTM":0.156957125378,"REPORT_DATE_SQ":"2020-12-31 00:00:00","REPORT_TYPE_SQ":"2020年年报","OPERATE_INCOME_SQ":112118230.96,"DPS_HKD":null,"OPERATE_INCOME_QOQ_SQ":-7.259094233208,"NET_PROFIT_RATIO_SQ":-52.3450988635,"HOLDER_PROFIT_SQ":-58688398.84,"HOLDER_PROFIT_QOQ_SQ":10.98734251737,"ROE_AVG_SQ":-11.064838579919,"PE_TTM_SQ":-1.219348733046,"PB_TTM_SQ":0.172466537968,"ROA_SQ":-10.49354151571,"START_DATE":"2021-01-01 00:00:00","FISCAL_YEAR":"12-31","CURRENCY":"HKD","IS_CNY_CODE":0,"DPS_HKD_LY":null,"ORG_TYPE":"一般企业","PREMIUM_INCOME":null,"PREMIUM_INCOME_YOY":null,"NET_INTEREST_INCOME":null,"NET_INTEREST_INCOME_YOY":null,"FEE_COMMISSION_INCOME":null,"FEE_COMMISSION_INCOME_YOY":null,"ACCOUNTS_RECE_TDAYS":1.58320961312,"INVENTORY_TDAYS":3.298229398963,"CURRENT_ASSETS_TDAYS":0.804857269706,"TOTAL_ASSETS_TDAYS":0.511184933015,"PREMIUM_EXPENSE":null,"LOAN_DEPOSIT":null,"LOAN_EQUITY":null,"LOAN_ASSETS":null,"DEPOSIT_EQUITY":null,"DEPOSIT_ASSETS":null,"EQUITY_MULTIPLIER":1.046595486363,"EQUITY_RATIO":0.046595486364},{"SECUCODE":"06108.HK","SECURITY_CODE":"06108","SECURITY_NAME_ABBR":"新锐医药","ORG_CODE":"10342911","STD_REPORT_DATE":"2021-06-30 00:00:00","REPORT_DATE":"2021-06-30 00:00:00","DATE_TYPE_CODE":"002","REPORT_TYPE":"2021年中报","PER_NETCASH_OPERATE":-0.024182303365,"PER_OI":0.106752416876,"BPS":0.313429288581,"BASIC_EPS":0.000582456,"DILUTED_EPS":0.000582456,"OPERATE_INCOME":178473671.28,"OPERATE_INCOME_YOY":208.7534187419,"GROSS_PROFIT":16727304.24,"GROSS_PROFIT_YOY":273.494350569198,"HOLDER_PROFIT":942746.64,"HOLDER_PROFIT_YOY":103.1097326673,"GROSS_PROFIT_RATIO":9.372421220471,"EPS_TTM":-0.014633745946,"OPERATE_INCOME_QOQ":102.58545242391,"NET_PROFIT_RATIO":0.5282272916,"ROE_AVG":0.183381107376,"GROSS_PROFIT_QOQ":133.138609443075,"ROA":0.172868231839,"HOLDER_PROFIT_QOQ":58.313091303276,"ROE_YEARLY":0.366762214752,"ROIC_YEARLY":0.385243442063,"TOTAL_ASSETS":549759416.4,"TOTAL_LIABILITIES":25753708.08,"TAX_EBT":null,"OCF_SALES":-22.652698714631,"TOTAL_PARENT_EQUITY":524005708.32,"DEBT_ASSET_RATIO":4.6845415125,"OPERATE_PROFIT":62406,"PRETAX_PROFIT":942746.64,"NETCASH_OPERATE":-40429103.04,"NETCASH_INVEST":44486325.12,"NETCASH_FINANCE":-693954.72,"END_CASH":57139765.68,"DIVI_RATIO":null,"DIVIDEND_RATE":null,"CURRENT_RATIO":19.836151428999,"COMMON_ACS":3000000000,"CURRENTDEBT_DEBT":64.776582339828,"ISSUED_COMMON_SHARES":1671846657,"HK_COMMON_SHARES":1671846657,"PER_SHARES":8000,"TOTAL_MARKET_CAP":73561252.908,"HKSK_MARKET_CAP":73561252.908,"PE_TTM":-5.701980692039,"PB_TTM":0.156957125378,"REPORT_DATE_SQ":"2020-06-30 00:00:00","REPORT_TYPE_SQ":"2020年中报","OPERATE_INCOME_SQ":63456676.8,"DPS_HKD":null,"OPERATE_INCOME_QOQ_SQ":13.763171166503,"NET_PROFIT_RATIO_SQ":-52.4456599971,"HOLDER_PROFIT_SQ":-33280272.96,"HOLDER_PROFIT_QOQ_SQ":-66.867561787941,"ROE_AVG_SQ":-5.839240581392,"PE_TTM_SQ":-1.219348733046,"PB_TTM_SQ":0.172466537968,"ROA_SQ":-5.636465459361,"START_DATE":"2021-01-01 00:00:00","FISCAL_YEAR":"12-31","CURRENCY":"HKD","IS_CNY_CODE":0,"DPS_HKD_LY":null,"ORG_TYPE":"一般企业","PREMIUM_INCOME":null,"PREMIUM_INCOME_YOY":null,"NET_INTEREST_INCOME":null,"NET_INTEREST_INCOME_YOY":null,"FEE_COMMISSION_INCOME":null,"FEE_COMMISSION_INCOME_YOY":null,"ACCOUNTS_RECE_TDAYS":0.926166932942,"INVENTORY_TDAYS":2.741798076109,"CURRENT_ASSETS_TDAYS":0.574234656315,"TOTAL_ASSETS_TDAYS":0.32726107604,"PREMIUM_EXPENSE":null,"LOAN_DEPOSIT":null,"LOAN_EQUITY":null,"LOAN_ASSETS":null,"DEPOSIT_EQUITY":null,"DEPOSIT_ASSETS":null,"EQUITY_MULTIPLIER":1.04914776246,"EQUITY_RATIO":0.04914776246},{"SECUCODE":"06108.HK","SECURITY_CODE":"06108","SECURITY_NAME_ABBR":"新锐医药","ORG_CODE":"10342911","STD_REPORT_DATE":"2020-12-31 00:00:00","REPORT_DATE":"2020-12-31 00:00:00","DATE_TYPE_CODE":"001","REPORT_TYPE":"2020年年报","PER_NETCASH_OPERATE":-0.015895970201,"PER_OI":0.067062508688,"BPS":0.305033881681,"BASIC_EPS":-0.035096388,"DILUTED_EPS":-0.035096388,"OPERATE_INCOME":112118230.96,"OPERATE_INCOME_YOY":12.2917931081,"GROSS_PROFIT":9199966.84,"GROSS_PROFIT_YOY":-30.955684909879,"HOLDER_PROFIT":-58688398.84,"HOLDER_PROFIT_YOY":-58.0879185654,"GROSS_PROFIT_RATIO":8.205594006636,"EPS_TTM":-0.035103936473,"OPERATE_INCOME_QOQ":-7.259094233208,"NET_PROFIT_RATIO":-52.3450988635,"ROE_AVG":-11.064838579919,"GROSS_PROFIT_QOQ":-21.98530139439,"ROA":-10.49354151571,"HOLDER_PROFIT_QOQ":10.98734251737,"ROE_YEARLY":-11.064838579919,"ROIC_YEARLY":-11.873107872951,"TOTAL_ASSETS":547166996.8,"TOTAL_LIABILITIES":37197121.44,"TAX_EBT":0.243201098697,"OCF_SALES":-23.703214376867,"TOTAL_PARENT_EQUITY":509969875.36,"DEBT_ASSET_RATIO":6.7981295761,"OPERATE_PROFIT":-69194590.96,"PRETAX_PROFIT":-58831477.64,"NETCASH_OPERATE":-26575624.64,"NETCASH_INVEST":6313983.28,"NETCASH_FINANCE":-859314.44,"END_CASH":55342038.2,"DIVI_RATIO":null,"DIVIDEND_RATE":null,"CURRENT_RATIO":10.569220064138,"COMMON_ACS":3000000000,"CURRENTDEBT_DEBT":74.789573717079,"ISSUED_COMMON_SHARES":1671846657,"HK_COMMON_SHARES":1671846657,"PER_SHARES":8000,"TOTAL_MARKET_CAP":73561252.908,"HKSK_MARKET_CAP":73561252.908,"PE_TTM":-5.701980692039,"PB_TTM":0.156957125378,"REPORT_DATE_SQ":"2019-12-31 00:00:00","REPORT_TYPE_SQ":"2019年年报","OPERATE_INCOME_SQ":106268172.96,"DPS_HKD":null,"OPERATE_INCOME_QOQ_SQ":-54.165971548414,"NET_PROFIT_RATIO_SQ":-37.1813675905,"HOLDER_PROFIT_SQ":-39511960.02,"HOLDER_PROFIT_QOQ_SQ":-484.220915728895,"ROE_AVG_SQ":-6.393224854279,"PE_TTM_SQ":-1.219348733046,"PB_TTM_SQ":0.172466537968,"ROA_SQ":-6.096702163611,"START_DATE":"2020-01-01 00:00:00","FISCAL_YEAR":"12-31","CURRENCY":"HKD","IS_CNY_CODE":0,"DPS_HKD_LY":null,"ORG_TYPE":"一般企业","PREMIUM_INCOME":null,"PREMIUM_INCOME_YOY":null,"NET_INTEREST_INCOME":null,"NET_INTEREST_INCOME_YOY":null,"FEE_COMMISSION_INCOME":null,"FEE_COMMISSION_INCOME_YOY":null,"ACCOUNTS_RECE_TDAYS":0.624669996014,"INVENTORY_TDAYS":3.971452233643,"CURRENT_ASSETS_TDAYS":0.409959870008,"TOTAL_ASSETS_TDAYS":0.200468463018,"PREMIUM_EXPENSE":null,"LOAN_DEPOSIT":null,"LOAN_EQUITY":null,"LOAN_ASSETS":null,"DEPOSIT_EQUITY":null,"DEPOSIT_ASSETS":null,"EQUITY_MULTIPLIER":1.07293984064,"EQUITY_RATIO":0.07293984064},{"SECUCODE":"06108.HK","SECURITY_CODE":"06108","SECURITY_NAME_ABBR":"新锐医药","ORG_CODE":"10342911","STD_REPORT_DATE":"2020-06-30 00:00:00","REPORT_DATE":"2020-06-30 00:00:00","DATE_TYPE_CODE":"002","REPORT_TYPE":"2020年中报","PER_NETCASH_OPERATE":0.007371568695,"PER_OI":0.037956038931,"BPS":0.3242239048,"BASIC_EPS":-0.019912992,"DILUTED_EPS":-0.019912992,"OPERATE_INCOME":63456676.8,"OPERATE_INCOME_YOY":25.1463673866,"GROSS_PROFIT":4478596.32,"GROSS_PROFIT_YOY":-25.48981288052,"HOLDER_PROFIT":-33280272.96,"HOLDER_PROFIT_YOY":-367.2223647089,"GROSS_PROFIT_RATIO":7.057722758025,"EPS_TTM":-0.039437016561,"OPERATE_INCOME_QOQ":13.763171166503,"NET_PROFIT_RATIO":-52.4456599971,"ROE_AVG":-5.839240581392,"GROSS_PROFIT_QOQ":-11.498324900078,"ROA":-5.636465459361,"HOLDER_PROFIT_QOQ":-66.867561787941,"ROE_YEARLY":-11.678481162784,"ROIC_YEARLY":-13.215160764386,"TOTAL_ASSETS":560750768.16,"TOTAL_LIABILITIES":18698116.8,"TAX_EBT":0.543226053012,"OCF_SALES":19.421332949475,"TOTAL_PARENT_EQUITY":542052651.36,"DEBT_ASSET_RATIO":3.3344790345,"OPERATE_PROFIT":-33861220.8,"PRETAX_PROFIT":-33462047.52,"NETCASH_OPERATE":12324132.48,"NETCASH_INVEST":635754.24,"NETCASH_FINANCE":-685080,"END_CASH":92562528.96,"DIVI_RATIO":null,"DIVIDEND_RATE":null,"CURRENT_RATIO":28.159061536932,"COMMON_ACS":3000000000,"CURRENTDEBT_DEBT":49.14020517831,"ISSUED_COMMON_SHARES":1671846657,"HK_COMMON_SHARES":1671846657,"PER_SHARES":8000,"TOTAL_MARKET_CAP":73561252.908,"HKSK_MARKET_CAP":73561252.908,"PE_TTM":-5.701980692039,"PB_TTM":0.156957125378,"REPORT_DATE_SQ":"2019-06-30 00:00:00","REPORT_TYPE_SQ":"2019年中报","OPERATE_INCOME_SQ":48830806.26,"DPS_HKD":null,"OPERATE_INCOME_QOQ_SQ":-28.951575638132,"NET_PROFIT_RATIO_SQ":-14.0476662283,"HOLDER_PROFIT_SQ":-6859588.68,"HOLDER_PROFIT_QOQ_SQ":-64.65288955019,"ROE_AVG_SQ":-1.089628131912,"PE_TTM_SQ":-1.219348733046,"PB_TTM_SQ":0.172466537968,"ROA_SQ":-1.038765204163,"START_DATE":"2020-01-01 00:00:00","FISCAL_YEAR":"12-31","CURRENCY":"HKD","IS_CNY_CODE":0,"DPS_HKD_LY":null,"ORG_TYPE":"一般企业","PREMIUM_INCOME":null,"PREMIUM_INCOME_YOY":null,"NET_INTEREST_INCOME":null,"NET_INTEREST_INCOME_YOY":null,"FEE_COMMISSION_INCOME":null,"FEE_COMMISSION_INCOME_YOY":null,"ACCOUNTS_RECE_TDAYS":0.368788603493,"INVENTORY_TDAYS":12.963959441823,"CURRENT_ASSETS_TDAYS":0.237998578244,"TOTAL_ASSETS_TDAYS":0.107472485992,"PREMIUM_EXPENSE":null,"LOAN_DEPOSIT":null,"LOAN_EQUITY":null,"LOAN_ASSETS":null,"DEPOSIT_EQUITY":null,"DEPOSIT_ASSETS":null,"EQUITY_MULTIPLIER":1.034495019539,"EQUITY_RATIO":0.034495019539}],"count":32},"success":true,"message":"ok","code":0}