{"version":"fe131a26bd0e136a079b4d8f6fa7a41d","result":{"pages":3,"data":[{"SECUCODE":"06119.HK","SECURITY_CODE":"06119","SECURITY_NAME_ABBR":"天源集团","ORG_CODE":"10489242","STD_REPORT_DATE":"2024-06-30 00:00:00","REPORT_DATE":"2024-06-30 00:00:00","DATE_TYPE_CODE":"002","REPORT_TYPE":"2024年中报","PER_NETCASH_OPERATE":0.000981666667,"PER_OI":0.359021666667,"BPS":0.509443333333,"BASIC_EPS":0.021,"DILUTED_EPS":0.021,"OPERATE_INCOME":215413000,"OPERATE_INCOME_YOY":0.1632087491,"GROSS_PROFIT":24986000,"GROSS_PROFIT_YOY":1.954543599788,"HOLDER_PROFIT":12363000,"HOLDER_PROFIT_YOY":48.3441324694,"GROSS_PROFIT_RATIO":11.599114259585,"EPS_TTM":0.038568333333,"OPERATE_INCOME_QOQ":0.11588327154,"NET_PROFIT_RATIO":7.2112639441,"ROE_AVG":4.128093440562,"GROSS_PROFIT_QOQ":0.972885142683,"ROA":3.17714041943,"HOLDER_PROFIT_QOQ":21.080996232733,"ROE_YEARLY":8.256186881124,"ROIC_YEARLY":8.04653622422,"TOTAL_ASSETS":392838000,"TOTAL_LIABILITIES":31334000,"TAX_EBT":27.373883772032,"OCF_SALES":0.273428251777,"TOTAL_PARENT_EQUITY":305666000,"DEBT_ASSET_RATIO":7.9763159368,"OPERATE_PROFIT":21414000,"PRETAX_PROFIT":21389000,"NETCASH_OPERATE":589000,"NETCASH_INVEST":1157000,"NETCASH_FINANCE":-178000,"END_CASH":27833000,"DIVI_RATIO":null,"DIVIDEND_RATE":null,"CURRENT_RATIO":6.67373716772,"COMMON_ACS":4000000000,"CURRENTDEBT_DEBT":93.88523648433,"ISSUED_COMMON_SHARES":600000000,"HK_COMMON_SHARES":600000000,"PER_SHARES":3000,"TOTAL_MARKET_CAP":171000000,"HKSK_MARKET_CAP":171000000,"PE_TTM":6.680631906591,"PB_TTM":0.510584363325,"REPORT_DATE_SQ":"2023-06-30 00:00:00","REPORT_TYPE_SQ":"2023年中报","OPERATE_INCOME_SQ":215062000,"DPS_HKD":null,"OPERATE_INCOME_QOQ_SQ":26.051506601112,"NET_PROFIT_RATIO_SQ":5.4537761204,"HOLDER_PROFIT_SQ":8334000,"HOLDER_PROFIT_QOQ_SQ":-12.905440192209,"ROE_AVG_SQ":2.869478990208,"PE_TTM_SQ":12.202863712876,"PB_TTM_SQ":0.645966391015,"ROA_SQ":1.79718583212,"START_DATE":"2024-01-01 00:00:00","FISCAL_YEAR":"12-31","CURRENCY":"HKD","IS_CNY_CODE":0,"DPS_HKD_LY":null,"ORG_TYPE":"一般企业","PREMIUM_INCOME":null,"PREMIUM_INCOME_YOY":null,"NET_INTEREST_INCOME":null,"NET_INTEREST_INCOME_YOY":null,"FEE_COMMISSION_INCOME":null,"FEE_COMMISSION_INCOME_YOY":null,"ACCOUNTS_RECE_TDAYS":7.426369951563,"INVENTORY_TDAYS":1.434003042306,"CURRENT_ASSETS_TDAYS":1.133770533219,"TOTAL_ASSETS_TDAYS":0.553585172831,"PREMIUM_EXPENSE":null,"LOAN_DEPOSIT":null,"LOAN_EQUITY":null,"LOAN_ASSETS":null,"DEPOSIT_EQUITY":null,"DEPOSIT_ASSETS":null,"EQUITY_MULTIPLIER":1.086676772594,"EQUITY_RATIO":0.102510583447},{"SECUCODE":"06119.HK","SECURITY_CODE":"06119","SECURITY_NAME_ABBR":"天源集团","ORG_CODE":"10489242","STD_REPORT_DATE":"2023-12-31 00:00:00","REPORT_DATE":"2023-12-31 00:00:00","DATE_TYPE_CODE":"001","REPORT_TYPE":"2023年年报","PER_NETCASH_OPERATE":0.062348333333,"PER_OI":0.504818333333,"BPS":0.488838333333,"BASIC_EPS":0.0319,"DILUTED_EPS":0.0319,"OPERATE_INCOME":302891000,"OPERATE_INCOME_YOY":-4.7215957169,"GROSS_PROFIT":49235000,"GROSS_PROFIT_YOY":-9.019513637372,"HOLDER_PROFIT":19112000,"HOLDER_PROFIT_YOY":9.3301298553,"GROSS_PROFIT_RATIO":16.255022433813,"EPS_TTM":0.031853333333,"OPERATE_INCOME_QOQ":-24.413117421435,"NET_PROFIT_RATIO":8.5354137297,"ROE_AVG":6.461428194708,"GROSS_PROFIT_QOQ":5.545789744469,"ROA":4.463798783386,"HOLDER_PROFIT_QOQ":25.530377668309,"ROE_YEARLY":6.461428194708,"ROIC_YEARLY":5.406590484435,"TOTAL_ASSETS":385409000,"TOTAL_LIABILITIES":39439000,"TAX_EBT":33.087455030152,"OCF_SALES":12.350647592698,"TOTAL_PARENT_EQUITY":293303000,"DEBT_ASSET_RATIO":10.2330251759,"OPERATE_PROFIT":37312000,"PRETAX_PROFIT":38637000,"NETCASH_OPERATE":37409000,"NETCASH_INVEST":2349000,"NETCASH_FINANCE":-30421000,"END_CASH":26265000,"DIVI_RATIO":null,"DIVIDEND_RATE":null,"CURRENT_RATIO":4.843512658228,"COMMON_ACS":4000000000,"CURRENTDEBT_DEBT":96.148482466594,"ISSUED_COMMON_SHARES":600000000,"HK_COMMON_SHARES":600000000,"PER_SHARES":3000,"TOTAL_MARKET_CAP":234000000,"HKSK_MARKET_CAP":234000000,"PE_TTM":9.141917345861,"PB_TTM":0.698694391918,"REPORT_DATE_SQ":"2022-12-31 00:00:00","REPORT_TYPE_SQ":"2022年年报","OPERATE_INCOME_SQ":317901000,"DPS_HKD":null,"OPERATE_INCOME_QOQ_SQ":39.074038427886,"NET_PROFIT_RATIO_SQ":7.5696521873,"HOLDER_PROFIT_SQ":17481000,"HOLDER_PROFIT_QOQ_SQ":27.069855346369,"ROE_AVG_SQ":5.826446487584,"PE_TTM_SQ":12.202863712876,"PB_TTM_SQ":0.645966391015,"ROA_SQ":4.091912965215,"START_DATE":"2023-01-01 00:00:00","FISCAL_YEAR":"12-31","CURRENCY":"HKD","IS_CNY_CODE":0,"DPS_HKD_LY":0.0457,"ORG_TYPE":"一般企业","PREMIUM_INCOME":null,"PREMIUM_INCOME_YOY":null,"NET_INTEREST_INCOME":null,"NET_INTEREST_INCOME_YOY":null,"FEE_COMMISSION_INCOME":null,"FEE_COMMISSION_INCOME_YOY":null,"ACCOUNTS_RECE_TDAYS":10.229866423493,"INVENTORY_TDAYS":1.755641764806,"CURRENT_ASSETS_TDAYS":1.367546334966,"TOTAL_ASSETS_TDAYS":0.707432229646,"PREMIUM_EXPENSE":null,"LOAN_DEPOSIT":null,"LOAN_EQUITY":null,"LOAN_ASSETS":null,"DEPOSIT_EQUITY":null,"DEPOSIT_ASSETS":null,"EQUITY_MULTIPLIER":1.113995433131,"EQUITY_RATIO":0.134465041271},{"SECUCODE":"06119.HK","SECURITY_CODE":"06119","SECURITY_NAME_ABBR":"天源集团","ORG_CODE":"10489242","STD_REPORT_DATE":"2023-06-30 00:00:00","REPORT_DATE":"2023-06-30 00:00:00","DATE_TYPE_CODE":"002","REPORT_TYPE":"2023年中报","PER_NETCASH_OPERATE":0.045195,"PER_OI":0.358436666667,"BPS":0.471005,"BASIC_EPS":0.014,"DILUTED_EPS":0.014,"OPERATE_INCOME":215062000,"OPERATE_INCOME_YOY":62.6251474547,"GROSS_PROFIT":24507000,"GROSS_PROFIT_YOY":-23.355746677092,"HOLDER_PROFIT":8334000,"HOLDER_PROFIT_YOY":-21.3031161473,"GROSS_PROFIT_RATIO":11.395318559299,"EPS_TTM":0.025375,"OPERATE_INCOME_QOQ":26.051506601112,"NET_PROFIT_RATIO":5.4537761204,"ROE_AVG":2.869478990208,"GROSS_PROFIT_QOQ":-13.799985216941,"ROA":1.79718583212,"HOLDER_PROFIT_QOQ":-12.905440192209,"ROE_YEARLY":5.738957980416,"ROIC_YEARLY":4.264507974845,"TOTAL_ASSETS":456548000,"TOTAL_LIABILITIES":118624000,"TAX_EBT":32.502733498302,"OCF_SALES":12.608922078284,"TOTAL_PARENT_EQUITY":282603000,"DEBT_ASSET_RATIO":25.9828101317,"OPERATE_PROFIT":17031000,"PRETAX_PROFIT":17377000,"NETCASH_OPERATE":27117000,"NETCASH_INVEST":-4126000,"NETCASH_FINANCE":-24193000,"END_CASH":17262000,"DIVI_RATIO":null,"DIVIDEND_RATE":null,"CURRENT_RATIO":2.099091785479,"COMMON_ACS":4000000000,"CURRENTDEBT_DEBT":99.688090099811,"ISSUED_COMMON_SHARES":600000000,"HK_COMMON_SHARES":600000000,"PER_SHARES":3000,"TOTAL_MARKET_CAP":234000000,"HKSK_MARKET_CAP":234000000,"PE_TTM":9.141917345861,"PB_TTM":0.698694391918,"REPORT_DATE_SQ":"2022-06-30 00:00:00","REPORT_TYPE_SQ":"2022年中报","OPERATE_INCOME_SQ":132244000,"DPS_HKD":null,"OPERATE_INCOME_QOQ_SQ":-22.539893391709,"NET_PROFIT_RATIO_SQ":11.7079035722,"HOLDER_PROFIT_SQ":10590000,"HOLDER_PROFIT_QOQ_SQ":8.169523509986,"ROE_AVG_SQ":3.570669930508,"PE_TTM_SQ":12.202863712876,"PB_TTM_SQ":0.645966391015,"ROA_SQ":2.800124273693,"START_DATE":"2023-01-01 00:00:00","FISCAL_YEAR":"12-31","CURRENCY":"HKD","IS_CNY_CODE":0,"DPS_HKD_LY":0.0457,"ORG_TYPE":"一般企业","PREMIUM_INCOME":null,"PREMIUM_INCOME_YOY":null,"NET_INTEREST_INCOME":null,"NET_INTEREST_INCOME_YOY":null,"FEE_COMMISSION_INCOME":null,"FEE_COMMISSION_INCOME_YOY":null,"ACCOUNTS_RECE_TDAYS":7.202464877175,"INVENTORY_TDAYS":1.218581034632,"CURRENT_ASSETS_TDAYS":0.847484877741,"TOTAL_ASSETS_TDAYS":0.463770553669,"PREMIUM_EXPENSE":null,"LOAN_DEPOSIT":null,"LOAN_EQUITY":null,"LOAN_ASSETS":null,"DEPOSIT_EQUITY":null,"DEPOSIT_ASSETS":null,"EQUITY_MULTIPLIER":1.351037511393,"EQUITY_RATIO":0.419754921215},{"SECUCODE":"06119.HK","SECURITY_CODE":"06119","SECURITY_NAME_ABBR":"天源集团","ORG_CODE":"10489242","STD_REPORT_DATE":"2022-12-31 00:00:00","REPORT_DATE":"2022-12-31 00:00:00","DATE_TYPE_CODE":"001","REPORT_TYPE":"2022年年报","PER_NETCASH_OPERATE":-0.146911666667,"PER_OI":0.529835,"BPS":0.497115,"BASIC_EPS":0.0291,"DILUTED_EPS":0.0291,"OPERATE_INCOME":317901000,"OPERATE_INCOME_YOY":7.7268984307,"GROSS_PROFIT":54116000,"GROSS_PROFIT_YOY":-2.773984908372,"HOLDER_PROFIT":17481000,"HOLDER_PROFIT_YOY":37.450857053,"GROSS_PROFIT_RATIO":17.022909647972,"EPS_TTM":0.029135,"OPERATE_INCOME_QOQ":39.074038427886,"NET_PROFIT_RATIO":7.5696521873,"ROE_AVG":5.826446487584,"GROSS_PROFIT_QOQ":-7.735324706324,"ROA":4.091912965215,"HOLDER_PROFIT_QOQ":27.069855346369,"ROE_YEARLY":5.826446487584,"ROIC_YEARLY":5.971459559169,"TOTAL_ASSETS":470902000,"TOTAL_LIABILITIES":120707000,"TAX_EBT":31.899479284582,"OCF_SALES":-27.727814634116,"TOTAL_PARENT_EQUITY":298269000,"DEBT_ASSET_RATIO":25.6331465995,"OPERATE_PROFIT":36856000,"PRETAX_PROFIT":35336000,"NETCASH_OPERATE":-88147000,"NETCASH_INVEST":-5866000,"NETCASH_FINANCE":-33521000,"END_CASH":18464000,"DIVI_RATIO":null,"DIVIDEND_RATE":null,"CURRENT_RATIO":2.177506445085,"COMMON_ACS":4000000000,"CURRENTDEBT_DEBT":98.654593354155,"ISSUED_COMMON_SHARES":600000000,"HK_COMMON_SHARES":600000000,"PER_SHARES":3000,"TOTAL_MARKET_CAP":174000000,"HKSK_MARKET_CAP":174000000,"PE_TTM":6.797835975128,"PB_TTM":0.519541983734,"REPORT_DATE_SQ":"2021-12-31 00:00:00","REPORT_TYPE_SQ":"2021年年报","OPERATE_INCOME_SQ":295099000,"DPS_HKD":null,"OPERATE_INCOME_QOQ_SQ":8.844423133668,"NET_PROFIT_RATIO_SQ":6.8400773978,"HOLDER_PROFIT_SQ":12718000,"HOLDER_PROFIT_QOQ_SQ":-33.07724689539,"ROE_AVG_SQ":4.161254331232,"PE_TTM_SQ":11.278404340688,"PB_TTM_SQ":0.597029543211,"ROA_SQ":3.057873097545,"START_DATE":"2022-01-01 00:00:00","FISCAL_YEAR":"12-31","CURRENCY":"HKD","IS_CNY_CODE":0,"DPS_HKD_LY":0.04302,"ORG_TYPE":"一般企业","PREMIUM_INCOME":null,"PREMIUM_INCOME_YOY":null,"NET_INTEREST_INCOME":null,"NET_INTEREST_INCOME_YOY":null,"FEE_COMMISSION_INCOME":null,"FEE_COMMISSION_INCOME_YOY":null,"ACCOUNTS_RECE_TDAYS":14.203422392994,"INVENTORY_TDAYS":1.640413173802,"CURRENT_ASSETS_TDAYS":1.501597715727,"TOTAL_ASSETS_TDAYS":0.744135474833,"PREMIUM_EXPENSE":null,"LOAN_DEPOSIT":null,"LOAN_EQUITY":null,"LOAN_ASSETS":null,"DEPOSIT_EQUITY":null,"DEPOSIT_ASSETS":null,"EQUITY_MULTIPLIER":1.344685104013,"EQUITY_RATIO":0.404691737995},{"SECUCODE":"06119.HK","SECURITY_CODE":"06119","SECURITY_NAME_ABBR":"天源集团","ORG_CODE":"10489242","STD_REPORT_DATE":"2022-06-30 00:00:00","REPORT_DATE":"2022-06-30 00:00:00","DATE_TYPE_CODE":"002","REPORT_TYPE":"2022年中报","PER_NETCASH_OPERATE":-0.037711666667,"PER_OI":0.220406666667,"BPS":0.48563,"BASIC_EPS":0.018,"DILUTED_EPS":0.018,"OPERATE_INCOME":132244000,"OPERATE_INCOME_YOY":-33.4651512636,"GROSS_PROFIT":31975000,"GROSS_PROFIT_YOY":10.327099579049,"HOLDER_PROFIT":10590000,"HOLDER_PROFIT_YOY":10.878442048,"GROSS_PROFIT_RATIO":24.178790720184,"EPS_TTM":0.022928333333,"OPERATE_INCOME_QOQ":-22.539893391709,"NET_PROFIT_RATIO":11.7079035722,"ROE_AVG":3.570669930508,"GROSS_PROFIT_QOQ":5.377290693496,"ROA":2.800124273693,"HOLDER_PROFIT_QOQ":8.169523509986,"ROE_YEARLY":7.141339861017,"ROIC_YEARLY":10.528199469116,"TOTAL_ASSETS":372880000,"TOTAL_LIABILITIES":24866000,"TAX_EBT":32.571204598903,"OCF_SALES":-17.110039018784,"TOTAL_PARENT_EQUITY":291378000,"DEBT_ASSET_RATIO":6.6686333405,"OPERATE_PROFIT":23926000,"PRETAX_PROFIT":22962000,"NETCASH_OPERATE":-22627000,"NETCASH_INVEST":-6293000,"NETCASH_FINANCE":-21210000,"END_CASH":95868000,"DIVI_RATIO":null,"DIVIDEND_RATE":null,"CURRENT_RATIO":6.468782239095,"COMMON_ACS":4000000000,"CURRENTDEBT_DEBT":97.454355344647,"ISSUED_COMMON_SHARES":600000000,"HK_COMMON_SHARES":600000000,"PER_SHARES":3000,"TOTAL_MARKET_CAP":234000000,"HKSK_MARKET_CAP":234000000,"PE_TTM":9.141917345861,"PB_TTM":0.698694391918,"REPORT_DATE_SQ":"2021-06-30 00:00:00","REPORT_TYPE_SQ":"2021年中报","OPERATE_INCOME_SQ":198759000,"DPS_HKD":null,"OPERATE_INCOME_QOQ_SQ":56.2444171666,"NET_PROFIT_RATIO_SQ":6.8047233081,"HOLDER_PROFIT_SQ":9551000,"HOLDER_PROFIT_QOQ_SQ":-8.669742406767,"ROE_AVG_SQ":3.141306153191,"PE_TTM_SQ":12.202863712876,"PB_TTM_SQ":0.645966391015,"ROA_SQ":2.109606317996,"START_DATE":"2022-01-01 00:00:00","FISCAL_YEAR":"12-31","CURRENCY":"HKD","IS_CNY_CODE":0,"DPS_HKD_LY":0.04302,"ORG_TYPE":"一般企业","PREMIUM_INCOME":null,"PREMIUM_INCOME_YOY":null,"NET_INTEREST_INCOME":null,"NET_INTEREST_INCOME_YOY":null,"FEE_COMMISSION_INCOME":null,"FEE_COMMISSION_INCOME_YOY":null,"ACCOUNTS_RECE_TDAYS":7.868856360824,"INVENTORY_TDAYS":2.757900816899,"CURRENT_ASSETS_TDAYS":0.82428140904,"TOTAL_ASSETS_TDAYS":0.349669154344,"PREMIUM_EXPENSE":null,"LOAN_DEPOSIT":null,"LOAN_EQUITY":null,"LOAN_ASSETS":null,"DEPOSIT_EQUITY":null,"DEPOSIT_ASSETS":null,"EQUITY_MULTIPLIER":1.071451148517,"EQUITY_RATIO":0.085339318686},{"SECUCODE":"06119.HK","SECURITY_CODE":"06119","SECURITY_NAME_ABBR":"天源集团","ORG_CODE":"10489242","STD_REPORT_DATE":"2021-12-31 00:00:00","REPORT_DATE":"2021-12-31 00:00:00","DATE_TYPE_CODE":"001","REPORT_TYPE":"2021年年报","PER_NETCASH_OPERATE":0.312918333333,"PER_OI":0.491831666667,"BPS":0.50298,"BASIC_EPS":0.0212,"DILUTED_EPS":0.0212,"OPERATE_INCOME":295099000,"OPERATE_INCOME_YOY":70.0633345435,"GROSS_PROFIT":55660000,"GROSS_PROFIT_YOY":-9.168053787656,"HOLDER_PROFIT":12718000,"HOLDER_PROFIT_YOY":-38.8792772011,"GROSS_PROFIT_RATIO":18.861466829776,"EPS_TTM":0.021196666667,"OPERATE_INCOME_QOQ":8.844423133668,"NET_PROFIT_RATIO":6.8400773978,"ROE_AVG":4.161254331232,"GROSS_PROFIT_QOQ":-7.993916953187,"ROA":3.057873097545,"HOLDER_PROFIT_QOQ":-33.07724689539,"ROE_YEARLY":4.161254331232,"ROIC_YEARLY":4.704028642867,"TOTAL_ASSETS":383515000,"TOTAL_LIABILITIES":29984000,"TAX_EBT":40.002377909223,"OCF_SALES":63.623055313641,"TOTAL_PARENT_EQUITY":301788000,"DEBT_ASSET_RATIO":7.8182078928,"OPERATE_PROFIT":39438000,"PRETAX_PROFIT":33643000,"NETCASH_OPERATE":187751000,"NETCASH_INVEST":-12533000,"NETCASH_FINANCE":-68021000,"END_CASH":145998000,"DIVI_RATIO":null,"DIVIDEND_RATE":null,"CURRENT_RATIO":5.628403868578,"COMMON_ACS":4000000000,"CURRENTDEBT_DEBT":89.541088580576,"ISSUED_COMMON_SHARES":600000000,"HK_COMMON_SHARES":600000000,"PER_SHARES":3000,"TOTAL_MARKET_CAP":174000000,"HKSK_MARKET_CAP":174000000,"PE_TTM":6.797835975128,"PB_TTM":0.519541983734,"REPORT_DATE_SQ":"2020-12-31 00:00:00","REPORT_TYPE_SQ":"2020年年报","OPERATE_INCOME_SQ":173523000,"DPS_HKD":null,"OPERATE_INCOME_QOQ_SQ":-6.89027923848,"NET_PROFIT_RATIO_SQ":17.2086697441,"HOLDER_PROFIT_SQ":20808000,"HOLDER_PROFIT_QOQ_SQ":5.218446601942,"ROE_AVG_SQ":6.741267259757,"PE_TTM_SQ":11.278404340688,"PB_TTM_SQ":0.597029543211,"ROA_SQ":4.80134570589,"START_DATE":"2021-01-01 00:00:00","FISCAL_YEAR":"12-31","CURRENCY":"HKD","IS_CNY_CODE":0,"DPS_HKD_LY":0.040408,"ORG_TYPE":"一般企业","PREMIUM_INCOME":null,"PREMIUM_INCOME_YOY":null,"NET_INTEREST_INCOME":null,"NET_INTEREST_INCOME_YOY":null,"FEE_COMMISSION_INCOME":null,"FEE_COMMISSION_INCOME_YOY":null,"ACCOUNTS_RECE_TDAYS":12.402504885788,"INVENTORY_TDAYS":null,"CURRENT_ASSETS_TDAYS":1.513359248395,"TOTAL_ASSETS_TDAYS":0.709526099397,"PREMIUM_EXPENSE":null,"LOAN_DEPOSIT":null,"LOAN_EQUITY":null,"LOAN_ASSETS":null,"DEPOSIT_EQUITY":null,"DEPOSIT_ASSETS":null,"EQUITY_MULTIPLIER":1.084812930125,"EQUITY_RATIO":0.099354513765},{"SECUCODE":"06119.HK","SECURITY_CODE":"06119","SECURITY_NAME_ABBR":"天源集团","ORG_CODE":"10489242","STD_REPORT_DATE":"2021-06-30 00:00:00","REPORT_DATE":"2021-06-30 00:00:00","DATE_TYPE_CODE":"002","REPORT_TYPE":"2021年中报","PER_NETCASH_OPERATE":0.024913333333,"PER_OI":0.331265,"BPS":0.497701666667,"BASIC_EPS":0.016,"DILUTED_EPS":0.016,"OPERATE_INCOME":198759000,"OPERATE_INCOME_YOY":96.4759494672,"GROSS_PROFIT":28982000,"GROSS_PROFIT_YOY":-2.627335035613,"HOLDER_PROFIT":9551000,"HOLDER_PROFIT_YOY":-15.8872743285,"GROSS_PROFIT_RATIO":14.581478071433,"EPS_TTM":0.031673333333,"OPERATE_INCOME_QOQ":56.2444171666,"NET_PROFIT_RATIO":6.8047233081,"ROE_AVG":3.141306153191,"GROSS_PROFIT_QOQ":-1.276151310421,"ROA":2.109606317996,"HOLDER_PROFIT_QOQ":-8.669742406767,"ROE_YEARLY":6.282612306382,"ROIC_YEARLY":5.250737706383,"TOTAL_ASSETS":457172000,"TOTAL_LIABILITIES":103101000,"TAX_EBT":30.484169407895,"OCF_SALES":7.52066573086,"TOTAL_PARENT_EQUITY":298621000,"DEBT_ASSET_RATIO":22.551906066,"OPERATE_PROFIT":22208000,"PRETAX_PROFIT":19456000,"NETCASH_OPERATE":14948000,"NETCASH_INVEST":-8166000,"NETCASH_FINANCE":-20611000,"END_CASH":24972000,"DIVI_RATIO":null,"DIVIDEND_RATE":null,"CURRENT_RATIO":2.313701287251,"COMMON_ACS":4000000000,"CURRENTDEBT_DEBT":99.007769080804,"ISSUED_COMMON_SHARES":600000000,"HK_COMMON_SHARES":600000000,"PER_SHARES":3000,"TOTAL_MARKET_CAP":234000000,"HKSK_MARKET_CAP":234000000,"PE_TTM":9.141917345861,"PB_TTM":0.698694391918,"REPORT_DATE_SQ":"2020-06-30 00:00:00","REPORT_TYPE_SQ":"2020年中报","OPERATE_INCOME_SQ":101162000,"DPS_HKD":null,"OPERATE_INCOME_QOQ_SQ":49.421121837016,"NET_PROFIT_RATIO_SQ":15.7114331468,"HOLDER_PROFIT_SQ":11355000,"HOLDER_PROFIT_QOQ_SQ":31.980285488446,"ROE_AVG_SQ":5.229330179197,"PE_TTM_SQ":12.202863712876,"PB_TTM_SQ":0.645966391015,"ROA_SQ":3.823536133427,"START_DATE":"2021-01-01 00:00:00","FISCAL_YEAR":"12-31","CURRENCY":"HKD","IS_CNY_CODE":0,"DPS_HKD_LY":0.040408,"ORG_TYPE":"一般企业","PREMIUM_INCOME":null,"PREMIUM_INCOME_YOY":null,"NET_INTEREST_INCOME":null,"NET_INTEREST_INCOME_YOY":null,"FEE_COMMISSION_INCOME":null,"FEE_COMMISSION_INCOME_YOY":null,"ACCOUNTS_RECE_TDAYS":5.439267681951,"INVENTORY_TDAYS":1.082761479592,"CURRENT_ASSETS_TDAYS":0.860322427752,"TOTAL_ASSETS_TDAYS":0.439015016395,"PREMIUM_EXPENSE":null,"LOAN_DEPOSIT":null,"LOAN_EQUITY":null,"LOAN_ASSETS":null,"DEPOSIT_EQUITY":null,"DEPOSIT_ASSETS":null,"EQUITY_MULTIPLIER":1.291187360727,"EQUITY_RATIO":0.345257031488},{"SECUCODE":"06119.HK","SECURITY_CODE":"06119","SECURITY_NAME_ABBR":"天源集团","ORG_CODE":"10489242","STD_REPORT_DATE":"2020-12-31 00:00:00","REPORT_DATE":"2020-12-31 00:00:00","DATE_TYPE_CODE":"001","REPORT_TYPE":"2020年年报","PER_NETCASH_OPERATE":-0.102511666667,"PER_OI":0.289205,"BPS":0.515783333333,"BASIC_EPS":0.0347,"DILUTED_EPS":0.0347,"OPERATE_INCOME":173523000,"OPERATE_INCOME_YOY":39.1255893012,"GROSS_PROFIT":61278000,"GROSS_PROFIT_YOY":25.118425351192,"HOLDER_PROFIT":20808000,"HOLDER_PROFIT_YOY":43.9800719624,"GROSS_PROFIT_RATIO":35.314050586954,"EPS_TTM":0.03468,"OPERATE_INCOME_QOQ":-6.89027923848,"NET_PROFIT_RATIO":17.2086697441,"ROE_AVG":6.741267259757,"GROSS_PROFIT_QOQ":8.364575228125,"ROA":4.80134570589,"HOLDER_PROFIT_QOQ":-26.693676237449,"ROE_YEARLY":6.741267259757,"ROIC_YEARLY":6.947614094895,"TOTAL_ASSETS":448305000,"TOTAL_LIABILITIES":87359000,"TAX_EBT":29.893881767385,"OCF_SALES":-35.446021564865,"TOTAL_PARENT_EQUITY":309470000,"DEBT_ASSET_RATIO":19.4865102999,"OPERATE_PROFIT":45346000,"PRETAX_PROFIT":42594000,"NETCASH_OPERATE":-61507000,"NETCASH_INVEST":-21666000,"NETCASH_FINANCE":-1549000,"END_CASH":38801000,"DIVI_RATIO":null,"DIVIDEND_RATE":null,"CURRENT_RATIO":2.603612430264,"COMMON_ACS":4000000000,"CURRENTDEBT_DEBT":99.30974484598,"ISSUED_COMMON_SHARES":600000000,"HK_COMMON_SHARES":600000000,"PER_SHARES":3000,"TOTAL_MARKET_CAP":234000000,"HKSK_MARKET_CAP":234000000,"PE_TTM":9.141917345861,"PB_TTM":0.698694391918,"REPORT_DATE_SQ":"2019-12-31 00:00:00","REPORT_TYPE_SQ":"2019年年报","OPERATE_INCOME_SQ":124724000,"DPS_HKD":null,"OPERATE_INCOME_QOQ_SQ":56.378043581835,"NET_PROFIT_RATIO_SQ":17.2436740323,"HOLDER_PROFIT_SQ":14452000,"HOLDER_PROFIT_QOQ_SQ":68.841262364578,"ROE_AVG_SQ":7.062219245015,"PE_TTM_SQ":12.202863712876,"PB_TTM_SQ":0.645966391015,"ROA_SQ":5.275907620715,"START_DATE":"2020-01-01 00:00:00","FISCAL_YEAR":"12-31","CURRENCY":"HKD","IS_CNY_CODE":0,"DPS_HKD_LY":0.03504,"ORG_TYPE":"一般企业","PREMIUM_INCOME":null,"PREMIUM_INCOME_YOY":null,"NET_INTEREST_INCOME":null,"NET_INTEREST_INCOME_YOY":null,"FEE_COMMISSION_INCOME":null,"FEE_COMMISSION_INCOME_YOY":null,"ACCOUNTS_RECE_TDAYS":5.862164490465,"INVENTORY_TDAYS":1.112179026689,"CURRENT_ASSETS_TDAYS":0.804540997174,"TOTAL_ASSETS_TDAYS":0.400395958729,"PREMIUM_EXPENSE":null,"LOAN_DEPOSIT":null,"LOAN_EQUITY":null,"LOAN_ASSETS":null,"DEPOSIT_EQUITY":null,"DEPOSIT_ASSETS":null,"EQUITY_MULTIPLIER":1.242027893369,"EQUITY_RATIO":0.282285843539},{"SECUCODE":"06119.HK","SECURITY_CODE":"06119","SECURITY_NAME_ABBR":"天源集团","ORG_CODE":"10489242","STD_REPORT_DATE":"2020-06-30 00:00:00","REPORT_DATE":"2020-06-30 00:00:00","DATE_TYPE_CODE":"002","REPORT_TYPE":"2020年中报","PER_NETCASH_OPERATE":0.035608333333,"PER_OI":0.168603333333,"BPS":0.500028333333,"BASIC_EPS":0.019,"DILUTED_EPS":0.019,"OPERATE_INCOME":101162000,"OPERATE_INCOME_YOY":155.9637670158,"GROSS_PROFIT":29764000,"GROSS_PROFIT_YOY":34.120403749099,"HOLDER_PROFIT":11355000,"HOLDER_PROFIT_YOY":88.2772342895,"GROSS_PROFIT_RATIO":29.422115023428,"EPS_TTM":0.044718333333,"OPERATE_INCOME_QOQ":49.421121837016,"NET_PROFIT_RATIO":15.7114331468,"ROE_AVG":3.735940869811,"GROSS_PROFIT_QOQ":15.460633779811,"ROA":2.731612734054,"HOLDER_PROFIT_QOQ":24.754731017808,"ROE_YEARLY":7.471881739623,"ROIC_YEARLY":9.882936594282,"TOTAL_ASSETS":412925000,"TOTAL_LIABILITIES":59546000,"TAX_EBT":28.534172661871,"OCF_SALES":21.119590360017,"TOTAL_PARENT_EQUITY":300017000,"DEBT_ASSET_RATIO":14.420536417,"OPERATE_PROFIT":23398000,"PRETAX_PROFIT":22240000,"NETCASH_OPERATE":21365000,"NETCASH_INVEST":-5412000,"NETCASH_FINANCE":541000,"END_CASH":140017000,"DIVI_RATIO":null,"DIVIDEND_RATE":null,"CURRENT_RATIO":3.409784011411,"COMMON_ACS":4000000000,"CURRENTDEBT_DEBT":98.901689450173,"ISSUED_COMMON_SHARES":600000000,"HK_COMMON_SHARES":600000000,"PER_SHARES":3000,"TOTAL_MARKET_CAP":234000000,"HKSK_MARKET_CAP":234000000,"PE_TTM":9.141917345861,"PB_TTM":0.698694391918,"REPORT_DATE_SQ":"2019-06-30 00:00:00","REPORT_TYPE_SQ":"2019年中报","OPERATE_INCOME_SQ":39522000,"DPS_HKD":null,"OPERATE_INCOME_QOQ_SQ":-3.198087216147,"NET_PROFIT_RATIO_SQ":22.8126106978,"HOLDER_PROFIT_SQ":6031000,"HOLDER_PROFIT_QOQ_SQ":117.780817233715,"ROE_AVG_SQ":2.008154485716,"PE_TTM_SQ":12.202863712876,"PB_TTM_SQ":0.645966391015,"ROA_SQ":1.483263178994,"START_DATE":"2020-01-01 00:00:00","FISCAL_YEAR":"12-31","CURRENCY":"HKD","IS_CNY_CODE":0,"DPS_HKD_LY":0.03504,"ORG_TYPE":"一般企业","PREMIUM_INCOME":null,"PREMIUM_INCOME_YOY":null,"NET_INTEREST_INCOME":null,"NET_INTEREST_INCOME_YOY":null,"FEE_COMMISSION_INCOME":null,"FEE_COMMISSION_INCOME_YOY":null,"ACCOUNTS_RECE_TDAYS":4.894619701955,"INVENTORY_TDAYS":null,"CURRENT_ASSETS_TDAYS":0.497980501564,"TOTAL_ASSETS_TDAYS":0.243360112199,"PREMIUM_EXPENSE":null,"LOAN_DEPOSIT":null,"LOAN_EQUITY":null,"LOAN_ASSETS":null,"DEPOSIT_EQUITY":null,"DEPOSIT_ASSETS":null,"EQUITY_MULTIPLIER":1.168504636665,"EQUITY_RATIO":0.198475419726}],"count":23},"success":true,"message":"ok","code":0}