{"version":"c424aed2302c62381463c8119f7d7d6a","result":{"pages":2,"data":[{"SECUCODE":"06110.HK","SECURITY_CODE":"06110","SECURITY_NAME_ABBR":"滔搏","ORG_CODE":"10000039017","STD_REPORT_DATE":"2024-06-30 00:00:00","REPORT_DATE":"2024-08-31 00:00:00","DATE_TYPE_CODE":"002","REPORT_TYPE":"2024年中报","PER_NETCASH_OPERATE":0.421449190157,"PER_OI":2.105181841494,"BPS":1.532730155962,"BASIC_EPS":0.1409,"DILUTED_EPS":0.1409,"OPERATE_INCOME":13054700000,"OPERATE_INCOME_YOY":-7.913095616,"GROSS_PROFIT":5362400000,"GROSS_PROFIT_YOY":-15.430229624022,"HOLDER_PROFIT":873800000,"HOLDER_PROFIT_YOY":-34.6545019444,"GROSS_PROFIT_RATIO":41.076393942412,"EPS_TTM":0.356865145521,"OPERATE_INCOME_QOQ":0,"NET_PROFIT_RATIO":6.6933747999,"ROE_AVG":9.029797919778,"GROSS_PROFIT_QOQ":0,"ROA":5.932191883121,"HOLDER_PROFIT_QOQ":0,"ROE_YEARLY":18.059595839555,"ROIC_YEARLY":14.333460461187,"TOTAL_ASSETS":14915600000,"TOTAL_LIABILITIES":5409300000,"TAX_EBT":21.165644171779,"OCF_SALES":20.019609795706,"TOTAL_PARENT_EQUITY":9504800000,"DEBT_ASSET_RATIO":36.2660570141,"OPERATE_PROFIT":1120900000,"PRETAX_PROFIT":1108400000,"NETCASH_OPERATE":2613500000,"NETCASH_INVEST":-110400000,"NETCASH_FINANCE":-1619500000,"END_CASH":2839600000,"DIVI_RATIO":0.791346811379,"DIVIDEND_RATE":9.238095238095,"CURRENT_RATIO":2.811417393766,"COMMON_ACS":20000000000,"CURRENTDEBT_DEBT":71.826299151461,"ISSUED_COMMON_SHARES":6201222024,"HK_COMMON_SHARES":6201222024,"PER_SHARES":1000,"TOTAL_MARKET_CAP":20836106000.64,"HKSK_MARKET_CAP":20836106000.64,"PE_TTM":10.764921592064,"PB_TTM":1.999738302321,"REPORT_DATE_SQ":"2023-06-30 00:00:00","REPORT_TYPE_SQ":"2023年中报","OPERATE_INCOME_SQ":14176500000,"DPS_HKD":0.3104,"OPERATE_INCOME_QOQ_SQ":0,"NET_PROFIT_RATIO_SQ":9.4289845872,"HOLDER_PROFIT_SQ":1337200000,"HOLDER_PROFIT_QOQ_SQ":0,"ROE_AVG_SQ":13.505638290888,"PE_TTM_SQ":14.606505401732,"PB_TTM_SQ":2.989566307441,"ROA_SQ":8.274547659711,"START_DATE":"2024-03-01 00:00:00","FISCAL_YEAR":"2-28","CURRENCY":"HKD","IS_CNY_CODE":0,"DPS_HKD_LY":0.3104,"ORG_TYPE":"一般企业","PREMIUM_INCOME":null,"PREMIUM_INCOME_YOY":null,"NET_INTEREST_INCOME":null,"NET_INTEREST_INCOME_YOY":null,"FEE_COMMISSION_INCOME":null,"FEE_COMMISSION_INCOME_YOY":null,"ACCOUNTS_RECE_TDAYS":11.456516015796,"INVENTORY_TDAYS":1.240323451873,"CURRENT_ASSETS_TDAYS":1.215391275608,"TOTAL_ASSETS_TDAYS":0.886278157205,"PREMIUM_EXPENSE":null,"LOAN_DEPOSIT":null,"LOAN_EQUITY":null,"LOAN_ASSETS":null,"DEPOSIT_EQUITY":null,"DEPOSIT_ASSETS":null,"EQUITY_MULTIPLIER":1.569022648138,"EQUITY_RATIO":0.569112448447},{"SECUCODE":"06110.HK","SECURITY_CODE":"06110","SECURITY_NAME_ABBR":"滔搏","ORG_CODE":"10000039017","STD_REPORT_DATE":"2023-12-31 00:00:00","REPORT_DATE":"2024-02-29 00:00:00","DATE_TYPE_CODE":"001","REPORT_TYPE":"2023年年报","PER_NETCASH_OPERATE":0.504577966712,"PER_OI":4.665725543776,"BPS":1.588219219032,"BASIC_EPS":0.3569,"DILUTED_EPS":0.3569,"OPERATE_INCOME":28933200000,"OPERATE_INCOME_YOY":6.870262843,"GROSS_PROFIT":12080800000,"GROSS_PROFIT_YOY":7.059428227079,"HOLDER_PROFIT":2213000000,"HOLDER_PROFIT_YOY":20.494391811,"GROSS_PROFIT_RATIO":41.754109465942,"EPS_TTM":0.327096819328,"OPERATE_INCOME_QOQ":0,"NET_PROFIT_RATIO":7.6427771557,"ROE_AVG":22.486980820526,"GROSS_PROFIT_QOQ":0,"ROA":14.111405497263,"HOLDER_PROFIT_QOQ":0,"ROE_YEARLY":22.486980820526,"ROIC_YEARLY":17.263639093991,"TOTAL_ASSETS":14544000000,"TOTAL_LIABILITIES":4693600000,"TAX_EBT":19.857204986953,"OCF_SALES":10.814565965742,"TOTAL_PARENT_EQUITY":9848900000,"DEBT_ASSET_RATIO":32.2717271727,"OPERATE_PROFIT":2786500000,"PRETAX_PROFIT":2759200000,"NETCASH_OPERATE":3129000000,"NETCASH_INVEST":-198100000,"NETCASH_FINANCE":-3332300000,"END_CASH":1956000000,"DIVI_RATIO":0.863365457297,"DIVIDEND_RATE":12.077821011673,"CURRENT_RATIO":3.155266696549,"COMMON_ACS":20000000000,"CURRENTDEBT_DEBT":71.299215953639,"ISSUED_COMMON_SHARES":6201222024,"HK_COMMON_SHARES":6201222024,"PER_SHARES":1000,"TOTAL_MARKET_CAP":15937140601.68,"HKSK_MARKET_CAP":15937140601.68,"PE_TTM":8.233883479644,"PB_TTM":1.529561737192,"REPORT_DATE_SQ":"2022-12-31 00:00:00","REPORT_TYPE_SQ":"2022年年报","OPERATE_INCOME_SQ":27073200000,"DPS_HKD":0.3104,"OPERATE_INCOME_QOQ_SQ":0,"NET_PROFIT_RATIO_SQ":6.783830504,"HOLDER_PROFIT_SQ":1836600000,"HOLDER_PROFIT_QOQ_SQ":0,"ROE_AVG_SQ":17.992564327385,"PE_TTM_SQ":16.38710796499,"PB_TTM_SQ":3.354008676348,"ROA_SQ":10.610971487997,"START_DATE":"2023-03-01 00:00:00","FISCAL_YEAR":"2-29","CURRENCY":"HKD","IS_CNY_CODE":0,"DPS_HKD_LY":0.3338,"ORG_TYPE":"一般企业","PREMIUM_INCOME":null,"PREMIUM_INCOME_YOY":null,"NET_INTEREST_INCOME":null,"NET_INTEREST_INCOME_YOY":null,"FEE_COMMISSION_INCOME":null,"FEE_COMMISSION_INCOME_YOY":null,"ACCOUNTS_RECE_TDAYS":24.267729083665,"INVENTORY_TDAYS":2.689692046189,"CURRENT_ASSETS_TDAYS":2.553635416851,"TOTAL_ASSETS_TDAYS":1.8449530842,"PREMIUM_EXPENSE":null,"LOAN_DEPOSIT":null,"LOAN_EQUITY":null,"LOAN_ASSETS":null,"DEPOSIT_EQUITY":null,"DEPOSIT_ASSETS":null,"EQUITY_MULTIPLIER":1.476488264436,"EQUITY_RATIO":0.476560834205},{"SECUCODE":"06110.HK","SECURITY_CODE":"06110","SECURITY_NAME_ABBR":"滔搏","ORG_CODE":"10000039017","STD_REPORT_DATE":"2023-06-30 00:00:00","REPORT_DATE":"2023-08-31 00:00:00","DATE_TYPE_CODE":"002","REPORT_TYPE":"2023年中报","PER_NETCASH_OPERATE":0.411338279798,"PER_OI":2.286081669892,"BPS":1.607505740227,"BASIC_EPS":0.2156,"DILUTED_EPS":0.2156,"OPERATE_INCOME":14176500000,"OPERATE_INCOME_YOY":7.251475261,"GROSS_PROFIT":6340800000,"GROSS_PROFIT_YOY":5.142023314043,"HOLDER_PROFIT":1337200000,"HOLDER_PROFIT_YOY":16.7452418369,"GROSS_PROFIT_RATIO":44.727542059041,"EPS_TTM":0.29616743166,"OPERATE_INCOME_QOQ":0,"NET_PROFIT_RATIO":9.4289845872,"ROE_AVG":13.505638290888,"GROSS_PROFIT_QOQ":0,"ROA":8.274547659711,"HOLDER_PROFIT_QOQ":0,"ROE_YEARLY":27.011276581777,"ROIC_YEARLY":21.15780937877,"TOTAL_ASSETS":15500100000,"TOTAL_LIABILITIES":5528900000,"TAX_EBT":21.720543452799,"OCF_SALES":17.993157690544,"TOTAL_PARENT_EQUITY":9968500000,"DEBT_ASSET_RATIO":35.670092451,"OPERATE_PROFIT":1725900000,"PRETAX_PROFIT":1707600000,"NETCASH_OPERATE":2550800000,"NETCASH_INVEST":-43600000,"NETCASH_FINANCE":-1716400000,"END_CASH":3148200000,"DIVI_RATIO":0.953528527487,"DIVIDEND_RATE":12.077821011673,"CURRENT_RATIO":2.816476325546,"COMMON_ACS":20000000000,"CURRENTDEBT_DEBT":72.692578994013,"ISSUED_COMMON_SHARES":6201222024,"HK_COMMON_SHARES":6201222024,"PER_SHARES":1000,"TOTAL_MARKET_CAP":15937140601.68,"HKSK_MARKET_CAP":15937140601.68,"PE_TTM":8.233883479644,"PB_TTM":1.529561737192,"REPORT_DATE_SQ":"2022-06-30 00:00:00","REPORT_TYPE_SQ":"2022年中报","OPERATE_INCOME_SQ":13218000000,"DPS_HKD":0.3104,"OPERATE_INCOME_QOQ_SQ":0,"NET_PROFIT_RATIO_SQ":8.6654561961,"HOLDER_PROFIT_SQ":1145400000,"HOLDER_PROFIT_QOQ_SQ":0,"ROE_AVG_SQ":11.187130990228,"PE_TTM_SQ":16.38710796499,"PB_TTM_SQ":3.354008676348,"ROA_SQ":6.455649115688,"START_DATE":"2023-03-01 00:00:00","FISCAL_YEAR":"2-29","CURRENCY":"HKD","IS_CNY_CODE":0,"DPS_HKD_LY":0.3338,"ORG_TYPE":"一般企业","PREMIUM_INCOME":null,"PREMIUM_INCOME_YOY":null,"NET_INTEREST_INCOME":null,"NET_INTEREST_INCOME_YOY":null,"FEE_COMMISSION_INCOME":null,"FEE_COMMISSION_INCOME_YOY":null,"ACCOUNTS_RECE_TDAYS":12.431709562854,"INVENTORY_TDAYS":1.305841179902,"CURRENT_ASSETS_TDAYS":1.210580248495,"TOTAL_ASSETS_TDAYS":0.87723694958,"PREMIUM_EXPENSE":null,"LOAN_DEPOSIT":null,"LOAN_EQUITY":null,"LOAN_ASSETS":null,"DEPOSIT_EQUITY":null,"DEPOSIT_ASSETS":null,"EQUITY_MULTIPLIER":1.554486922336,"EQUITY_RATIO":0.554637106887},{"SECUCODE":"06110.HK","SECURITY_CODE":"06110","SECURITY_NAME_ABBR":"滔搏","ORG_CODE":"10000039017","STD_REPORT_DATE":"2022-12-31 00:00:00","REPORT_DATE":"2023-02-28 00:00:00","DATE_TYPE_CODE":"001","REPORT_TYPE":"2022年年报","PER_NETCASH_OPERATE":0.701587523098,"PER_OI":4.365784662317,"BPS":1.585751963394,"BASIC_EPS":0.2962,"DILUTED_EPS":0.2962,"OPERATE_INCOME":27073200000,"OPERATE_INCOME_YOY":-15.0684673662,"GROSS_PROFIT":11284200000,"GROSS_PROFIT_YOY":-18.374757674836,"HOLDER_PROFIT":1836600000,"HOLDER_PROFIT_YOY":-24.9294911097,"GROSS_PROFIT_RATIO":41.680333318559,"EPS_TTM":0.348495827377,"OPERATE_INCOME_QOQ":0,"NET_PROFIT_RATIO":6.783830504,"ROE_AVG":17.992564327385,"GROSS_PROFIT_QOQ":0,"ROA":10.610971487997,"HOLDER_PROFIT_QOQ":0,"ROE_YEARLY":17.992564327385,"ROIC_YEARLY":12.570411690223,"TOTAL_ASSETS":16820700000,"TOTAL_LIABILITIES":6987100000,"TAX_EBT":20.918015845677,"OCF_SALES":16.070135780033,"TOTAL_PARENT_EQUITY":9833600000,"DEBT_ASSET_RATIO":41.5386993407,"OPERATE_PROFIT":2430900000,"PRETAX_PROFIT":2322400000,"NETCASH_OPERATE":4350700000,"NETCASH_INVEST":-305600000,"NETCASH_FINANCE":-3440300000,"END_CASH":2357400000,"DIVI_RATIO":0.810351438426,"DIVIDEND_RATE":12.077821011673,"CURRENT_RATIO":2.297002828237,"COMMON_ACS":20000000000,"CURRENTDEBT_DEBT":75.400380701579,"ISSUED_COMMON_SHARES":6201222024,"HK_COMMON_SHARES":6201222024,"PER_SHARES":1000,"TOTAL_MARKET_CAP":15937140601.68,"HKSK_MARKET_CAP":15937140601.68,"PE_TTM":8.233883479644,"PB_TTM":1.529561737192,"REPORT_DATE_SQ":"2021-12-31 00:00:00","REPORT_TYPE_SQ":"2021年年报","OPERATE_INCOME_SQ":31876500000,"DPS_HKD":0.3104,"OPERATE_INCOME_QOQ_SQ":0,"NET_PROFIT_RATIO_SQ":7.6749329443,"HOLDER_PROFIT_SQ":2446500000,"HOLDER_PROFIT_QOQ_SQ":0,"ROE_AVG_SQ":24.118537212936,"PE_TTM_SQ":16.38710796499,"PB_TTM_SQ":3.354008676348,"ROA_SQ":13.782050379267,"START_DATE":"2022-03-01 00:00:00","FISCAL_YEAR":"2-28","CURRENCY":"HKD","IS_CNY_CODE":0,"DPS_HKD_LY":0.2187,"ORG_TYPE":"一般企业","PREMIUM_INCOME":null,"PREMIUM_INCOME_YOY":null,"NET_INTEREST_INCOME":null,"NET_INTEREST_INCOME_YOY":null,"FEE_COMMISSION_INCOME":null,"FEE_COMMISSION_INCOME_YOY":null,"ACCOUNTS_RECE_TDAYS":25.046905356647,"INVENTORY_TDAYS":2.441566474659,"CURRENT_ASSETS_TDAYS":2.345878734051,"TOTAL_ASSETS_TDAYS":1.564156339371,"PREMIUM_EXPENSE":null,"LOAN_DEPOSIT":null,"LOAN_EQUITY":null,"LOAN_ASSETS":null,"DEPOSIT_EQUITY":null,"DEPOSIT_ASSETS":null,"EQUITY_MULTIPLIER":1.710533273674,"EQUITY_RATIO":0.710533273674},{"SECUCODE":"06110.HK","SECURITY_CODE":"06110","SECURITY_NAME_ABBR":"滔搏","ORG_CODE":"10000039017","STD_REPORT_DATE":"2022-06-30 00:00:00","REPORT_DATE":"2022-08-31 00:00:00","DATE_TYPE_CODE":"002","REPORT_TYPE":"2022年中报","PER_NETCASH_OPERATE":0.260738930769,"PER_OI":2.131515360818,"BPS":1.595749992776,"BASIC_EPS":0.1847,"DILUTED_EPS":0.1847,"OPERATE_INCOME":13218000000,"OPERATE_INCOME_YOY":-15.1245071725,"GROSS_PROFIT":6030700000,"GROSS_PROFIT_YOY":-12.895211959269,"HOLDER_PROFIT":1145400000,"HOLDER_PROFIT_YOY":-19.9468828627,"GROSS_PROFIT_RATIO":45.624905431987,"EPS_TTM":0.394519014241,"OPERATE_INCOME_QOQ":0,"NET_PROFIT_RATIO":8.6654561961,"ROE_AVG":11.187130990228,"GROSS_PROFIT_QOQ":0,"ROA":6.455649115688,"HOLDER_PROFIT_QOQ":0,"ROE_YEARLY":22.374261980456,"ROIC_YEARLY":15.032679738562,"TOTAL_ASSETS":17688900000,"TOTAL_LIABILITIES":7793300000,"TAX_EBT":24.535511925155,"OCF_SALES":12.232561658345,"TOTAL_PARENT_EQUITY":9895600000,"DEBT_ASSET_RATIO":44.0575728282,"OPERATE_PROFIT":1580500000,"PRETAX_PROFIT":1517800000,"NETCASH_OPERATE":1616900000,"NETCASH_INVEST":-132900000,"NETCASH_FINANCE":-1560000000,"END_CASH":1676600000,"DIVI_RATIO":0.715818717998,"DIVIDEND_RATE":12.077821011673,"CURRENT_RATIO":2.185949459253,"COMMON_ACS":20000000000,"CURRENTDEBT_DEBT":72.255655498954,"ISSUED_COMMON_SHARES":6201222024,"HK_COMMON_SHARES":6201222024,"PER_SHARES":1000,"TOTAL_MARKET_CAP":15937140601.68,"HKSK_MARKET_CAP":15937140601.68,"PE_TTM":8.233883479644,"PB_TTM":1.529561737192,"REPORT_DATE_SQ":"2021-06-30 00:00:00","REPORT_TYPE_SQ":"2021年中报","OPERATE_INCOME_SQ":15573400000,"DPS_HKD":0.3104,"OPERATE_INCOME_QOQ_SQ":0,"NET_PROFIT_RATIO_SQ":9.1874606701,"HOLDER_PROFIT_SQ":1430800000,"HOLDER_PROFIT_QOQ_SQ":0,"ROE_AVG_SQ":14.255894704854,"PE_TTM_SQ":16.38710796499,"PB_TTM_SQ":3.354008676348,"ROA_SQ":8.053812164026,"START_DATE":"2022-03-01 00:00:00","FISCAL_YEAR":"2-28","CURRENCY":"HKD","IS_CNY_CODE":0,"DPS_HKD_LY":0.2187,"ORG_TYPE":"一般企业","PREMIUM_INCOME":null,"PREMIUM_INCOME_YOY":null,"NET_INTEREST_INCOME":null,"NET_INTEREST_INCOME_YOY":null,"FEE_COMMISSION_INCOME":null,"FEE_COMMISSION_INCOME_YOY":null,"ACCOUNTS_RECE_TDAYS":11.194105691057,"INVENTORY_TDAYS":1.098152760164,"CURRENT_ASSETS_TDAYS":1.135103802143,"TOTAL_ASSETS_TDAYS":0.744986642318,"PREMIUM_EXPENSE":null,"LOAN_DEPOSIT":null,"LOAN_EQUITY":null,"LOAN_ASSETS":null,"DEPOSIT_EQUITY":null,"DEPOSIT_ASSETS":null,"EQUITY_MULTIPLIER":1.787552043334,"EQUITY_RATIO":0.787552043332},{"SECUCODE":"06110.HK","SECURITY_CODE":"06110","SECURITY_NAME_ABBR":"滔搏","ORG_CODE":"10000039017","STD_REPORT_DATE":"2021-12-31 00:00:00","REPORT_DATE":"2022-02-28 00:00:00","DATE_TYPE_CODE":"001","REPORT_TYPE":"2021年年报","PER_NETCASH_OPERATE":0.917480454333,"PER_OI":5.140357799903,"BPS":1.706357224277,"BASIC_EPS":0.3945,"DILUTED_EPS":0.3945,"OPERATE_INCOME":31876500000,"OPERATE_INCOME_YOY":-11.4762975923,"GROSS_PROFIT":13824400000,"GROSS_PROFIT_YOY":-5.835393805641,"HOLDER_PROFIT":2446500000,"HOLDER_PROFIT_YOY":-11.6818887405,"GROSS_PROFIT_RATIO":43.368625790159,"EPS_TTM":0.466327441399,"OPERATE_INCOME_QOQ":0,"NET_PROFIT_RATIO":7.6749329443,"ROE_AVG":24.118537212936,"GROSS_PROFIT_QOQ":0,"ROA":13.782050379267,"HOLDER_PROFIT_QOQ":0,"ROE_YEARLY":24.118537212936,"ROIC_YEARLY":15.045524010418,"TOTAL_ASSETS":17796300000,"TOTAL_LIABILITIES":7214800000,"TAX_EBT":26.44538648868,"OCF_SALES":17.848571831914,"TOTAL_PARENT_EQUITY":10581500000,"DEBT_ASSET_RATIO":40.5410113338,"OPERATE_PROFIT":3430100000,"PRETAX_PROFIT":3326100000,"NETCASH_OPERATE":5689500000,"NETCASH_INVEST":-671300000,"NETCASH_FINANCE":-4494400000,"END_CASH":1752600000,"DIVI_RATIO":0.60559184369,"DIVIDEND_RATE":12.077821011673,"CURRENT_RATIO":2.253504361211,"COMMON_ACS":20000000000,"CURRENTDEBT_DEBT":67.534789599157,"ISSUED_COMMON_SHARES":6201222024,"HK_COMMON_SHARES":6201222024,"PER_SHARES":1000,"TOTAL_MARKET_CAP":15937140601.68,"HKSK_MARKET_CAP":15937140601.68,"PE_TTM":8.233883479644,"PB_TTM":1.529561737192,"REPORT_DATE_SQ":"2020-12-31 00:00:00","REPORT_TYPE_SQ":"2020年年报","OPERATE_INCOME_SQ":36009000000,"DPS_HKD":0.3104,"OPERATE_INCOME_QOQ_SQ":0,"NET_PROFIT_RATIO_SQ":7.6927990225,"HOLDER_PROFIT_SQ":2770100000,"HOLDER_PROFIT_QOQ_SQ":0,"ROE_AVG_SQ":27.360633716566,"PE_TTM_SQ":16.38710796499,"PB_TTM_SQ":3.354008676348,"ROA_SQ":13.940555991706,"START_DATE":"2021-03-01 00:00:00","FISCAL_YEAR":"2-28","CURRENCY":"HKD","IS_CNY_CODE":0,"DPS_HKD_LY":0.2998,"ORG_TYPE":"一般企业","PREMIUM_INCOME":null,"PREMIUM_INCOME_YOY":null,"NET_INTEREST_INCOME":null,"NET_INTEREST_INCOME_YOY":null,"FEE_COMMISSION_INCOME":null,"FEE_COMMISSION_INCOME_YOY":null,"ACCOUNTS_RECE_TDAYS":19.412033371902,"INVENTORY_TDAYS":2.799317697228,"CURRENT_ASSETS_TDAYS":2.976261058332,"TOTAL_ASSETS_TDAYS":1.795722578846,"PREMIUM_EXPENSE":null,"LOAN_DEPOSIT":null,"LOAN_EQUITY":null,"LOAN_ASSETS":null,"DEPOSIT_EQUITY":null,"DEPOSIT_ASSETS":null,"EQUITY_MULTIPLIER":1.681831498369,"EQUITY_RATIO":0.68183149837},{"SECUCODE":"06110.HK","SECURITY_CODE":"06110","SECURITY_NAME_ABBR":"滔搏","ORG_CODE":"10000039017","STD_REPORT_DATE":"2021-06-30 00:00:00","REPORT_DATE":"2021-08-31 00:00:00","DATE_TYPE_CODE":"002","REPORT_TYPE":"2021年中报","PER_NETCASH_OPERATE":0.414708583251,"PER_OI":2.51134372221,"BPS":1.671815645348,"BASIC_EPS":0.2307,"DILUTED_EPS":0.2307,"OPERATE_INCOME":15573400000,"OPERATE_INCOME_YOY":-1.2435397444,"GROSS_PROFIT":6923500000,"GROSS_PROFIT_YOY":5.452745411621,"HOLDER_PROFIT":1430800000,"HOLDER_PROFIT_YOY":9.296463219,"GROSS_PROFIT_RATIO":44.457215508495,"EPS_TTM":0.446702277274,"OPERATE_INCOME_QOQ":0,"NET_PROFIT_RATIO":9.1874606701,"ROE_AVG":14.255894704854,"GROSS_PROFIT_QOQ":0,"ROA":8.053812164026,"HOLDER_PROFIT_QOQ":0,"ROE_YEARLY":28.511789409708,"ROIC_YEARLY":17.220814702927,"TOTAL_ASSETS":17824600000,"TOTAL_LIABILITIES":7457300000,"TAX_EBT":29.238377843719,"OCF_SALES":16.513413898057,"TOTAL_PARENT_EQUITY":10367300000,"DEBT_ASSET_RATIO":41.8371239747,"OPERATE_PROFIT":2059700000,"PRETAX_PROFIT":2022000000,"NETCASH_OPERATE":2571700000,"NETCASH_INVEST":-297100000,"NETCASH_FINANCE":-2435400000,"END_CASH":1068000000,"DIVI_RATIO":0.632197571778,"DIVIDEND_RATE":12.077821011673,"CURRENT_RATIO":2.1758359023,"COMMON_ACS":20000000000,"CURRENTDEBT_DEBT":67.85834014992,"ISSUED_COMMON_SHARES":6201222024,"HK_COMMON_SHARES":6201222024,"PER_SHARES":1000,"TOTAL_MARKET_CAP":15937140601.68,"HKSK_MARKET_CAP":15937140601.68,"PE_TTM":8.233883479644,"PB_TTM":1.529561737192,"REPORT_DATE_SQ":"2020-06-30 00:00:00","REPORT_TYPE_SQ":"2020年中报","OPERATE_INCOME_SQ":15769500000,"DPS_HKD":0.3104,"OPERATE_INCOME_QOQ_SQ":0,"NET_PROFIT_RATIO_SQ":8.3014680237,"HOLDER_PROFIT_SQ":1309100000,"HOLDER_PROFIT_QOQ_SQ":0,"ROE_AVG_SQ":11.903181516471,"PE_TTM_SQ":16.38710796499,"PB_TTM_SQ":3.354008676348,"ROA_SQ":6.14273614764,"START_DATE":"2021-03-01 00:00:00","FISCAL_YEAR":"2-28","CURRENCY":"HKD","IS_CNY_CODE":0,"DPS_HKD_LY":0.2998,"ORG_TYPE":"一般企业","PREMIUM_INCOME":null,"PREMIUM_INCOME_YOY":null,"NET_INTEREST_INCOME":null,"NET_INTEREST_INCOME_YOY":null,"FEE_COMMISSION_INCOME":null,"FEE_COMMISSION_INCOME_YOY":null,"ACCOUNTS_RECE_TDAYS":9.497133796804,"INVENTORY_TDAYS":1.245333544491,"CURRENT_ASSETS_TDAYS":1.452004344806,"TOTAL_ASSETS_TDAYS":0.8766091582,"PREMIUM_EXPENSE":null,"LOAN_DEPOSIT":null,"LOAN_EQUITY":null,"LOAN_ASSETS":null,"DEPOSIT_EQUITY":null,"DEPOSIT_ASSETS":null,"EQUITY_MULTIPLIER":1.719309752779,"EQUITY_RATIO":0.71930975278},{"SECUCODE":"06110.HK","SECURITY_CODE":"06110","SECURITY_NAME_ABBR":"滔搏","ORG_CODE":"10000039017","STD_REPORT_DATE":"2020-12-31 00:00:00","REPORT_DATE":"2021-02-28 00:00:00","DATE_TYPE_CODE":"001","REPORT_TYPE":"2020年年报","PER_NETCASH_OPERATE":0.758802052529,"PER_OI":5.806758709918,"BPS":1.565143122184,"BASIC_EPS":0.4467,"DILUTED_EPS":0.4467,"OPERATE_INCOME":36009000000,"OPERATE_INCOME_YOY":6.8827136675,"GROSS_PROFIT":14681100000,"GROSS_PROFIT_YOY":3.479118942731,"HOLDER_PROFIT":2770100000,"HOLDER_PROFIT_YOY":20.2613527828,"GROSS_PROFIT_RATIO":40.770640673165,"EPS_TTM":0.345351285877,"OPERATE_INCOME_QOQ":0,"NET_PROFIT_RATIO":7.6927990225,"ROE_AVG":27.360633716566,"GROSS_PROFIT_QOQ":0,"ROA":13.940555991706,"HOLDER_PROFIT_QOQ":0,"ROE_YEARLY":27.360633716566,"ROIC_YEARLY":15.523594170737,"TOTAL_ASSETS":17706400000,"TOTAL_LIABILITIES":8000600000,"TAX_EBT":28.06429832762,"OCF_SALES":13.067566441723,"TOTAL_PARENT_EQUITY":9705800000,"DEBT_ASSET_RATIO":45.1847919396,"OPERATE_PROFIT":3989400000,"PRETAX_PROFIT":3850800000,"NETCASH_OPERATE":4705500000,"NETCASH_INVEST":2097700000,"NETCASH_FINANCE":-8398300000,"END_CASH":1228800000,"DIVI_RATIO":0.817729965251,"DIVIDEND_RATE":12.077821011673,"CURRENT_RATIO":1.924195510339,"COMMON_ACS":20000000000,"CURRENTDEBT_DEBT":67.817413693973,"ISSUED_COMMON_SHARES":6201222024,"HK_COMMON_SHARES":6201222024,"PER_SHARES":1000,"TOTAL_MARKET_CAP":15937140601.68,"HKSK_MARKET_CAP":15937140601.68,"PE_TTM":8.233883479644,"PB_TTM":1.529561737192,"REPORT_DATE_SQ":"2019-12-31 00:00:00","REPORT_TYPE_SQ":"2019年年报","OPERATE_INCOME_SQ":33690200000,"DPS_HKD":0.3104,"OPERATE_INCOME_QOQ_SQ":0,"NET_PROFIT_RATIO_SQ":6.8370030454,"HOLDER_PROFIT_SQ":2303400000,"HOLDER_PROFIT_QOQ_SQ":0,"ROE_AVG_SQ":36.878592356586,"PE_TTM_SQ":16.38710796499,"PB_TTM_SQ":3.354008676348,"ROA_SQ":12.043417791674,"START_DATE":"2020-03-01 00:00:00","FISCAL_YEAR":"2-28","CURRENCY":"HKD","IS_CNY_CODE":0,"DPS_HKD_LY":0.5329,"ORG_TYPE":"一般企业","PREMIUM_INCOME":null,"PREMIUM_INCOME_YOY":null,"NET_INTEREST_INCOME":null,"NET_INTEREST_INCOME_YOY":null,"FEE_COMMISSION_INCOME":null,"FEE_COMMISSION_INCOME_YOY":null,"ACCOUNTS_RECE_TDAYS":19.65556768559,"INVENTORY_TDAYS":3.316858860213,"CURRENT_ASSETS_TDAYS":2.789600489607,"TOTAL_ASSETS_TDAYS":1.812156531191,"PREMIUM_EXPENSE":null,"LOAN_DEPOSIT":null,"LOAN_EQUITY":null,"LOAN_ASSETS":null,"DEPOSIT_EQUITY":null,"DEPOSIT_ASSETS":null,"EQUITY_MULTIPLIER":1.824311236579,"EQUITY_RATIO":0.82431123658},{"SECUCODE":"06110.HK","SECURITY_CODE":"06110","SECURITY_NAME_ABBR":"滔搏","ORG_CODE":"10000039017","STD_REPORT_DATE":"2020-06-30 00:00:00","REPORT_DATE":"2020-08-31 00:00:00","DATE_TYPE_CODE":"002","REPORT_TYPE":"2020年中报","PER_NETCASH_OPERATE":0.319501542169,"PER_OI":2.542966521593,"BPS":1.846861788802,"BASIC_EPS":0.2111,"DILUTED_EPS":0.2111,"OPERATE_INCOME":15769500000,"OPERATE_INCOME_YOY":-7.006298061,"GROSS_PROFIT":6565500000,"GROSS_PROFIT_YOY":-11.393173812705,"HOLDER_PROFIT":1309100000,"HOLDER_PROFIT_YOY":-11.0000679856,"GROSS_PROFIT_RATIO":41.634167221535,"EPS_TTM":0.371442917394,"OPERATE_INCOME_QOQ":0,"NET_PROFIT_RATIO":8.3014680237,"ROE_AVG":11.903181516471,"GROSS_PROFIT_QOQ":0,"ROA":6.14273614764,"HOLDER_PROFIT_QOQ":0,"ROE_YEARLY":23.806363032943,"ROIC_YEARLY":14.746476295076,"TOTAL_ASSETS":20587500000,"TOTAL_LIABILITIES":9134700000,"TAX_EBT":29.394315301224,"OCF_SALES":12.56412695393,"TOTAL_PARENT_EQUITY":11452800000,"DEBT_ASSET_RATIO":44.3701275046,"OPERATE_PROFIT":1908800000,"PRETAX_PROFIT":1854100000,"NETCASH_OPERATE":1981300000,"NETCASH_INVEST":393500000,"NETCASH_FINANCE":-2932900000,"END_CASH":2265800000,"DIVI_RATIO":0.76028935208,"DIVIDEND_RATE":12.077821011673,"CURRENT_RATIO":2.01792951741,"COMMON_ACS":20000000000,"CURRENTDEBT_DEBT":72.658105903861,"ISSUED_COMMON_SHARES":6201222024,"HK_COMMON_SHARES":6201222024,"PER_SHARES":1000,"TOTAL_MARKET_CAP":15937140601.68,"HKSK_MARKET_CAP":15937140601.68,"PE_TTM":8.233883479644,"PB_TTM":1.529561737192,"REPORT_DATE_SQ":"2019-06-30 00:00:00","REPORT_TYPE_SQ":"2019年中报","OPERATE_INCOME_SQ":16957600000,"DPS_HKD":0.3104,"OPERATE_INCOME_QOQ_SQ":3.178317426392,"NET_PROFIT_RATIO_SQ":8.6739868849,"HOLDER_PROFIT_SQ":1470900000,"HOLDER_PROFIT_QOQ_SQ":6.346031457405,"ROE_AVG_SQ":54.763766335307,"PE_TTM_SQ":16.38710796499,"PB_TTM_SQ":3.354008676348,"ROA_SQ":9.004922127535,"START_DATE":"2020-03-01 00:00:00","FISCAL_YEAR":"2-28","CURRENCY":"HKD","IS_CNY_CODE":0,"DPS_HKD_LY":0.5329,"ORG_TYPE":"一般企业","PREMIUM_INCOME":null,"PREMIUM_INCOME_YOY":null,"NET_INTEREST_INCOME":null,"NET_INTEREST_INCOME_YOY":null,"FEE_COMMISSION_INCOME":null,"FEE_COMMISSION_INCOME_YOY":null,"ACCOUNTS_RECE_TDAYS":10.02192564347,"INVENTORY_TDAYS":1.389975383965,"CURRENT_ASSETS_TDAYS":1.096265141904,"TOTAL_ASSETS_TDAYS":0.739957815906,"PREMIUM_EXPENSE":null,"LOAN_DEPOSIT":null,"LOAN_EQUITY":null,"LOAN_ASSETS":null,"DEPOSIT_EQUITY":null,"DEPOSIT_ASSETS":null,"EQUITY_MULTIPLIER":1.797595347864,"EQUITY_RATIO":0.797595347863}],"count":17},"success":true,"message":"ok","code":0}