{"version":"4b1ba64c0312d20e0e919f8c9f63505e","result":{"pages":3,"data":[{"SECUCODE":"06118.HK","SECURITY_CODE":"06118","SECURITY_NAME_ABBR":"奥星生命科技","ORG_CODE":"10424927","STD_REPORT_DATE":"2024-06-30 00:00:00","REPORT_DATE":"2024-06-30 00:00:00","DATE_TYPE_CODE":"002","REPORT_TYPE":"2024年中报","PER_NETCASH_OPERATE":0.038118779044,"PER_OI":1.367428040782,"BPS":1.521163443117,"BASIC_EPS":0.01,"DILUTED_EPS":0.01,"OPERATE_INCOME":700919000,"OPERATE_INCOME_YOY":-23.7681588155,"GROSS_PROFIT":145417000,"GROSS_PROFIT_YOY":-22.2090267636,"HOLDER_PROFIT":5877000,"HOLDER_PROFIT_YOY":114.7130983377,"GROSS_PROFIT_RATIO":20.746619794869,"EPS_TTM":-0.131982785193,"OPERATE_INCOME_QOQ":-12.39064394064,"NET_PROFIT_RATIO":0.5976439503,"ROE_AVG":0.756987352631,"GROSS_PROFIT_QOQ":-12.354113971135,"ROA":0.273616599686,"HOLDER_PROFIT_QOQ":40.38053105144,"ROE_YEARLY":1.513974705262,"ROIC_YEARLY":0.590849968897,"TOTAL_ASSETS":2136820000,"TOTAL_LIABILITIES":1356190000,"TAX_EBT":54.397996951883,"OCF_SALES":2.787625959633,"TOTAL_PARENT_EQUITY":779721000,"DEBT_ASSET_RATIO":63.4676762666,"OPERATE_PROFIT":17254000,"PRETAX_PROFIT":9186000,"NETCASH_OPERATE":19539000,"NETCASH_INVEST":12350000,"NETCASH_FINANCE":-56007000,"END_CASH":139983000,"DIVI_RATIO":null,"DIVIDEND_RATE":null,"CURRENT_RATIO":1.316488524165,"COMMON_ACS":10000000000,"CURRENTDEBT_DEBT":87.570768107714,"ISSUED_COMMON_SHARES":512582000,"HK_COMMON_SHARES":512582000,"PER_SHARES":1000,"TOTAL_MARKET_CAP":430568880,"HKSK_MARKET_CAP":430568880,"PE_TTM":-5.706504120971,"PB_TTM":0.503990023865,"REPORT_DATE_SQ":"2023-06-30 00:00:00","REPORT_TYPE_SQ":"2023年中报","OPERATE_INCOME_SQ":919457000,"DPS_HKD":null,"OPERATE_INCOME_QOQ_SQ":-6.268879192908,"NET_PROFIT_RATIO_SQ":-7.4860853144,"HOLDER_PROFIT_SQ":-39944000,"HOLDER_PROFIT_QOQ_SQ":-98.086004047518,"ROE_AVG_SQ":-4.548161390045,"PE_TTM_SQ":872.356199190814,"PB_TTM_SQ":0.918189239949,"ROA_SQ":-1.703011564311,"START_DATE":"2024-01-01 00:00:00","FISCAL_YEAR":"12-31","CURRENCY":"HKD","IS_CNY_CODE":0,"DPS_HKD_LY":null,"ORG_TYPE":"一般企业","PREMIUM_INCOME":null,"PREMIUM_INCOME_YOY":null,"NET_INTEREST_INCOME":null,"NET_INTEREST_INCOME_YOY":null,"FEE_COMMISSION_INCOME":null,"FEE_COMMISSION_INCOME_YOY":null,"ACCOUNTS_RECE_TDAYS":1.945627176419,"INVENTORY_TDAYS":2.24666742162,"CURRENT_ASSETS_TDAYS":0.446827302964,"TOTAL_ASSETS_TDAYS":0.326328183487,"PREMIUM_EXPENSE":null,"LOAN_DEPOSIT":null,"LOAN_EQUITY":null,"LOAN_ASSETS":null,"DEPOSIT_EQUITY":null,"DEPOSIT_ASSETS":null,"EQUITY_MULTIPLIER":2.737301922806,"EQUITY_RATIO":1.739327272191},{"SECUCODE":"06118.HK","SECURITY_CODE":"06118","SECURITY_NAME_ABBR":"奥星生命科技","ORG_CODE":"10424927","STD_REPORT_DATE":"2023-12-31 00:00:00","REPORT_DATE":"2023-12-31 00:00:00","DATE_TYPE_CODE":"001","REPORT_TYPE":"2023年年报","PER_NETCASH_OPERATE":-0.122222395636,"PER_OI":3.440881654057,"BPS":1.508076756499,"BASIC_EPS":-0.22,"DILUTED_EPS":-0.22,"OPERATE_INCOME":1763734000,"OPERATE_INCOME_YOY":-18.2271153232,"GROSS_PROFIT":336050000,"GROSS_PROFIT_YOY":-31.249437393105,"HOLDER_PROFIT":-113473000,"HOLDER_PROFIT_YOY":-229.7412561027,"GROSS_PROFIT_RATIO":19.053326635422,"EPS_TTM":-0.221375311657,"OPERATE_INCOME_QOQ":-15.567708490411,"NET_PROFIT_RATIO":-8.5785611663,"ROE_AVG":-13.589930758696,"GROSS_PROFIT_QOQ":-10.196762754304,"ROA":-4.990308362295,"HOLDER_PROFIT_QOQ":-6878.55436081243,"ROE_YEARLY":-13.589930758696,"ROIC_YEARLY":-5.356613474876,"TOTAL_ASSETS":2158972000,"TOTAL_LIABILITIES":1383499000,"TAX_EBT":-1.10142400465,"OCF_SALES":-3.552066241281,"TOTAL_PARENT_EQUITY":773013000,"DEBT_ASSET_RATIO":64.0813776186,"OPERATE_PROFIT":-29994000,"PRETAX_PROFIT":-34410000,"NETCASH_OPERATE":-62649000,"NETCASH_INVEST":-54467000,"NETCASH_FINANCE":147115000,"END_CASH":163765000,"DIVI_RATIO":null,"DIVIDEND_RATE":null,"CURRENT_RATIO":1.336364416012,"COMMON_ACS":10000000000,"CURRENTDEBT_DEBT":85.123805655082,"ISSUED_COMMON_SHARES":512582000,"HK_COMMON_SHARES":512582000,"PER_SHARES":1000,"TOTAL_MARKET_CAP":297297560,"HKSK_MARKET_CAP":297297560,"PE_TTM":-3.940205226385,"PB_TTM":0.347993111717,"REPORT_DATE_SQ":"2022-12-31 00:00:00","REPORT_TYPE_SQ":"2022年年报","OPERATE_INCOME_SQ":2156869000,"DPS_HKD":null,"OPERATE_INCOME_QOQ_SQ":-1.545657598055,"NET_PROFIT_RATIO_SQ":3.0396958868,"HOLDER_PROFIT_SQ":87461000,"HOLDER_PROFIT_QOQ_SQ":-16.919817997017,"ROE_AVG_SQ":10.390204380325,"PE_TTM_SQ":961.15892605455,"PB_TTM_SQ":1.011657605692,"ROA_SQ":3.945425100484,"START_DATE":"2023-01-01 00:00:00","FISCAL_YEAR":"12-31","CURRENCY":"HKD","IS_CNY_CODE":0,"DPS_HKD_LY":null,"ORG_TYPE":"一般企业","PREMIUM_INCOME":null,"PREMIUM_INCOME_YOY":null,"NET_INTEREST_INCOME":null,"NET_INTEREST_INCOME_YOY":null,"FEE_COMMISSION_INCOME":null,"FEE_COMMISSION_INCOME_YOY":null,"ACCOUNTS_RECE_TDAYS":4.591287732853,"INVENTORY_TDAYS":4.52324059905,"CURRENT_ASSETS_TDAYS":1.045229591096,"TOTAL_ASSETS_TDAYS":0.775653814481,"PREMIUM_EXPENSE":null,"LOAN_DEPOSIT":null,"LOAN_EQUITY":null,"LOAN_ASSETS":null,"DEPOSIT_EQUITY":null,"DEPOSIT_ASSETS":null,"EQUITY_MULTIPLIER":2.784071141097,"EQUITY_RATIO":1.789748684692},{"SECUCODE":"06118.HK","SECURITY_CODE":"06118","SECURITY_NAME_ABBR":"奥星生命科技","ORG_CODE":"10424927","STD_REPORT_DATE":"2023-06-30 00:00:00","REPORT_DATE":"2023-06-30 00:00:00","DATE_TYPE_CODE":"002","REPORT_TYPE":"2023年中报","PER_NETCASH_OPERATE":-0.126477324604,"PER_OI":1.793775434955,"BPS":1.676894623689,"BASIC_EPS":-0.08,"DILUTED_EPS":-0.08,"OPERATE_INCOME":919457000,"OPERATE_INCOME_YOY":-12.6552111451,"GROSS_PROFIT":186933000,"GROSS_PROFIT_YOY":-20.702059515982,"HOLDER_PROFIT":-39944000,"HOLDER_PROFIT_YOY":-187.1321684881,"GROSS_PROFIT_RATIO":15.273020287907,"EPS_TTM":0.003265818932,"OPERATE_INCOME_QOQ":-6.268879192908,"NET_PROFIT_RATIO":-7.4860853144,"ROE_AVG":-4.548161390045,"GROSS_PROFIT_QOQ":-19.119932392272,"ROA":-1.703011564311,"HOLDER_PROFIT_QOQ":-98.086004047518,"ROE_YEARLY":-9.09632278009,"ROIC_YEARLY":-3.566699258426,"TOTAL_ASSETS":2302221000,"TOTAL_LIABILITIES":1492008000,"TAX_EBT":-30.325304973413,"OCF_SALES":-6.723227647057,"TOTAL_PARENT_EQUITY":859546000,"DEBT_ASSET_RATIO":64.8073317027,"OPERATE_PROFIT":-5509000,"PRETAX_PROFIT":-6394000,"NETCASH_OPERATE":-64830000,"NETCASH_INVEST":-25366000,"NETCASH_FINANCE":82370000,"END_CASH":125891000,"DIVI_RATIO":null,"DIVIDEND_RATE":null,"CURRENT_RATIO":1.283516414416,"COMMON_ACS":10000000000,"CURRENTDEBT_DEBT":89.532897946928,"ISSUED_COMMON_SHARES":512582000,"HK_COMMON_SHARES":512582000,"PER_SHARES":1000,"TOTAL_MARKET_CAP":297297560,"HKSK_MARKET_CAP":297297560,"PE_TTM":-3.940205226385,"PB_TTM":0.347993111717,"REPORT_DATE_SQ":"2022-06-30 00:00:00","REPORT_TYPE_SQ":"2022年中报","OPERATE_INCOME_SQ":1103980000,"DPS_HKD":null,"OPERATE_INCOME_QOQ_SQ":12.337496054645,"NET_PROFIT_RATIO_SQ":3.3210746571,"HOLDER_PROFIT_SQ":45843000,"HOLDER_PROFIT_QOQ_SQ":-62.036422646953,"ROE_AVG_SQ":5.623131341938,"PE_TTM_SQ":961.15892605455,"PB_TTM_SQ":1.011657605692,"ROA_SQ":2.07509740528,"START_DATE":"2023-01-01 00:00:00","FISCAL_YEAR":"12-31","CURRENCY":"HKD","IS_CNY_CODE":0,"DPS_HKD_LY":null,"ORG_TYPE":"一般企业","PREMIUM_INCOME":null,"PREMIUM_INCOME_YOY":null,"NET_INTEREST_INCOME":null,"NET_INTEREST_INCOME_YOY":null,"FEE_COMMISSION_INCOME":null,"FEE_COMMISSION_INCOME_YOY":null,"ACCOUNTS_RECE_TDAYS":2.293633777239,"INVENTORY_TDAYS":2.276817177931,"CURRENT_ASSETS_TDAYS":0.548569409801,"TOTAL_ASSETS_TDAYS":0.411115876754,"PREMIUM_EXPENSE":null,"LOAN_DEPOSIT":null,"LOAN_EQUITY":null,"LOAN_ASSETS":null,"DEPOSIT_EQUITY":null,"DEPOSIT_ASSETS":null,"EQUITY_MULTIPLIER":2.841500938639,"EQUITY_RATIO":1.735809369132},{"SECUCODE":"06118.HK","SECURITY_CODE":"06118","SECURITY_NAME_ABBR":"奥星生命科技","ORG_CODE":"10424927","STD_REPORT_DATE":"2022-12-31 00:00:00","REPORT_DATE":"2022-12-31 00:00:00","DATE_TYPE_CODE":"001","REPORT_TYPE":"2022年年报","PER_NETCASH_OPERATE":-0.073990112801,"PER_OI":4.207851621789,"BPS":1.749854657401,"BASIC_EPS":0.17,"DILUTED_EPS":0.17,"OPERATE_INCOME":2156869000,"OPERATE_INCOME_YOY":10.6011430114,"GROSS_PROFIT":488796000,"GROSS_PROFIT_YOY":2.043389671989,"HOLDER_PROFIT":87461000,"HOLDER_PROFIT_YOY":-68.4597908402,"GROSS_PROFIT_RATIO":20.760112427108,"EPS_TTM":0.170628309227,"OPERATE_INCOME_QOQ":-1.545657598055,"NET_PROFIT_RATIO":3.0396958868,"ROE_AVG":10.390204380325,"GROSS_PROFIT_QOQ":-5.660158066016,"ROA":3.945425100484,"HOLDER_PROFIT_QOQ":-16.919817997017,"ROE_YEARLY":10.390204380325,"ROIC_YEARLY":4.290251366319,"TOTAL_ASSETS":2388763000,"TOTAL_LIABILITIES":1505182000,"TAX_EBT":15.805809323027,"OCF_SALES":-1.701752276272,"TOTAL_PARENT_EQUITY":896944000,"DEBT_ASSET_RATIO":63.0109391346,"OPERATE_PROFIT":116372000,"PRETAX_PROFIT":119532000,"NETCASH_OPERATE":-37926000,"NETCASH_INVEST":-153143000,"NETCASH_FINANCE":125301000,"END_CASH":133624000,"DIVI_RATIO":null,"DIVIDEND_RATE":null,"CURRENT_RATIO":1.324498718529,"COMMON_ACS":10000000000,"CURRENTDEBT_DEBT":90.338909181747,"ISSUED_COMMON_SHARES":512582000,"HK_COMMON_SHARES":512582000,"PER_SHARES":1000,"TOTAL_MARKET_CAP":297297560,"HKSK_MARKET_CAP":297297560,"PE_TTM":-3.940205226385,"PB_TTM":0.347993111717,"REPORT_DATE_SQ":"2021-12-31 00:00:00","REPORT_TYPE_SQ":"2021年年报","OPERATE_INCOME_SQ":2015028000,"DPS_HKD":null,"OPERATE_INCOME_QOQ_SQ":23.366216248482,"NET_PROFIT_RATIO_SQ":13.5295390436,"HOLDER_PROFIT_SQ":277300000,"HOLDER_PROFIT_QOQ_SQ":16.420642517675,"ROE_AVG_SQ":42.514927369694,"PE_TTM_SQ":961.15892605455,"PB_TTM_SQ":1.011657605692,"ROA_SQ":16.199222986423,"START_DATE":"2022-01-01 00:00:00","FISCAL_YEAR":"12-31","CURRENCY":"HKD","IS_CNY_CODE":0,"DPS_HKD_LY":null,"ORG_TYPE":"一般企业","PREMIUM_INCOME":null,"PREMIUM_INCOME_YOY":null,"NET_INTEREST_INCOME":null,"NET_INTEREST_INCOME_YOY":null,"FEE_COMMISSION_INCOME":null,"FEE_COMMISSION_INCOME_YOY":null,"ACCOUNTS_RECE_TDAYS":6.051719106861,"INVENTORY_TDAYS":4.353085595051,"CURRENT_ASSETS_TDAYS":1.286653842335,"TOTAL_ASSETS_TDAYS":1.005356442031,"PREMIUM_EXPENSE":null,"LOAN_DEPOSIT":null,"LOAN_EQUITY":null,"LOAN_ASSETS":null,"DEPOSIT_EQUITY":null,"DEPOSIT_ASSETS":null,"EQUITY_MULTIPLIER":2.70350199925,"EQUITY_RATIO":1.678122602972},{"SECUCODE":"06118.HK","SECURITY_CODE":"06118","SECURITY_NAME_ABBR":"奥星生命科技","ORG_CODE":"10424927","STD_REPORT_DATE":"2022-06-30 00:00:00","REPORT_DATE":"2022-06-30 00:00:00","DATE_TYPE_CODE":"002","REPORT_TYPE":"2022年中报","PER_NETCASH_OPERATE":-0.082995501208,"PER_OI":2.153762715039,"BPS":1.646431205154,"BASIC_EPS":0.09,"DILUTED_EPS":0.09,"OPERATE_INCOME":1103980000,"OPERATE_INCOME_YOY":29.0637099942,"GROSS_PROFIT":235735000,"GROSS_PROFIT_YOY":5.091054989635,"HOLDER_PROFIT":45843000,"HOLDER_PROFIT_YOY":-78.9585532657,"GROSS_PROFIT_RATIO":21.353194804254,"EPS_TTM":0.205377871248,"OPERATE_INCOME_QOQ":12.337496054645,"NET_PROFIT_RATIO":3.3210746571,"ROE_AVG":5.623131341938,"GROSS_PROFIT_QOQ":2.384093793841,"ROA":2.07509740528,"HOLDER_PROFIT_QOQ":-62.036422646953,"ROE_YEARLY":11.246262683876,"ROIC_YEARLY":4.561646861685,"TOTAL_ASSETS":2373618000,"TOTAL_LIABILITIES":1531534000,"TAX_EBT":23.987228925654,"OCF_SALES":-3.853511838983,"TOTAL_PARENT_EQUITY":843931000,"DEBT_ASSET_RATIO":64.5231878087,"OPERATE_PROFIT":46013000,"PRETAX_PROFIT":48234000,"NETCASH_OPERATE":-42542000,"NETCASH_INVEST":-79442000,"NETCASH_FINANCE":102627000,"END_CASH":178801000,"DIVI_RATIO":null,"DIVIDEND_RATE":null,"CURRENT_RATIO":1.337363406988,"COMMON_ACS":10000000000,"CURRENTDEBT_DEBT":92.203829624416,"ISSUED_COMMON_SHARES":512582000,"HK_COMMON_SHARES":512582000,"PER_SHARES":1000,"TOTAL_MARKET_CAP":297297560,"HKSK_MARKET_CAP":297297560,"PE_TTM":-3.940205226385,"PB_TTM":0.347993111717,"REPORT_DATE_SQ":"2021-06-30 00:00:00","REPORT_TYPE_SQ":"2021年中报","OPERATE_INCOME_SQ":855376000,"DPS_HKD":null,"OPERATE_INCOME_QOQ_SQ":26.03365792682,"NET_PROFIT_RATIO_SQ":25.3744552103,"HOLDER_PROFIT_SQ":217870000,"HOLDER_PROFIT_QOQ_SQ":619.601208459215,"ROE_AVG_SQ":34.87108406545,"PE_TTM_SQ":961.15892605455,"PB_TTM_SQ":1.011657605692,"ROA_SQ":13.626289914688,"START_DATE":"2022-01-01 00:00:00","FISCAL_YEAR":"12-31","CURRENCY":"HKD","IS_CNY_CODE":0,"DPS_HKD_LY":null,"ORG_TYPE":"一般企业","PREMIUM_INCOME":null,"PREMIUM_INCOME_YOY":null,"NET_INTEREST_INCOME":null,"NET_INTEREST_INCOME_YOY":null,"FEE_COMMISSION_INCOME":null,"FEE_COMMISSION_INCOME_YOY":null,"ACCOUNTS_RECE_TDAYS":3.17036573301,"INVENTORY_TDAYS":2.03072594339,"CURRENT_ASSETS_TDAYS":0.621649563486,"TOTAL_ASSETS_TDAYS":0.499719920922,"PREMIUM_EXPENSE":null,"LOAN_DEPOSIT":null,"LOAN_EQUITY":null,"LOAN_ASSETS":null,"DEPOSIT_EQUITY":null,"DEPOSIT_ASSETS":null,"EQUITY_MULTIPLIER":2.818742548253,"EQUITY_RATIO":1.814762107329},{"SECUCODE":"06118.HK","SECURITY_CODE":"06118","SECURITY_NAME_ABBR":"奥星生命科技","ORG_CODE":"10424927","STD_REPORT_DATE":"2021-12-31 00:00:00","REPORT_DATE":"2021-12-31 00:00:00","DATE_TYPE_CODE":"001","REPORT_TYPE":"2021年年报","PER_NETCASH_OPERATE":-0.201823318025,"PER_OI":3.931132969944,"BPS":1.534552520377,"BASIC_EPS":0.54,"DILUTED_EPS":0.54,"OPERATE_INCOME":2015028000,"OPERATE_INCOME_YOY":55.4829549839,"GROSS_PROFIT":479008000,"GROSS_PROFIT_YOY":48.056748987729,"HOLDER_PROFIT":277300000,"HOLDER_PROFIT_YOY":737.7643504532,"GROSS_PROFIT_RATIO":23.771778853693,"EPS_TTM":0.540986612874,"OPERATE_INCOME_QOQ":23.366216248482,"NET_PROFIT_RATIO":13.5295390436,"ROE_AVG":42.514927369694,"GROSS_PROFIT_QOQ":16.834924034177,"ROA":16.199222986423,"HOLDER_PROFIT_QOQ":16.420642517675,"ROE_YEARLY":42.514927369694,"ROIC_YEARLY":18.380927318778,"TOTAL_ASSETS":2044777000,"TOTAL_LIABILITIES":1256357000,"TAX_EBT":14.598167436761,"OCF_SALES":-5.13397332444,"TOTAL_PARENT_EQUITY":786584000,"DEBT_ASSET_RATIO":61.4422501818,"OPERATE_PROFIT":311918000,"PRETAX_PROFIT":319225000,"NETCASH_OPERATE":-103451000,"NETCASH_INVEST":65022000,"NETCASH_FINANCE":59349000,"END_CASH":198447000,"DIVI_RATIO":null,"DIVIDEND_RATE":null,"CURRENT_RATIO":1.463868029812,"COMMON_ACS":10000000000,"CURRENTDEBT_DEBT":90.435759899455,"ISSUED_COMMON_SHARES":512582000,"HK_COMMON_SHARES":512582000,"PER_SHARES":1000,"TOTAL_MARKET_CAP":297297560,"HKSK_MARKET_CAP":297297560,"PE_TTM":-3.940205226385,"PB_TTM":0.347993111717,"REPORT_DATE_SQ":"2020-12-31 00:00:00","REPORT_TYPE_SQ":"2020年年报","OPERATE_INCOME_SQ":1295980000,"DPS_HKD":null,"OPERATE_INCOME_QOQ_SQ":18.982391068838,"NET_PROFIT_RATIO_SQ":2.4386950416,"HOLDER_PROFIT_SQ":33100000,"HOLDER_PROFIT_QOQ_SQ":98.156130268199,"ROE_AVG_SQ":6.538684914404,"PE_TTM_SQ":961.15892605455,"PB_TTM_SQ":1.011657605692,"ROA_SQ":2.592859218711,"START_DATE":"2021-01-01 00:00:00","FISCAL_YEAR":"12-31","CURRENCY":"HKD","IS_CNY_CODE":0,"DPS_HKD_LY":null,"ORG_TYPE":"一般企业","PREMIUM_INCOME":null,"PREMIUM_INCOME_YOY":null,"NET_INTEREST_INCOME":null,"NET_INTEREST_INCOME_YOY":null,"FEE_COMMISSION_INCOME":null,"FEE_COMMISSION_INCOME_YOY":null,"ACCOUNTS_RECE_TDAYS":7.000076426571,"INVENTORY_TDAYS":4.856972558146,"CURRENT_ASSETS_TDAYS":1.464131102944,"TOTAL_ASSETS_TDAYS":1.17713263238,"PREMIUM_EXPENSE":null,"LOAN_DEPOSIT":null,"LOAN_EQUITY":null,"LOAN_ASSETS":null,"DEPOSIT_EQUITY":null,"DEPOSIT_ASSETS":null,"EQUITY_MULTIPLIER":2.593512341138,"EQUITY_RATIO":1.597231827751},{"SECUCODE":"06118.HK","SECURITY_CODE":"06118","SECURITY_NAME_ABBR":"奥星生命科技","ORG_CODE":"10424927","STD_REPORT_DATE":"2021-06-30 00:00:00","REPORT_DATE":"2021-06-30 00:00:00","DATE_TYPE_CODE":"002","REPORT_TYPE":"2021年中报","PER_NETCASH_OPERATE":-0.041583590528,"PER_OI":1.668759339969,"BPS":1.427430147762,"BASIC_EPS":0.43,"DILUTED_EPS":0.43,"OPERATE_INCOME":855376000,"OPERATE_INCOME_YOY":65.1352838403,"GROSS_PROFIT":224315000,"GROSS_PROFIT_YOY":62.714532344877,"HOLDER_PROFIT":217870000,"HOLDER_PROFIT_YOY":1604.5063370365,"GROSS_PROFIT_RATIO":26.22414002731,"EPS_TTM":0.464682723935,"OPERATE_INCOME_QOQ":26.03365792682,"NET_PROFIT_RATIO":25.3744552103,"ROE_AVG":34.87108406545,"GROSS_PROFIT_QOQ":26.723024139956,"ROA":13.626289914688,"HOLDER_PROFIT_QOQ":619.601208459215,"ROE_YEARLY":69.742168130899,"ROIC_YEARLY":32.407917010029,"TOTAL_ASSETS":1818945000,"TOTAL_LIABILITIES":1081524000,"TAX_EBT":13.830572803354,"OCF_SALES":-2.49188660893,"TOTAL_PARENT_EQUITY":731675000,"DEBT_ASSET_RATIO":59.4588621426,"OPERATE_PROFIT":246361000,"PRETAX_PROFIT":251884000,"NETCASH_OPERATE":-21315000,"NETCASH_INVEST":156725000,"NETCASH_FINANCE":4382000,"END_CASH":317998000,"DIVI_RATIO":null,"DIVIDEND_RATE":null,"CURRENT_RATIO":1.495451889604,"COMMON_ACS":10000000000,"CURRENTDEBT_DEBT":94.157411208628,"ISSUED_COMMON_SHARES":512582000,"HK_COMMON_SHARES":512582000,"PER_SHARES":1000,"TOTAL_MARKET_CAP":297297560,"HKSK_MARKET_CAP":297297560,"PE_TTM":-3.940205226385,"PB_TTM":0.347993111717,"REPORT_DATE_SQ":"2020-06-30 00:00:00","REPORT_TYPE_SQ":"2020年中报","OPERATE_INCOME_SQ":517985000,"DPS_HKD":null,"OPERATE_INCOME_QOQ_SQ":3.832049120084,"NET_PROFIT_RATIO_SQ":2.4097222893,"HOLDER_PROFIT_SQ":12782000,"HOLDER_PROFIT_QOQ_SQ":106.451612903226,"ROE_AVG_SQ":2.541557305337,"PE_TTM_SQ":961.15892605455,"PB_TTM_SQ":1.011657605692,"ROA_SQ":1.047109267351,"START_DATE":"2021-01-01 00:00:00","FISCAL_YEAR":"12-31","CURRENCY":"HKD","IS_CNY_CODE":0,"DPS_HKD_LY":null,"ORG_TYPE":"一般企业","PREMIUM_INCOME":null,"PREMIUM_INCOME_YOY":null,"NET_INTEREST_INCOME":null,"NET_INTEREST_INCOME_YOY":null,"FEE_COMMISSION_INCOME":null,"FEE_COMMISSION_INCOME_YOY":null,"ACCOUNTS_RECE_TDAYS":3.041147661923,"INVENTORY_TDAYS":2.592914754354,"CURRENT_ASSETS_TDAYS":0.654920039171,"TOTAL_ASSETS_TDAYS":0.534979637493,"PREMIUM_EXPENSE":null,"LOAN_DEPOSIT":null,"LOAN_EQUITY":null,"LOAN_ASSETS":null,"DEPOSIT_EQUITY":null,"DEPOSIT_ASSETS":null,"EQUITY_MULTIPLIER":2.46663032379,"EQUITY_RATIO":1.478148084874},{"SECUCODE":"06118.HK","SECURITY_CODE":"06118","SECURITY_NAME_ABBR":"奥星生命科技","ORG_CODE":"10424927","STD_REPORT_DATE":"2020-12-31 00:00:00","REPORT_DATE":"2020-12-31 00:00:00","DATE_TYPE_CODE":"001","REPORT_TYPE":"2020年年报","PER_NETCASH_OPERATE":0.101884186335,"PER_OI":2.528336929506,"BPS":1.01037297447,"BASIC_EPS":0.06,"DILUTED_EPS":0.06,"OPERATE_INCOME":1295980000,"OPERATE_INCOME_YOY":23.5418547388,"GROSS_PROFIT":323530000,"GROSS_PROFIT_YOY":13.821224018801,"HOLDER_PROFIT":33100000,"HOLDER_PROFIT_YOY":309.0965270053,"GROSS_PROFIT_RATIO":24.964119816664,"EPS_TTM":0.064575033848,"OPERATE_INCOME_QOQ":18.982391068838,"NET_PROFIT_RATIO":2.4386950416,"ROE_AVG":6.538684914404,"GROSS_PROFIT_QOQ":9.628078450508,"ROA":2.592859218711,"HOLDER_PROFIT_QOQ":98.156130268199,"ROE_YEARLY":6.538684914404,"ROIC_YEARLY":3.05209914804,"TOTAL_ASSETS":1378844000,"TOTAL_LIABILITIES":854270000,"TAX_EBT":23.823182048254,"OCF_SALES":4.029691816232,"TOTAL_PARENT_EQUITY":517899000,"DEBT_ASSET_RATIO":61.955522162,"OPERATE_PROFIT":30730000,"PRETAX_PROFIT":41489000,"NETCASH_OPERATE":52224000,"NETCASH_INVEST":-59806000,"NETCASH_FINANCE":-5513000,"END_CASH":177949000,"DIVI_RATIO":null,"DIVIDEND_RATE":null,"CURRENT_RATIO":1.351997805591,"COMMON_ACS":10000000000,"CURRENTDEBT_DEBT":94.312570967025,"ISSUED_COMMON_SHARES":512582000,"HK_COMMON_SHARES":512582000,"PER_SHARES":1000,"TOTAL_MARKET_CAP":297297560,"HKSK_MARKET_CAP":297297560,"PE_TTM":-3.940205226385,"PB_TTM":0.347993111717,"REPORT_DATE_SQ":"2019-12-31 00:00:00","REPORT_TYPE_SQ":"2019年年报","OPERATE_INCOME_SQ":1049021000,"DPS_HKD":null,"OPERATE_INCOME_QOQ_SQ":8.60588654898,"NET_PROFIT_RATIO_SQ":0.7115205511,"HOLDER_PROFIT_SQ":8091000,"HOLDER_PROFIT_QOQ_SQ":1.124859392576,"ROE_AVG_SQ":1.65883991918,"PE_TTM_SQ":961.15892605455,"PB_TTM_SQ":1.011657605692,"ROA_SQ":0.720579669875,"START_DATE":"2020-01-01 00:00:00","FISCAL_YEAR":"12-31","CURRENCY":"HKD","IS_CNY_CODE":0,"DPS_HKD_LY":null,"ORG_TYPE":"一般企业","PREMIUM_INCOME":null,"PREMIUM_INCOME_YOY":null,"NET_INTEREST_INCOME":null,"NET_INTEREST_INCOME_YOY":null,"FEE_COMMISSION_INCOME":null,"FEE_COMMISSION_INCOME_YOY":null,"ACCOUNTS_RECE_TDAYS":4.885807565579,"INVENTORY_TDAYS":5.217608254171,"CURRENT_ASSETS_TDAYS":1.284767194312,"TOTAL_ASSETS_TDAYS":1.015194468358,"PREMIUM_EXPENSE":null,"LOAN_DEPOSIT":null,"LOAN_EQUITY":null,"LOAN_ASSETS":null,"DEPOSIT_EQUITY":null,"DEPOSIT_ASSETS":null,"EQUITY_MULTIPLIER":2.628502365726,"EQUITY_RATIO":1.64949150317},{"SECUCODE":"06118.HK","SECURITY_CODE":"06118","SECURITY_NAME_ABBR":"奥星生命科技","ORG_CODE":"10424927","STD_REPORT_DATE":"2020-06-30 00:00:00","REPORT_DATE":"2020-06-30 00:00:00","DATE_TYPE_CODE":"002","REPORT_TYPE":"2020年中报","PER_NETCASH_OPERATE":-0.017095801257,"PER_OI":1.010540752504,"BPS":0.997504789478,"BASIC_EPS":0.02,"DILUTED_EPS":0.02,"OPERATE_INCOME":517985000,"OPERATE_INCOME_YOY":8.4135993939,"GROSS_PROFIT":137858000,"GROSS_PROFIT_YOY":8.561573716788,"HOLDER_PROFIT":12782000,"HOLDER_PROFIT_YOY":206.5963060686,"GROSS_PROFIT_RATIO":26.614284197419,"EPS_TTM":0.032587956659,"OPERATE_INCOME_QOQ":3.832049120084,"NET_PROFIT_RATIO":2.4097222893,"ROE_AVG":2.541557305337,"GROSS_PROFIT_QOQ":3.824882847131,"ROA":1.047109267351,"HOLDER_PROFIT_QOQ":106.451612903226,"ROE_YEARLY":5.083114610674,"ROIC_YEARLY":2.43782074236,"TOTAL_ASSETS":1267066000,"TOTAL_LIABILITIES":747913000,"TAX_EBT":31.474059840791,"OCF_SALES":-1.691747830536,"TOTAL_PARENT_EQUITY":511303000,"DEBT_ASSET_RATIO":59.0271540709,"OPERATE_PROFIT":12066000,"PRETAX_PROFIT":18215000,"NETCASH_OPERATE":-8763000,"NETCASH_INVEST":-38696000,"NETCASH_FINANCE":-7156000,"END_CASH":136713000,"DIVI_RATIO":null,"DIVIDEND_RATE":null,"CURRENT_RATIO":1.411266110626,"COMMON_ACS":10000000000,"CURRENTDEBT_DEBT":94.725054919489,"ISSUED_COMMON_SHARES":512582000,"HK_COMMON_SHARES":512582000,"PER_SHARES":1000,"TOTAL_MARKET_CAP":297297560,"HKSK_MARKET_CAP":297297560,"PE_TTM":-3.940205226385,"PB_TTM":0.347993111717,"REPORT_DATE_SQ":"2019-06-30 00:00:00","REPORT_TYPE_SQ":"2019年中报","OPERATE_INCOME_SQ":477786000,"DPS_HKD":null,"OPERATE_INCOME_QOQ_SQ":18.28493053387,"NET_PROFIT_RATIO_SQ":0.8675432097,"HOLDER_PROFIT_SQ":4169000,"HOLDER_PROFIT_QOQ_SQ":7377.57009345794,"ROE_AVG_SQ":0.860985620983,"PE_TTM_SQ":961.15892605455,"PB_TTM_SQ":1.011657605692,"ROA_SQ":0.381710316754,"START_DATE":"2020-01-01 00:00:00","FISCAL_YEAR":"12-31","CURRENCY":"HKD","IS_CNY_CODE":0,"DPS_HKD_LY":null,"ORG_TYPE":"一般企业","PREMIUM_INCOME":null,"PREMIUM_INCOME_YOY":null,"NET_INTEREST_INCOME":null,"NET_INTEREST_INCOME_YOY":null,"FEE_COMMISSION_INCOME":null,"FEE_COMMISSION_INCOME_YOY":null,"ACCOUNTS_RECE_TDAYS":2.099642685594,"INVENTORY_TDAYS":1.968662119541,"CURRENT_ASSETS_TDAYS":0.537329116872,"TOTAL_ASSETS_TDAYS":0.424336484,"PREMIUM_EXPENSE":null,"LOAN_DEPOSIT":null,"LOAN_EQUITY":null,"LOAN_ASSETS":null,"DEPOSIT_EQUITY":null,"DEPOSIT_ASSETS":null,"EQUITY_MULTIPLIER":2.440640813017,"EQUITY_RATIO":1.462758872919}],"count":25},"success":true,"message":"ok","code":0}