{"version":"3b3e10ab0b22e5b8b397b2a8d063f063","result":{"pages":2,"data":[{"SECUCODE":"06117.HK","SECURITY_CODE":"06117","SECURITY_NAME_ABBR":"日照港裕廊","ORG_CODE":"10283659","STD_REPORT_DATE":"2024-06-30 00:00:00","REPORT_DATE":"2024-06-30 00:00:00","DATE_TYPE_CODE":"002","REPORT_TYPE":"2024年中报","PER_NETCASH_OPERATE":0.139154216867,"PER_OI":0.25556626506,"BPS":1.696106024096,"BASIC_EPS":0.0726,"DILUTED_EPS":0.0726,"OPERATE_INCOME":424240000,"OPERATE_INCOME_YOY":2.6688479521,"GROSS_PROFIT":176935000,"GROSS_PROFIT_YOY":3.170299362092,"HOLDER_PROFIT":120510000,"HOLDER_PROFIT_YOY":-2.2802095328,"GROSS_PROFIT_RATIO":41.706345464831,"EPS_TTM":0.12978313253,"OPERATE_INCOME_QOQ":1.335419371089,"NET_PROFIT_RATIO":28.4060908919,"ROE_AVG":4.342388172965,"GROSS_PROFIT_QOQ":1.693558435086,"ROA":3.568427280302,"HOLDER_PROFIT_QOQ":-1.288418891923,"ROE_YEARLY":8.68477634593,"ROIC_YEARLY":8.741627458039,"TOTAL_ASSETS":3453632000,"TOTAL_LIABILITIES":638096000,"TAX_EBT":23.415207651489,"OCF_SALES":54.449368282105,"TOTAL_PARENT_EQUITY":2815536000,"DEBT_ASSET_RATIO":18.476085466,"OPERATE_PROFIT":166612000,"PRETAX_PROFIT":157355000,"NETCASH_OPERATE":230996000,"NETCASH_INVEST":-193194000,"NETCASH_FINANCE":-15365000,"END_CASH":631184000,"DIVI_RATIO":0.183990758541,"DIVIDEND_RATE":3.764285714286,"CURRENT_RATIO":2.219228095749,"COMMON_ACS":null,"CURRENTDEBT_DEBT":46.444108723452,"ISSUED_COMMON_SHARES":1660000000,"HK_COMMON_SHARES":820000000,"PER_SHARES":2000,"TOTAL_MARKET_CAP":1162000000,"HKSK_MARKET_CAP":574000000,"PE_TTM":4.859491062516,"PB_TTM":0.376672207352,"REPORT_DATE_SQ":"2023-06-30 00:00:00","REPORT_TYPE_SQ":"2023年中报","OPERATE_INCOME_SQ":413212000,"DPS_HKD":0.02635,"OPERATE_INCOME_QOQ_SQ":-0.334497114542,"NET_PROFIT_RATIO_SQ":29.4016146675,"HOLDER_PROFIT_SQ":123322000,"HOLDER_PROFIT_QOQ_SQ":4.471339300456,"ROE_AVG_SQ":4.680165932841,"PE_TTM_SQ":4.225743167232,"PB_TTM_SQ":0.331040632834,"ROA_SQ":3.938635724095,"START_DATE":"2024-01-01 00:00:00","FISCAL_YEAR":"12-31","CURRENCY":"HKD","IS_CNY_CODE":0,"DPS_HKD_LY":0.02635,"ORG_TYPE":"一般企业","PREMIUM_INCOME":null,"PREMIUM_INCOME_YOY":null,"NET_INTEREST_INCOME":null,"NET_INTEREST_INCOME_YOY":null,"FEE_COMMISSION_INCOME":null,"FEE_COMMISSION_INCOME_YOY":null,"ACCOUNTS_RECE_TDAYS":13.683837048028,"INVENTORY_TDAYS":166.423283983849,"CURRENT_ASSETS_TDAYS":0.649626675977,"TOTAL_ASSETS_TDAYS":0.125621906016,"PREMIUM_EXPENSE":null,"LOAN_DEPOSIT":null,"LOAN_EQUITY":null,"LOAN_ASSETS":null,"DEPOSIT_EQUITY":null,"DEPOSIT_ASSETS":null,"EQUITY_MULTIPLIER":1.226633934001,"EQUITY_RATIO":0.226633934},{"SECUCODE":"06117.HK","SECURITY_CODE":"06117","SECURITY_NAME_ABBR":"日照港裕廊","ORG_CODE":"10283659","STD_REPORT_DATE":"2023-12-31 00:00:00","REPORT_DATE":"2023-12-31 00:00:00","DATE_TYPE_CODE":"001","REPORT_TYPE":"2023年年报","PER_NETCASH_OPERATE":0.196668674699,"PER_OI":0.497474698795,"BPS":1.647509638554,"BASIC_EPS":0.1315,"DILUTED_EPS":0.1315,"OPERATE_INCOME":825808000,"OPERATE_INCOME_YOY":-0.9216667267,"GROSS_PROFIT":321040000,"GROSS_PROFIT_YOY":7.998277625276,"HOLDER_PROFIT":218252000,"HOLDER_PROFIT_YOY":8.4481987578,"GROSS_PROFIT_RATIO":38.875864607754,"EPS_TTM":0.131477108434,"OPERATE_INCOME_QOQ":-0.589140269314,"NET_PROFIT_RATIO":26.4289035708,"ROE_AVG":8.249392829463,"GROSS_PROFIT_QOQ":1.736917660406,"ROA":7.034884002031,"HOLDER_PROFIT_QOQ":4.521814089364,"ROE_YEARLY":8.249392829463,"ROIC_YEARLY":9.20225700941,"TOTAL_ASSETS":3300604000,"TOTAL_LIABILITIES":565738000,"TAX_EBT":25.215186403509,"OCF_SALES":39.53340243737,"TOTAL_PARENT_EQUITY":2734866000,"DEBT_ASSET_RATIO":17.1404385379,"OPERATE_PROFIT":312498000,"PRETAX_PROFIT":291840000,"NETCASH_OPERATE":326470000,"NETCASH_INVEST":-491332000,"NETCASH_FINANCE":-79049000,"END_CASH":608747000,"DIVI_RATIO":0.181620186848,"DIVIDEND_RATE":4.25,"CURRENT_RATIO":2.810873843646,"COMMON_ACS":null,"CURRENTDEBT_DEBT":40.775411939803,"ISSUED_COMMON_SHARES":1660000000,"HK_COMMON_SHARES":820000000,"PER_SHARES":2000,"TOTAL_MARKET_CAP":1029200000,"HKSK_MARKET_CAP":508400000,"PE_TTM":4.304120655372,"PB_TTM":0.333623955084,"REPORT_DATE_SQ":"2022-12-31 00:00:00","REPORT_TYPE_SQ":"2022年年报","OPERATE_INCOME_SQ":833490000,"DPS_HKD":0.02635,"OPERATE_INCOME_QOQ_SQ":0.326078713885,"NET_PROFIT_RATIO_SQ":23.9802517127,"HOLDER_PROFIT_SQ":201250000,"HOLDER_PROFIT_QOQ_SQ":4.054455058958,"ROE_AVG_SQ":8.080222913296,"PE_TTM_SQ":3.929199787075,"PB_TTM_SQ":0.307809711231,"ROA_SQ":7.091655800669,"START_DATE":"2023-01-01 00:00:00","FISCAL_YEAR":"12-31","CURRENCY":"HKD","IS_CNY_CODE":0,"DPS_HKD_LY":0.0271,"ORG_TYPE":"一般企业","PREMIUM_INCOME":null,"PREMIUM_INCOME_YOY":null,"NET_INTEREST_INCOME":null,"NET_INTEREST_INCOME_YOY":null,"FEE_COMMISSION_INCOME":null,"FEE_COMMISSION_INCOME_YOY":null,"ACCOUNTS_RECE_TDAYS":37.349132764976,"INVENTORY_TDAYS":235.872897196262,"CURRENT_ASSETS_TDAYS":1.08938029399,"TOTAL_ASSETS_TDAYS":0.26618145483,"PREMIUM_EXPENSE":null,"LOAN_DEPOSIT":null,"LOAN_EQUITY":null,"LOAN_ASSETS":null,"DEPOSIT_EQUITY":null,"DEPOSIT_ASSETS":null,"EQUITY_MULTIPLIER":1.20686132337,"EQUITY_RATIO":0.20686132337},{"SECUCODE":"06117.HK","SECURITY_CODE":"06117","SECURITY_NAME_ABBR":"日照港裕廊","ORG_CODE":"10283659","STD_REPORT_DATE":"2023-06-30 00:00:00","REPORT_DATE":"2023-06-30 00:00:00","DATE_TYPE_CODE":"002","REPORT_TYPE":"2023年中报","PER_NETCASH_OPERATE":0.097890361446,"PER_OI":0.248922891566,"BPS":1.587504819277,"BASIC_EPS":0.0743,"DILUTED_EPS":0.0743,"OPERATE_INCOME":413212000,"OPERATE_INCOME_YOY":-0.6701923077,"GROSS_PROFIT":171498000,"GROSS_PROFIT_YOY":11.941672160467,"HOLDER_PROFIT":123322000,"HOLDER_PROFIT_YOY":7.9401887094,"GROSS_PROFIT_RATIO":41.503634937998,"EPS_TTM":0.125789156627,"OPERATE_INCOME_QOQ":-0.334497114542,"NET_PROFIT_RATIO":29.4016146675,"ROE_AVG":4.680165932841,"GROSS_PROFIT_QOQ":6.15446202702,"ROA":3.938635724095,"HOLDER_PROFIT_QOQ":4.471339300456,"ROE_YEARLY":9.360331865681,"ROIC_YEARLY":10.523783238183,"TOTAL_ASSETS":3264946000,"TOTAL_LIABILITIES":629688000,"TAX_EBT":23.382973303761,"OCF_SALES":39.325576217535,"TOTAL_PARENT_EQUITY":2635258000,"DEBT_ASSET_RATIO":19.2863220402,"OPERATE_PROFIT":172425000,"PRETAX_PROFIT":160959000,"NETCASH_OPERATE":162498000,"NETCASH_INVEST":-297781000,"NETCASH_FINANCE":-18610000,"END_CASH":698765000,"DIVI_RATIO":0.189832714046,"DIVIDEND_RATE":4.25,"CURRENT_RATIO":2.949709487424,"COMMON_ACS":null,"CURRENTDEBT_DEBT":39.905476998132,"ISSUED_COMMON_SHARES":1660000000,"HK_COMMON_SHARES":820000000,"PER_SHARES":2000,"TOTAL_MARKET_CAP":1029200000,"HKSK_MARKET_CAP":508400000,"PE_TTM":4.304120655372,"PB_TTM":0.333623955084,"REPORT_DATE_SQ":"2022-06-30 00:00:00","REPORT_TYPE_SQ":"2022年中报","OPERATE_INCOME_SQ":416000000,"DPS_HKD":0.02635,"OPERATE_INCOME_QOQ_SQ":9.540875054884,"NET_PROFIT_RATIO_SQ":27.05625,"HOLDER_PROFIT_SQ":112554000,"HOLDER_PROFIT_QOQ_SQ":14.135214146504,"ROE_AVG_SQ":4.594256465099,"PE_TTM_SQ":3.929199787075,"PB_TTM_SQ":0.307809711231,"ROA_SQ":4.032111013631,"START_DATE":"2023-01-01 00:00:00","FISCAL_YEAR":"12-31","CURRENCY":"HKD","IS_CNY_CODE":0,"DPS_HKD_LY":0.0271,"ORG_TYPE":"一般企业","PREMIUM_INCOME":null,"PREMIUM_INCOME_YOY":null,"NET_INTEREST_INCOME":null,"NET_INTEREST_INCOME_YOY":null,"FEE_COMMISSION_INCOME":null,"FEE_COMMISSION_INCOME_YOY":null,"ACCOUNTS_RECE_TDAYS":21.626776227985,"INVENTORY_TDAYS":111.465990315887,"CURRENT_ASSETS_TDAYS":0.513660651965,"TOTAL_ASSETS_TDAYS":0.133959844336,"PREMIUM_EXPENSE":null,"LOAN_DEPOSIT":null,"LOAN_EQUITY":null,"LOAN_ASSETS":null,"DEPOSIT_EQUITY":null,"DEPOSIT_ASSETS":null,"EQUITY_MULTIPLIER":1.238947382001,"EQUITY_RATIO":0.238947382002},{"SECUCODE":"06117.HK","SECURITY_CODE":"06117","SECURITY_NAME_ABBR":"日照港裕廊","ORG_CODE":"10283659","STD_REPORT_DATE":"2022-12-31 00:00:00","REPORT_DATE":"2022-12-31 00:00:00","DATE_TYPE_CODE":"001","REPORT_TYPE":"2022年年报","PER_NETCASH_OPERATE":0.204687349398,"PER_OI":0.502102409639,"BPS":1.53831746988,"BASIC_EPS":0.1212,"DILUTED_EPS":0.1212,"OPERATE_INCOME":833490000,"OPERATE_INCOME_YOY":9.8980645314,"GROSS_PROFIT":297264000,"GROSS_PROFIT_YOY":15.06696601378,"HOLDER_PROFIT":201250000,"HOLDER_PROFIT_YOY":18.7627751105,"GROSS_PROFIT_RATIO":35.664974984703,"EPS_TTM":0.120405421687,"OPERATE_INCOME_QOQ":0.326078713885,"NET_PROFIT_RATIO":23.9802517127,"ROE_AVG":8.080222913296,"GROSS_PROFIT_QOQ":6.989533695167,"ROA":7.091655800669,"HOLDER_PROFIT_QOQ":4.054455058958,"ROE_YEARLY":8.080222913296,"ROIC_YEARLY":9.537010771502,"TOTAL_ASSETS":2904297000,"TOTAL_LIABILITIES":347816000,"TAX_EBT":25.303056172102,"OCF_SALES":40.766055981476,"TOTAL_PARENT_EQUITY":2556481000,"DEBT_ASSET_RATIO":12.0733229899,"OPERATE_PROFIT":291122000,"PRETAX_PROFIT":269422000,"NETCASH_OPERATE":339781000,"NETCASH_INVEST":-3974000,"NETCASH_FINANCE":-75818000,"END_CASH":852658000,"DIVI_RATIO":0.198320778795,"DIVIDEND_RATE":4.25,"CURRENT_RATIO":7.656768705382,"COMMON_ACS":null,"CURRENTDEBT_DEBT":32.581307357913,"ISSUED_COMMON_SHARES":1660000000,"HK_COMMON_SHARES":820000000,"PER_SHARES":2000,"TOTAL_MARKET_CAP":1029200000,"HKSK_MARKET_CAP":508400000,"PE_TTM":4.304120655372,"PB_TTM":0.333623955084,"REPORT_DATE_SQ":"2021-12-31 00:00:00","REPORT_TYPE_SQ":"2021年年报","OPERATE_INCOME_SQ":758421000,"DPS_HKD":0.02635,"OPERATE_INCOME_QOQ_SQ":13.972860062515,"NET_PROFIT_RATIO_SQ":22.1903138231,"HOLDER_PROFIT_SQ":168296000,"HOLDER_PROFIT_QOQ_SQ":13.321482439129,"ROE_AVG_SQ":7.287244637275,"PE_TTM_SQ":3.929199787075,"PB_TTM_SQ":0.307809711231,"ROA_SQ":6.429440277752,"START_DATE":"2022-01-01 00:00:00","FISCAL_YEAR":"12-31","CURRENCY":"HKD","IS_CNY_CODE":0,"DPS_HKD_LY":0.0279,"ORG_TYPE":"一般企业","PREMIUM_INCOME":null,"PREMIUM_INCOME_YOY":null,"NET_INTEREST_INCOME":null,"NET_INTEREST_INCOME_YOY":null,"FEE_COMMISSION_INCOME":null,"FEE_COMMISSION_INCOME_YOY":null,"ACCOUNTS_RECE_TDAYS":39.137416946447,"INVENTORY_TDAYS":178.177770393753,"CURRENT_ASSETS_TDAYS":1.109524050404,"TOTAL_ASSETS_TDAYS":0.295728997578,"PREMIUM_EXPENSE":null,"LOAN_DEPOSIT":null,"LOAN_EQUITY":null,"LOAN_ASSETS":null,"DEPOSIT_EQUITY":null,"DEPOSIT_ASSETS":null,"EQUITY_MULTIPLIER":1.13731126207,"EQUITY_RATIO":0.13605264424},{"SECUCODE":"06117.HK","SECURITY_CODE":"06117","SECURITY_NAME_ABBR":"日照港裕廊","ORG_CODE":"10283659","STD_REPORT_DATE":"2022-06-30 00:00:00","REPORT_DATE":"2022-06-30 00:00:00","DATE_TYPE_CODE":"002","REPORT_TYPE":"2022年中报","PER_NETCASH_OPERATE":0.129195783133,"PER_OI":0.250602409639,"BPS":1.509736144578,"BASIC_EPS":0.0678,"DILUTED_EPS":0.0678,"OPERATE_INCOME":416000000,"OPERATE_INCOME_YOY":21.0569200326,"GROSS_PROFIT":153203000,"GROSS_PROFIT_YOY":14.587992430759,"HOLDER_PROFIT":112554000,"HOLDER_PROFIT_YOY":26.7999774686,"GROSS_PROFIT_RATIO":36.827644230769,"EPS_TTM":0.115713855422,"OPERATE_INCOME_QOQ":9.540875054884,"NET_PROFIT_RATIO":27.05625,"ROE_AVG":4.594256465099,"GROSS_PROFIT_QOQ":7.549740651854,"ROA":4.032111013631,"HOLDER_PROFIT_QOQ":14.135214146504,"ROE_YEARLY":9.188512930199,"ROIC_YEARLY":10.754968621308,"TOTAL_ASSETS":2850278000,"TOTAL_LIABILITIES":344116000,"TAX_EBT":24.689367225817,"OCF_SALES":51.554086538462,"TOTAL_PARENT_EQUITY":2506162000,"DEBT_ASSET_RATIO":12.0730679604,"OPERATE_PROFIT":160367000,"PRETAX_PROFIT":149453000,"NETCASH_OPERATE":214465000,"NETCASH_INVEST":2521000,"NETCASH_FINANCE":-5563000,"END_CASH":804092000,"DIVI_RATIO":0.206361605643,"DIVIDEND_RATE":4.25,"CURRENT_RATIO":8.45049407422,"COMMON_ACS":null,"CURRENTDEBT_DEBT":28.02630508317,"ISSUED_COMMON_SHARES":1660000000,"HK_COMMON_SHARES":820000000,"PER_SHARES":2000,"TOTAL_MARKET_CAP":1029200000,"HKSK_MARKET_CAP":508400000,"PE_TTM":4.304120655372,"PB_TTM":0.333623955084,"REPORT_DATE_SQ":"2021-06-30 00:00:00","REPORT_TYPE_SQ":"2021年中报","OPERATE_INCOME_SQ":343640000,"DPS_HKD":0.02635,"OPERATE_INCOME_QOQ_SQ":8.145706772758,"NET_PROFIT_RATIO_SQ":25.8308113142,"HOLDER_PROFIT_SQ":88765000,"HOLDER_PROFIT_QOQ_SQ":-1.731633240477,"ROE_AVG_SQ":3.910878754828,"PE_TTM_SQ":3.929199787075,"PB_TTM_SQ":0.307809711231,"ROA_SQ":3.464754471413,"START_DATE":"2022-01-01 00:00:00","FISCAL_YEAR":"12-31","CURRENCY":"HKD","IS_CNY_CODE":0,"DPS_HKD_LY":0.0279,"ORG_TYPE":"一般企业","PREMIUM_INCOME":null,"PREMIUM_INCOME_YOY":null,"NET_INTEREST_INCOME":null,"NET_INTEREST_INCOME_YOY":null,"FEE_COMMISSION_INCOME":null,"FEE_COMMISSION_INCOME_YOY":null,"ACCOUNTS_RECE_TDAYS":20.030816640986,"INVENTORY_TDAYS":88.528549772612,"CURRENT_ASSETS_TDAYS":0.573899571714,"TOTAL_ASSETS_TDAYS":0.149026972091,"PREMIUM_EXPENSE":null,"LOAN_DEPOSIT":null,"LOAN_EQUITY":null,"LOAN_ASSETS":null,"DEPOSIT_EQUITY":null,"DEPOSIT_ASSETS":null,"EQUITY_MULTIPLIER":1.137307963332,"EQUITY_RATIO":0.137307963332},{"SECUCODE":"06117.HK","SECURITY_CODE":"06117","SECURITY_NAME_ABBR":"日照港裕廊","ORG_CODE":"10283659","STD_REPORT_DATE":"2021-12-31 00:00:00","REPORT_DATE":"2021-12-31 00:00:00","DATE_TYPE_CODE":"001","REPORT_TYPE":"2021年年报","PER_NETCASH_OPERATE":0.21878313253,"PER_OI":0.456880120482,"BPS":1.44193253012,"BASIC_EPS":0.1014,"DILUTED_EPS":0.1014,"OPERATE_INCOME":758421000,"OPERATE_INCOME_YOY":23.2567550437,"GROSS_PROFIT":258340000,"GROSS_PROFIT_YOY":9.393327320384,"HOLDER_PROFIT":168296000,"HOLDER_PROFIT_YOY":11.3591699806,"GROSS_PROFIT_RATIO":34.062875368694,"EPS_TTM":0.10138313253,"OPERATE_INCOME_QOQ":13.972860062515,"NET_PROFIT_RATIO":22.1903138231,"ROE_AVG":7.287244637275,"GROSS_PROFIT_QOQ":12.712311793476,"ROA":6.429440277752,"HOLDER_PROFIT_QOQ":13.321482439129,"ROE_YEARLY":7.287244637275,"ROIC_YEARLY":7.71607294361,"TOTAL_ASSETS":2732604000,"TOTAL_LIABILITIES":338996000,"TAX_EBT":25.555472001911,"OCF_SALES":47.886332261369,"TOTAL_PARENT_EQUITY":2393608000,"DEBT_ASSET_RATIO":12.4056028609,"OPERATE_PROFIT":247823000,"PRETAX_PROFIT":226069000,"NETCASH_OPERATE":363180000,"NETCASH_INVEST":-4604000,"NETCASH_FINANCE":-46187000,"END_CASH":592669000,"DIVI_RATIO":0.235531260517,"DIVIDEND_RATE":4.25,"CURRENT_RATIO":7.506652317372,"COMMON_ACS":null,"CURRENTDEBT_DEBT":24.943362163565,"ISSUED_COMMON_SHARES":1660000000,"HK_COMMON_SHARES":820000000,"PER_SHARES":2000,"TOTAL_MARKET_CAP":1029200000,"HKSK_MARKET_CAP":508400000,"PE_TTM":4.304120655372,"PB_TTM":0.333623955084,"REPORT_DATE_SQ":"2020-12-31 00:00:00","REPORT_TYPE_SQ":"2020年年报","OPERATE_INCOME_SQ":615318000,"DPS_HKD":0.02635,"OPERATE_INCOME_QOQ_SQ":7.993344729665,"NET_PROFIT_RATIO_SQ":24.5611212414,"HOLDER_PROFIT_SQ":151129000,"HOLDER_PROFIT_QOQ_SQ":-0.512810385233,"ROE_AVG_SQ":6.965587107979,"PE_TTM_SQ":3.929199787075,"PB_TTM_SQ":0.307809711231,"ROA_SQ":6.028514066958,"START_DATE":"2021-01-01 00:00:00","FISCAL_YEAR":"12-31","CURRENCY":"HKD","IS_CNY_CODE":0,"DPS_HKD_LY":null,"ORG_TYPE":"一般企业","PREMIUM_INCOME":null,"PREMIUM_INCOME_YOY":null,"NET_INTEREST_INCOME":null,"NET_INTEREST_INCOME_YOY":null,"FEE_COMMISSION_INCOME":null,"FEE_COMMISSION_INCOME_YOY":null,"ACCOUNTS_RECE_TDAYS":16.09398508207,"INVENTORY_TDAYS":137.725419994492,"CURRENT_ASSETS_TDAYS":1.548692408064,"TOTAL_ASSETS_TDAYS":0.289740844993,"PREMIUM_EXPENSE":null,"LOAN_DEPOSIT":null,"LOAN_EQUITY":null,"LOAN_ASSETS":null,"DEPOSIT_EQUITY":null,"DEPOSIT_ASSETS":null,"EQUITY_MULTIPLIER":1.141625529327,"EQUITY_RATIO":0.141625529326},{"SECUCODE":"06117.HK","SECURITY_CODE":"06117","SECURITY_NAME_ABBR":"日照港裕廊","ORG_CODE":"10283659","STD_REPORT_DATE":"2021-06-30 00:00:00","REPORT_DATE":"2021-06-30 00:00:00","DATE_TYPE_CODE":"002","REPORT_TYPE":"2021年中报","PER_NETCASH_OPERATE":0.135868674699,"PER_OI":0.207012048193,"BPS":1.394022289157,"BASIC_EPS":0.0535,"DILUTED_EPS":0.0535,"OPERATE_INCOME":343640000,"OPERATE_INCOME_YOY":17.0762951506,"GROSS_PROFIT":133699000,"GROSS_PROFIT_YOY":-4.944082244957,"HOLDER_PROFIT":88765000,"HOLDER_PROFIT_YOY":-2.8638024994,"GROSS_PROFIT_RATIO":38.906704690956,"EPS_TTM":0.089465060241,"OPERATE_INCOME_QOQ":8.145706772758,"NET_PROFIT_RATIO":25.8308113142,"ROE_AVG":3.910878754828,"GROSS_PROFIT_QOQ":-2.944651227785,"ROA":3.464754471413,"HOLDER_PROFIT_QOQ":-1.731633240477,"ROE_YEARLY":7.821757509656,"ROIC_YEARLY":8.141029241992,"TOTAL_ASSETS":2621320000,"TOTAL_LIABILITIES":307243000,"TAX_EBT":25.130735492578,"OCF_SALES":65.633220812478,"TOTAL_PARENT_EQUITY":2314077000,"DEBT_ASSET_RATIO":11.7209268613,"OPERATE_PROFIT":128694000,"PRETAX_PROFIT":118560000,"NETCASH_OPERATE":225542000,"NETCASH_INVEST":542000,"NETCASH_FINANCE":-24125000,"END_CASH":482239000,"DIVI_RATIO":0.266907516026,"DIVIDEND_RATE":4.25,"CURRENT_RATIO":6.577473751193,"COMMON_ACS":null,"CURRENTDEBT_DEBT":25.574219754396,"ISSUED_COMMON_SHARES":1660000000,"HK_COMMON_SHARES":820000000,"PER_SHARES":2000,"TOTAL_MARKET_CAP":1029200000,"HKSK_MARKET_CAP":508400000,"PE_TTM":4.304120655372,"PB_TTM":0.333623955084,"REPORT_DATE_SQ":"2020-06-30 00:00:00","REPORT_TYPE_SQ":"2020年中报","OPERATE_INCOME_SQ":293518000,"DPS_HKD":0.02635,"OPERATE_INCOME_QOQ_SQ":4.97270548267,"NET_PROFIT_RATIO_SQ":31.1333546835,"HOLDER_PROFIT_SQ":91382000,"HOLDER_PROFIT_QOQ_SQ":7.636167815717,"ROE_AVG_SQ":4.270819555981,"PE_TTM_SQ":3.929199787075,"PB_TTM_SQ":0.307809711231,"ROA_SQ":3.585017246977,"START_DATE":"2021-01-01 00:00:00","FISCAL_YEAR":"12-31","CURRENCY":"HKD","IS_CNY_CODE":0,"DPS_HKD_LY":null,"ORG_TYPE":"一般企业","PREMIUM_INCOME":null,"PREMIUM_INCOME_YOY":null,"NET_INTEREST_INCOME":null,"NET_INTEREST_INCOME_YOY":null,"FEE_COMMISSION_INCOME":null,"FEE_COMMISSION_INCOME_YOY":null,"ACCOUNTS_RECE_TDAYS":8.240470966272,"INVENTORY_TDAYS":54.679255111343,"CURRENT_ASSETS_TDAYS":0.797753734973,"TOTAL_ASSETS_TDAYS":0.134132622831,"PREMIUM_EXPENSE":null,"LOAN_DEPOSIT":null,"LOAN_EQUITY":null,"LOAN_ASSETS":null,"DEPOSIT_EQUITY":null,"DEPOSIT_ASSETS":null,"EQUITY_MULTIPLIER":1.132771294992,"EQUITY_RATIO":0.132771294991},{"SECUCODE":"06117.HK","SECURITY_CODE":"06117","SECURITY_NAME_ABBR":"日照港裕廊","ORG_CODE":"10283659","STD_REPORT_DATE":"2020-12-31 00:00:00","REPORT_DATE":"2020-12-31 00:00:00","DATE_TYPE_CODE":"001","REPORT_TYPE":"2020年年报","PER_NETCASH_OPERATE":0.181014457831,"PER_OI":0.370673493976,"BPS":1.34054939759,"BASIC_EPS":0.091,"DILUTED_EPS":0.091,"OPERATE_INCOME":615318000,"OPERATE_INCOME_YOY":13.363535704,"GROSS_PROFIT":236157000,"GROSS_PROFIT_YOY":-1.422578423392,"HOLDER_PROFIT":151129000,"HOLDER_PROFIT_YOY":7.0841983689,"GROSS_PROFIT_RATIO":38.379667098964,"EPS_TTM":0.091041566265,"OPERATE_INCOME_QOQ":7.993344729665,"NET_PROFIT_RATIO":24.5611212414,"ROE_AVG":6.965587107979,"GROSS_PROFIT_QOQ":-2.703537835934,"ROA":6.028514066958,"HOLDER_PROFIT_QOQ":-0.512810385233,"ROE_YEARLY":6.965587107979,"ROIC_YEARLY":6.664389773029,"TOTAL_ASSETS":2502564000,"TOTAL_LIABILITIES":277252000,"TAX_EBT":25.123984958308,"OCF_SALES":48.833936273602,"TOTAL_PARENT_EQUITY":2225312000,"DEBT_ASSET_RATIO":11.0787176672,"OPERATE_PROFIT":225977000,"PRETAX_PROFIT":201839000,"NETCASH_OPERATE":300484000,"NETCASH_INVEST":-39882000,"NETCASH_FINANCE":-178429000,"END_CASH":280280000,"DIVI_RATIO":0.262285656757,"DIVIDEND_RATE":4.25,"CURRENT_RATIO":7.365571178255,"COMMON_ACS":null,"CURRENTDEBT_DEBT":16.87922900466,"ISSUED_COMMON_SHARES":1660000000,"HK_COMMON_SHARES":820000000,"PER_SHARES":2000,"TOTAL_MARKET_CAP":1029200000,"HKSK_MARKET_CAP":508400000,"PE_TTM":4.304120655372,"PB_TTM":0.333623955084,"REPORT_DATE_SQ":"2019-12-31 00:00:00","REPORT_TYPE_SQ":"2019年年报","OPERATE_INCOME_SQ":542783000,"DPS_HKD":0.02635,"OPERATE_INCOME_QOQ_SQ":1.74249794278,"NET_PROFIT_RATIO_SQ":26.0013670288,"HOLDER_PROFIT_SQ":141131000,"HOLDER_PROFIT_QOQ_SQ":-0.058068308159,"ROE_AVG_SQ":8.015145354054,"PE_TTM_SQ":3.929199787075,"PB_TTM_SQ":0.307809711231,"ROA_SQ":6.674769851423,"START_DATE":"2020-01-01 00:00:00","FISCAL_YEAR":"12-31","CURRENCY":"HKD","IS_CNY_CODE":0,"DPS_HKD_LY":0.0262,"ORG_TYPE":"一般企业","PREMIUM_INCOME":null,"PREMIUM_INCOME_YOY":null,"NET_INTEREST_INCOME":null,"NET_INTEREST_INCOME_YOY":null,"FEE_COMMISSION_INCOME":null,"FEE_COMMISSION_INCOME_YOY":null,"ACCOUNTS_RECE_TDAYS":9.184673254321,"INVENTORY_TDAYS":94.683730802847,"CURRENT_ASSETS_TDAYS":1.973415949468,"TOTAL_ASSETS_TDAYS":0.245449464937,"PREMIUM_EXPENSE":null,"LOAN_DEPOSIT":null,"LOAN_EQUITY":null,"LOAN_ASSETS":null,"DEPOSIT_EQUITY":null,"DEPOSIT_ASSETS":null,"EQUITY_MULTIPLIER":1.124590169828,"EQUITY_RATIO":0.124590169828},{"SECUCODE":"06117.HK","SECURITY_CODE":"06117","SECURITY_NAME_ABBR":"日照港裕廊","ORG_CODE":"10283659","STD_REPORT_DATE":"2020-06-30 00:00:00","REPORT_DATE":"2020-06-30 00:00:00","DATE_TYPE_CODE":"002","REPORT_TYPE":"2020年中报","PER_NETCASH_OPERATE":0.075498192771,"PER_OI":0.176818072289,"BPS":1.304442168675,"BASIC_EPS":0.055,"DILUTED_EPS":null,"OPERATE_INCOME":293518000,"OPERATE_INCOME_YOY":10.1269289791,"GROSS_PROFIT":140653000,"GROSS_PROFIT_YOY":2.293834864254,"HOLDER_PROFIT":91382000,"HOLDER_PROFIT_YOY":13.3701383289,"GROSS_PROFIT_RATIO":47.919718722532,"EPS_TTM":0.091510843373,"OPERATE_INCOME_QOQ":4.97270548267,"NET_PROFIT_RATIO":31.1333546835,"ROE_AVG":4.270819555981,"GROSS_PROFIT_QOQ":1.316552918832,"ROA":3.585017246977,"HOLDER_PROFIT_QOQ":7.636167815717,"ROE_YEARLY":8.541639111962,"ROIC_YEARLY":7.916225676796,"TOTAL_ASSETS":2586753000,"TOTAL_LIABILITIES":421379000,"TAX_EBT":24.114564735387,"OCF_SALES":42.698233157762,"TOTAL_PARENT_EQUITY":2165374000,"DEBT_ASSET_RATIO":16.2898815619,"OPERATE_PROFIT":133203000,"PRETAX_PROFIT":120421000,"NETCASH_OPERATE":125327000,"NETCASH_INVEST":-19337000,"NETCASH_FINANCE":-21662000,"END_CASH":282435000,"DIVI_RATIO":0.26094062867,"DIVIDEND_RATE":4.25,"CURRENT_RATIO":2.431997522453,"COMMON_ACS":null,"CURRENTDEBT_DEBT":38.314676336505,"ISSUED_COMMON_SHARES":1660000000,"HK_COMMON_SHARES":820000000,"PER_SHARES":2000,"TOTAL_MARKET_CAP":1029200000,"HKSK_MARKET_CAP":508400000,"PE_TTM":4.304120655372,"PB_TTM":0.333623955084,"REPORT_DATE_SQ":"2019-06-30 00:00:00","REPORT_TYPE_SQ":"2019年中报","OPERATE_INCOME_SQ":266527000,"DPS_HKD":0.02635,"OPERATE_INCOME_QOQ_SQ":0.26801438181,"NET_PROFIT_RATIO_SQ":30.2427146218,"HOLDER_PROFIT_SQ":80605000,"HOLDER_PROFIT_QOQ_SQ":-5.322757991847,"ROE_AVG_SQ":4.761554545216,"PE_TTM_SQ":3.929199787075,"PB_TTM_SQ":0.307809711231,"ROA_SQ":3.868962620748,"START_DATE":"2020-01-01 00:00:00","FISCAL_YEAR":"12-31","CURRENCY":"HKD","IS_CNY_CODE":0,"DPS_HKD_LY":0.0262,"ORG_TYPE":"一般企业","PREMIUM_INCOME":null,"PREMIUM_INCOME_YOY":null,"NET_INTEREST_INCOME":null,"NET_INTEREST_INCOME_YOY":null,"FEE_COMMISSION_INCOME":null,"FEE_COMMISSION_INCOME_YOY":null,"ACCOUNTS_RECE_TDAYS":3.243543699513,"INVENTORY_TDAYS":36.843817787419,"CURRENT_ASSETS_TDAYS":0.874139129995,"TOTAL_ASSETS_TDAYS":0.115150367939,"PREMIUM_EXPENSE":null,"LOAN_DEPOSIT":null,"LOAN_EQUITY":null,"LOAN_ASSETS":null,"DEPOSIT_EQUITY":null,"DEPOSIT_ASSETS":null,"EQUITY_MULTIPLIER":1.194598715972,"EQUITY_RATIO":0.194598715972}],"count":17},"success":true,"message":"ok","code":0}