{"version":"0cd70993c0961582bcd32e4a9bff3b20","result":{"pages":3,"data":[{"SECUCODE":"06113.HK","SECURITY_CODE":"06113","SECURITY_NAME_ABBR":"UTS MARKETING","ORG_CODE":"10575618","STD_REPORT_DATE":"2024-06-30 00:00:00","REPORT_DATE":"2024-06-30 00:00:00","DATE_TYPE_CODE":"002","REPORT_TYPE":"2024年中报","PER_NETCASH_OPERATE":0.024823390895,"PER_OI":0.175397747857,"BPS":0.173941100109,"BASIC_EPS":0.026264943847,"DILUTED_EPS":null,"OPERATE_INCOME":70159099.1426156,"OPERATE_INCOME_YOY":0.4820996195,"GROSS_PROFIT":70159099.1426156,"GROSS_PROFIT_YOY":-2.219244110451,"HOLDER_PROFIT":10487863.7845671,"HOLDER_PROFIT_YOY":218.7155963303,"GROSS_PROFIT_RATIO":null,"EPS_TTM":0.057479765259,"OPERATE_INCOME_QOQ":-1.093775542127,"NET_PROFIT_RATIO":14.9486865036,"ROE_AVG":14.620289123161,"GROSS_PROFIT_QOQ":-1.093775542127,"ROA":9.711506205971,"HOLDER_PROFIT_QOQ":44.734104701785,"ROE_YEARLY":29.240578246323,"ROIC_YEARLY":24.580551010481,"TOTAL_ASSETS":104314092.500906,"TOTAL_LIABILITIES":34737652.4574327,"TAX_EBT":26.328067013042,"OCF_SALES":14.15262806859,"TOTAL_PARENT_EQUITY":69576440.043473,"DEBT_ASSET_RATIO":33.3010158308,"OPERATE_PROFIT":14484965.5838667,"PRETAX_PROFIT":14235901.4611762,"NETCASH_OPERATE":9929356.35792779,"NETCASH_INVEST":10317292.5975124,"NETCASH_FINANCE":-20959123.2942881,"END_CASH":22104818.2586644,"DIVI_RATIO":1.265767173398,"DIVIDEND_RATE":6.666666666667,"CURRENT_RATIO":2.881304126337,"COMMON_ACS":10000000000,"CURRENTDEBT_DEBT":85.299613262069,"ISSUED_COMMON_SHARES":400000000,"HK_COMMON_SHARES":400000000,"PER_SHARES":2000,"TOTAL_MARKET_CAP":480000000,"HKSK_MARKET_CAP":480000000,"PE_TTM":18.932604592532,"PB_TTM":6.296476200711,"REPORT_DATE_SQ":"2023-06-30 00:00:00","REPORT_TYPE_SQ":"2023年中报","OPERATE_INCOME_SQ":71751438.7205858,"DPS_HKD":0.08,"OPERATE_INCOME_QOQ_SQ":3.036802247822,"NET_PROFIT_RATIO_SQ":4.71290211,"HOLDER_PROFIT_SQ":3381575.06941536,"HOLDER_PROFIT_QOQ_SQ":-66.608567944739,"ROE_AVG_SQ":3.669632110964,"PE_TTM_SQ":73.625775696434,"PB_TTM_SQ":4.275416106611,"ROA_SQ":2.787866387027,"START_DATE":"2024-01-01 00:00:00","FISCAL_YEAR":"12-31","CURRENCY":"HKD","IS_CNY_CODE":0,"DPS_HKD_LY":0.08,"ORG_TYPE":"一般企业","PREMIUM_INCOME":null,"PREMIUM_INCOME_YOY":null,"NET_INTEREST_INCOME":null,"NET_INTEREST_INCOME_YOY":null,"FEE_COMMISSION_INCOME":null,"FEE_COMMISSION_INCOME_YOY":null,"ACCOUNTS_RECE_TDAYS":2.264065468362,"INVENTORY_TDAYS":null,"CURRENT_ASSETS_TDAYS":0.785224354643,"TOTAL_ASSETS_TDAYS":0.649656155652,"PREMIUM_EXPENSE":null,"LOAN_DEPOSIT":null,"LOAN_EQUITY":null,"LOAN_ASSETS":null,"DEPOSIT_EQUITY":null,"DEPOSIT_ASSETS":null,"EQUITY_MULTIPLIER":1.499273208514,"EQUITY_RATIO":0.499273208513},{"SECUCODE":"06113.HK","SECURITY_CODE":"06113","SECURITY_NAME_ABBR":"UTS MARKETING","ORG_CODE":"10575618","STD_REPORT_DATE":"2023-12-31 00:00:00","REPORT_DATE":"2023-12-31 00:00:00","DATE_TYPE_CODE":"001","REPORT_TYPE":"2023年年报","PER_NETCASH_OPERATE":0.055221982426,"PER_OI":0.363954832742,"BPS":0.188658085402,"BASIC_EPS":0.039771851395,"DILUTED_EPS":null,"OPERATE_INCOME":145581933.096963,"OPERATE_INCOME_YOY":8.4894714471,"GROSS_PROFIT":145581933.096963,"GROSS_PROFIT_YOY":6.039385495674,"HOLDER_PROFIT":15885617.3886234,"HOLDER_PROFIT_YOY":1.617197515,"GROSS_PROFIT_RATIO":null,"EPS_TTM":0.039714043472,"OPERATE_INCOME_QOQ":2.914088153309,"NET_PROFIT_RATIO":10.9118055041,"ROE_AVG":17.931406497416,"GROSS_PROFIT_QOQ":2.914088153309,"ROA":12.924952495626,"HOLDER_PROFIT_QOQ":197.448496017452,"ROE_YEARLY":17.931406497416,"ROIC_YEARLY":15.152740506562,"TOTAL_ASSETS":114046554.647757,"TOTAL_LIABILITIES":38583320.4871281,"TAX_EBT":31.696162258898,"OCF_SALES":15.172757017758,"TOTAL_PARENT_EQUITY":75463234.1606289,"DEBT_ASSET_RATIO":33.8312021843,"OPERATE_PROFIT":24008016.0320641,"PRETAX_PROFIT":23257283.798366,"NETCASH_OPERATE":22088792.9705565,"NETCASH_INVEST":25867118.8530908,"NETCASH_FINANCE":-29778017.5736088,"END_CASH":23301988.5925698,"DIVI_RATIO":1.831996786026,"DIVIDEND_RATE":6.349206349206,"CURRENT_RATIO":2.874064432151,"COMMON_ACS":10000000000,"CURRENTDEBT_DEBT":85.944304606656,"ISSUED_COMMON_SHARES":400000000,"HK_COMMON_SHARES":400000000,"PER_SHARES":2000,"TOTAL_MARKET_CAP":504000000,"HKSK_MARKET_CAP":504000000,"PE_TTM":19.879234822159,"PB_TTM":6.611300010747,"REPORT_DATE_SQ":"2022-12-31 00:00:00","REPORT_TYPE_SQ":"2022年年报","OPERATE_INCOME_SQ":137290434.50832,"DPS_HKD":0.08,"OPERATE_INCOME_QOQ_SQ":1.837394203704,"NET_PROFIT_RATIO_SQ":11.6497604797,"HOLDER_PROFIT_SQ":15994006.7817995,"HOLDER_PROFIT_QOQ_SQ":-37.788880283634,"ROE_AVG_SQ":14.08188628679,"PE_TTM_SQ":73.625775696434,"PB_TTM_SQ":4.275416106611,"ROA_SQ":11.535858307217,"START_DATE":"2023-01-01 00:00:00","FISCAL_YEAR":"12-31","CURRENCY":"HKD","IS_CNY_CODE":0,"DPS_HKD_LY":0.115,"ORG_TYPE":"一般企业","PREMIUM_INCOME":null,"PREMIUM_INCOME_YOY":null,"NET_INTEREST_INCOME":null,"NET_INTEREST_INCOME_YOY":null,"FEE_COMMISSION_INCOME":null,"FEE_COMMISSION_INCOME_YOY":null,"ACCOUNTS_RECE_TDAYS":5.028031412219,"INVENTORY_TDAYS":null,"CURRENT_ASSETS_TDAYS":1.582780957489,"TOTAL_ASSETS_TDAYS":1.184492565487,"PREMIUM_EXPENSE":null,"LOAN_DEPOSIT":null,"LOAN_EQUITY":null,"LOAN_ASSETS":null,"DEPOSIT_EQUITY":null,"DEPOSIT_ASSETS":null,"EQUITY_MULTIPLIER":1.511286335873,"EQUITY_RATIO":0.511286335873},{"SECUCODE":"06113.HK","SECURITY_CODE":"06113","SECURITY_NAME_ABBR":"UTS MARKETING","ORG_CODE":"10575618","STD_REPORT_DATE":"2023-06-30 00:00:00","REPORT_DATE":"2023-06-30 00:00:00","DATE_TYPE_CODE":"002","REPORT_TYPE":"2023年中报","PER_NETCASH_OPERATE":0.015566103588,"PER_OI":0.179378596801,"BPS":0.20486450432,"BASIC_EPS":0.008531496735,"DILUTED_EPS":null,"OPERATE_INCOME":71751438.7205858,"OPERATE_INCOME_YOY":4.3800067697,"GROSS_PROFIT":71751438.7205858,"GROSS_PROFIT_YOY":6.169137758913,"HOLDER_PROFIT":3381575.06941536,"HOLDER_PROFIT_YOY":-76.3120721504,"GROSS_PROFIT_RATIO":null,"EPS_TTM":0.013351569769,"OPERATE_INCOME_QOQ":3.036802247822,"NET_PROFIT_RATIO":4.71290211,"ROE_AVG":3.669632110964,"GROSS_PROFIT_QOQ":3.036802247822,"ROA":2.787866387027,"HOLDER_PROFIT_QOQ":-66.608567944739,"ROE_YEARLY":7.339264221929,"ROIC_YEARLY":6.244137170518,"TOTAL_ASSETS":110002016.535592,"TOTAL_LIABILITIES":28056214.807576,"TAX_EBT":48.438978240303,"OCF_SALES":8.677793151159,"TOTAL_PARENT_EQUITY":81945801.7280159,"DEBT_ASSET_RATIO":25.5051822605,"OPERATE_PROFIT":7053221.02781268,"PRETAX_PROFIT":6558394.2171964,"NETCASH_OPERATE":6226441.43515287,"NETCASH_INVEST":22534009.6483472,"NETCASH_FINANCE":-27161183.2410381,"END_CASH":6755394.23270821,"DIVI_RATIO":5.449246887123,"DIVIDEND_RATE":6.349206349206,"CURRENT_RATIO":3.514749599817,"COMMON_ACS":10000000000,"CURRENTDEBT_DEBT":72.532758334716,"ISSUED_COMMON_SHARES":400000000,"HK_COMMON_SHARES":400000000,"PER_SHARES":2000,"TOTAL_MARKET_CAP":504000000,"HKSK_MARKET_CAP":504000000,"PE_TTM":19.879234822159,"PB_TTM":6.611300010747,"REPORT_DATE_SQ":"2022-06-30 00:00:00","REPORT_TYPE_SQ":"2022年中报","OPERATE_INCOME_SQ":67582199.7193924,"DPS_HKD":0.08,"OPERATE_INCOME_QOQ_SQ":-3.69716662086,"NET_PROFIT_RATIO_SQ":20.7672345707,"HOLDER_PROFIT_SQ":14034953.9437565,"HOLDER_PROFIT_QOQ_SQ":-12.088514189524,"ROE_AVG_SQ":12.007228082536,"PE_TTM_SQ":73.625775696434,"PB_TTM_SQ":4.275416106611,"ROA_SQ":10.570020788588,"START_DATE":"2023-01-01 00:00:00","FISCAL_YEAR":"12-31","CURRENCY":"HKD","IS_CNY_CODE":0,"DPS_HKD_LY":0.115,"ORG_TYPE":"一般企业","PREMIUM_INCOME":null,"PREMIUM_INCOME_YOY":null,"NET_INTEREST_INCOME":null,"NET_INTEREST_INCOME_YOY":null,"FEE_COMMISSION_INCOME":null,"FEE_COMMISSION_INCOME_YOY":null,"ACCOUNTS_RECE_TDAYS":2.461865985417,"INVENTORY_TDAYS":null,"CURRENT_ASSETS_TDAYS":0.892809233828,"TOTAL_ASSETS_TDAYS":0.591539209167,"PREMIUM_EXPENSE":null,"LOAN_DEPOSIT":null,"LOAN_EQUITY":null,"LOAN_ASSETS":null,"DEPOSIT_EQUITY":null,"DEPOSIT_ASSETS":null,"EQUITY_MULTIPLIER":1.342375255547,"EQUITY_RATIO":0.342375255546},{"SECUCODE":"06113.HK","SECURITY_CODE":"06113","SECURITY_NAME_ABBR":"UTS MARKETING","ORG_CODE":"10575618","STD_REPORT_DATE":"2022-12-31 00:00:00","REPORT_DATE":"2022-12-31 00:00:00","DATE_TYPE_CODE":"001","REPORT_TYPE":"2022年年报","PER_NETCASH_OPERATE":0.027521488842,"PER_OI":0.343226086271,"BPS":0.260172699314,"BASIC_EPS":0.040059932182,"DILUTED_EPS":null,"OPERATE_INCOME":137290434.50832,"OPERATE_INCOME_YOY":-5.06886812,"GROSS_PROFIT":137290434.50832,"GROSS_PROFIT_YOY":-1.927703942349,"HOLDER_PROFIT":15994006.7817995,"HOLDER_PROFIT_YOY":-47.0609730633,"GROSS_PROFIT_RATIO":null,"EPS_TTM":0.039985016954,"OPERATE_INCOME_QOQ":1.837394203704,"NET_PROFIT_RATIO":11.6497604797,"ROE_AVG":14.08188628679,"GROSS_PROFIT_QOQ":1.837394203704,"ROA":11.535858307217,"HOLDER_PROFIT_QOQ":-37.788880283634,"ROE_YEARLY":14.08188628679,"ROIC_YEARLY":13.540380134723,"TOTAL_ASSETS":134713350.682123,"TOTAL_LIABILITIES":30644270.9565492,"TAX_EBT":28.408048005648,"OCF_SALES":8.018472354651,"TOTAL_PARENT_EQUITY":104069079.725574,"DEBT_ASSET_RATIO":22.803795173,"OPERATE_PROFIT":22733222.9319454,"PRETAX_PROFIT":22340509.423547,"NETCASH_OPERATE":11008595.5366296,"NETCASH_INVEST":7404778.80293352,"NETCASH_FINANCE":-41198643.6400915,"END_CASH":5242488.76271588,"DIVI_RATIO":1.819581571837,"DIVIDEND_RATE":6.349206349206,"CURRENT_RATIO":4.159482135108,"COMMON_ACS":10000000000,"CURRENTDEBT_DEBT":71.158003088008,"ISSUED_COMMON_SHARES":400000000,"HK_COMMON_SHARES":400000000,"PER_SHARES":2000,"TOTAL_MARKET_CAP":504000000,"HKSK_MARKET_CAP":504000000,"PE_TTM":19.879234822159,"PB_TTM":6.611300010747,"REPORT_DATE_SQ":"2021-12-31 00:00:00","REPORT_TYPE_SQ":"2021年年报","OPERATE_INCOME_SQ":139989008.137032,"DPS_HKD":0.08,"OPERATE_INCOME_QOQ_SQ":-3.493120598116,"NET_PROFIT_RATIO_SQ":20.8905416753,"HOLDER_PROFIT_SQ":29244462.085706,"HOLDER_PROFIT_QOQ_SQ":-11.974795667328,"ROE_AVG_SQ":24.203370985268,"PE_TTM_SQ":73.625775696434,"PB_TTM_SQ":4.275416106611,"ROA_SQ":21.269083439738,"START_DATE":"2022-01-01 00:00:00","FISCAL_YEAR":"12-31","CURRENCY":"HKD","IS_CNY_CODE":0,"DPS_HKD_LY":0.1,"ORG_TYPE":"一般企业","PREMIUM_INCOME":null,"PREMIUM_INCOME_YOY":null,"NET_INTEREST_INCOME":null,"NET_INTEREST_INCOME_YOY":null,"FEE_COMMISSION_INCOME":null,"FEE_COMMISSION_INCOME_YOY":null,"ACCOUNTS_RECE_TDAYS":4.73349646547,"INVENTORY_TDAYS":null,"CURRENT_ASSETS_TDAYS":1.36609594953,"TOTAL_ASSETS_TDAYS":0.990222788468,"PREMIUM_EXPENSE":null,"LOAN_DEPOSIT":null,"LOAN_EQUITY":null,"LOAN_ASSETS":null,"DEPOSIT_EQUITY":null,"DEPOSIT_ASSETS":null,"EQUITY_MULTIPLIER":1.295400469804,"EQUITY_RATIO":0.294460862317},{"SECUCODE":"06113.HK","SECURITY_CODE":"06113","SECURITY_NAME_ABBR":"UTS MARKETING","ORG_CODE":"10575618","STD_REPORT_DATE":"2022-06-30 00:00:00","REPORT_DATE":"2022-06-30 00:00:00","DATE_TYPE_CODE":"002","REPORT_TYPE":"2022年中报","PER_NETCASH_OPERATE":0.019425211981,"PER_OI":0.168955499298,"BPS":0.286886933447,"BASIC_EPS":0.035075947051,"DILUTED_EPS":null,"OPERATE_INCOME":67582199.7193924,"OPERATE_INCOME_YOY":-5.2288280582,"GROSS_PROFIT":67582199.7193924,"GROSS_PROFIT_YOY":-7.113498469506,"HOLDER_PROFIT":14034953.9437565,"HOLDER_PROFIT_YOY":-18.4998228835,"GROSS_PROFIT_RATIO":null,"EPS_TTM":0.064273102842,"OPERATE_INCOME_QOQ":-3.69716662086,"NET_PROFIT_RATIO":20.7672345707,"ROE_AVG":12.007228082536,"GROSS_PROFIT_QOQ":-3.69716662086,"ROA":10.570020788588,"HOLDER_PROFIT_QOQ":-12.088514189524,"ROE_YEARLY":24.014456165072,"ROIC_YEARLY":25.771673002471,"TOTAL_ASSETS":127789300.311108,"TOTAL_LIABILITIES":13034526.9322272,"TAX_EBT":22.987447698745,"OCF_SALES":11.497235698973,"TOTAL_PARENT_EQUITY":114754773.378881,"DEBT_ASSET_RATIO":10.2000143208,"OPERATE_PROFIT":18334045.0192155,"PRETAX_PROFIT":18224242.0545355,"NETCASH_OPERATE":7770084.79228939,"NETCASH_INVEST":6754407.36899896,"NETCASH_FINANCE":-21001342.036235,"END_CASH":20624656.8657354,"DIVI_RATIO":1.131982069993,"DIVIDEND_RATE":6.349206349206,"CURRENT_RATIO":8.659194058589,"COMMON_ACS":10000000000,"CURRENTDEBT_DEBT":85.070785070785,"ISSUED_COMMON_SHARES":400000000,"HK_COMMON_SHARES":400000000,"PER_SHARES":2000,"TOTAL_MARKET_CAP":504000000,"HKSK_MARKET_CAP":504000000,"PE_TTM":19.879234822159,"PB_TTM":6.611300010747,"REPORT_DATE_SQ":"2021-06-30 00:00:00","REPORT_TYPE_SQ":"2021年中报","OPERATE_INCOME_SQ":72757826.6011079,"DPS_HKD":0.08,"OPERATE_INCOME_QOQ_SQ":6.898919633705,"NET_PROFIT_RATIO_SQ":24.1488451668,"HOLDER_PROFIT_SQ":17570174.8926371,"HOLDER_PROFIT_QOQ_SQ":27.80061673766,"ROE_AVG_SQ":13.835861494352,"PE_TTM_SQ":73.625775696434,"PB_TTM_SQ":4.275416106611,"ROA_SQ":12.22931591858,"START_DATE":"2022-01-01 00:00:00","FISCAL_YEAR":"12-31","CURRENCY":"HKD","IS_CNY_CODE":0,"DPS_HKD_LY":0.1,"ORG_TYPE":"一般企业","PREMIUM_INCOME":null,"PREMIUM_INCOME_YOY":null,"NET_INTEREST_INCOME":null,"NET_INTEREST_INCOME_YOY":null,"FEE_COMMISSION_INCOME":null,"FEE_COMMISSION_INCOME_YOY":null,"ACCOUNTS_RECE_TDAYS":2.415973831266,"INVENTORY_TDAYS":null,"CURRENT_ASSETS_TDAYS":0.666922509669,"TOTAL_ASSETS_TDAYS":0.508975846187,"PREMIUM_EXPENSE":null,"LOAN_DEPOSIT":null,"LOAN_EQUITY":null,"LOAN_ASSETS":null,"DEPOSIT_EQUITY":null,"DEPOSIT_ASSETS":null,"EQUITY_MULTIPLIER":1.113585923691,"EQUITY_RATIO":0.113585923691},{"SECUCODE":"06113.HK","SECURITY_CODE":"06113","SECURITY_NAME_ABBR":"UTS MARKETING","ORG_CODE":"10575618","STD_REPORT_DATE":"2021-12-31 00:00:00","REPORT_DATE":"2021-12-31 00:00:00","DATE_TYPE_CODE":"001","REPORT_TYPE":"2021年年报","PER_NETCASH_OPERATE":0.108777460574,"PER_OI":0.349972520343,"BPS":0.297864219959,"BASIC_EPS":0.073126421691,"DILUTED_EPS":null,"OPERATE_INCOME":139989008.137032,"OPERATE_INCOME_YOY":9.2879958047,"GROSS_PROFIT":139989008.137032,"GROSS_PROFIT_YOY":3.164811452816,"HOLDER_PROFIT":29244462.085706,"HOLDER_PROFIT_YOY":19.1738210775,"GROSS_PROFIT_RATIO":null,"EPS_TTM":0.073111155214,"OPERATE_INCOME_QOQ":-3.493120598116,"NET_PROFIT_RATIO":20.8905416753,"ROE_AVG":24.203370985268,"GROSS_PROFIT_QOQ":-3.493120598116,"ROA":21.269083439738,"HOLDER_PROFIT_QOQ":-11.974795667328,"ROE_YEARLY":24.203370985268,"ROIC_YEARLY":25.672605924963,"TOTAL_ASSETS":137917347.29707,"TOTAL_LIABILITIES":18771659.3133139,"TAX_EBT":25.754815704818,"OCF_SALES":31.081714778019,"TOTAL_PARENT_EQUITY":119145687.983756,"DEBT_ASSET_RATIO":13.6108036307,"OPERATE_PROFIT":40364563.4551089,"PRETAX_PROFIT":39389035.6166893,"NETCASH_OPERATE":43510984.2297299,"NETCASH_INVEST":1453368.54800543,"NETCASH_FINANCE":-37873074.515671,"END_CASH":27130055.1119796,"DIVI_RATIO":0.995142256839,"DIVIDEND_RATE":6.349206349206,"CURRENT_RATIO":6.121586134454,"COMMON_ACS":10000000000,"CURRENTDEBT_DEBT":92.908262849707,"ISSUED_COMMON_SHARES":400000000,"HK_COMMON_SHARES":400000000,"PER_SHARES":2000,"TOTAL_MARKET_CAP":504000000,"HKSK_MARKET_CAP":504000000,"PE_TTM":19.879234822159,"PB_TTM":6.611300010747,"REPORT_DATE_SQ":"2020-12-31 00:00:00","REPORT_TYPE_SQ":"2020年年报","OPERATE_INCOME_SQ":135694532.045995,"DPS_HKD":0.08,"OPERATE_INCOME_QOQ_SQ":1.560435156229,"NET_PROFIT_RATIO_SQ":19.1576086957,"HOLDER_PROFIT_SQ":25995827.470768,"HOLDER_PROFIT_QOQ_SQ":12.114347549084,"ROE_AVG_SQ":20.856093731754,"PE_TTM_SQ":73.625775696434,"PB_TTM_SQ":4.275416106611,"ROA_SQ":18.521954058087,"START_DATE":"2021-01-01 00:00:00","FISCAL_YEAR":"12-31","CURRENCY":"HKD","IS_CNY_CODE":0,"DPS_HKD_LY":0.1,"ORG_TYPE":"一般企业","PREMIUM_INCOME":null,"PREMIUM_INCOME_YOY":null,"NET_INTEREST_INCOME":null,"NET_INTEREST_INCOME_YOY":null,"FEE_COMMISSION_INCOME":null,"FEE_COMMISSION_INCOME_YOY":null,"ACCOUNTS_RECE_TDAYS":4.362057893109,"INVENTORY_TDAYS":null,"CURRENT_ASSETS_TDAYS":1.326702017608,"TOTAL_ASSETS_TDAYS":1.018120246489,"PREMIUM_EXPENSE":null,"LOAN_DEPOSIT":null,"LOAN_EQUITY":null,"LOAN_ASSETS":null,"DEPOSIT_EQUITY":null,"DEPOSIT_ASSETS":null,"EQUITY_MULTIPLIER":1.157552150069,"EQUITY_RATIO":0.157552150069},{"SECUCODE":"06113.HK","SECURITY_CODE":"06113","SECURITY_NAME_ABBR":"UTS MARKETING","ORG_CODE":"10575618","STD_REPORT_DATE":"2021-06-30 00:00:00","REPORT_DATE":"2021-06-30 00:00:00","DATE_TYPE_CODE":"002","REPORT_TYPE":"2021年中报","PER_NETCASH_OPERATE":0.051592549947,"PER_OI":0.181894566503,"BPS":0.322788946287,"BASIC_EPS":0.043878757702,"DILUTED_EPS":null,"OPERATE_INCOME":72757826.6011079,"OPERATE_INCOME_YOY":21.9264165211,"GROSS_PROFIT":72757826.6011079,"GROSS_PROFIT_YOY":14.766550087545,"HOLDER_PROFIT":17570174.8926371,"HOLDER_PROFIT_YOY":80.4698737414,"GROSS_PROFIT_RATIO":null,"EPS_TTM":0.083057069584,"OPERATE_INCOME_QOQ":6.898919633705,"NET_PROFIT_RATIO":24.1488451668,"ROE_AVG":13.835861494352,"GROSS_PROFIT_QOQ":6.898919633705,"ROA":12.22931591858,"HOLDER_PROFIT_QOQ":27.80061673766,"ROE_YEARLY":27.671722988703,"ROIC_YEARLY":29.159457714655,"TOTAL_ASSETS":147633347.855854,"TOTAL_LIABILITIES":18517769.340885,"TAX_EBT":24.925204441194,"OCF_SALES":28.363986313088,"TOTAL_PARENT_EQUITY":129115578.514969,"DEBT_ASSET_RATIO":12.5430802795,"OPERATE_PROFIT":23892139.1672372,"PRETAX_PROFIT":23403560.0921143,"NETCASH_OPERATE":20637019.9788386,"NETCASH_INVEST":659737.349847513,"NETCASH_FINANCE":-15821248.5218149,"END_CASH":25899358.9344619,"DIVI_RATIO":0.875976004983,"DIVIDEND_RATE":6.349206349206,"CURRENT_RATIO":7.55068266446,"COMMON_ACS":10000000000,"CURRENTDEBT_DEBT":81.236870851189,"ISSUED_COMMON_SHARES":400000000,"HK_COMMON_SHARES":400000000,"PER_SHARES":2000,"TOTAL_MARKET_CAP":504000000,"HKSK_MARKET_CAP":504000000,"PE_TTM":19.879234822159,"PB_TTM":6.611300010747,"REPORT_DATE_SQ":"2020-06-30 00:00:00","REPORT_TYPE_SQ":"2020年中报","OPERATE_INCOME_SQ":63396369.8879228,"DPS_HKD":0.08,"OPERATE_INCOME_QOQ_SQ":-1.020929399162,"NET_PROFIT_RATIO_SQ":16.3150895674,"HOLDER_PROFIT_SQ":10343174.5297054,"HOLDER_PROFIT_QOQ_SQ":2.159738971813,"ROE_AVG_SQ":8.123600246681,"PE_TTM_SQ":73.625775696434,"PB_TTM_SQ":4.275416106611,"ROA_SQ":7.198159332758,"START_DATE":"2021-01-01 00:00:00","FISCAL_YEAR":"12-31","CURRENCY":"HKD","IS_CNY_CODE":0,"DPS_HKD_LY":0.1,"ORG_TYPE":"一般企业","PREMIUM_INCOME":null,"PREMIUM_INCOME_YOY":null,"NET_INTEREST_INCOME":null,"NET_INTEREST_INCOME_YOY":null,"FEE_COMMISSION_INCOME":null,"FEE_COMMISSION_INCOME_YOY":null,"ACCOUNTS_RECE_TDAYS":1.997436992738,"INVENTORY_TDAYS":null,"CURRENT_ASSETS_TDAYS":0.661854210899,"TOTAL_ASSETS_TDAYS":0.506414109416,"PREMIUM_EXPENSE":null,"LOAN_DEPOSIT":null,"LOAN_EQUITY":null,"LOAN_ASSETS":null,"DEPOSIT_EQUITY":null,"DEPOSIT_ASSETS":null,"EQUITY_MULTIPLIER":1.143420101229,"EQUITY_RATIO":0.143420101229},{"SECUCODE":"06113.HK","SECURITY_CODE":"06113","SECURITY_NAME_ABBR":"UTS MARKETING","ORG_CODE":"10575618","STD_REPORT_DATE":"2020-12-31 00:00:00","REPORT_DATE":"2020-12-31 00:00:00","DATE_TYPE_CODE":"001","REPORT_TYPE":"2020年年报","PER_NETCASH_OPERATE":0.043435544127,"PER_OI":0.339236330115,"BPS":0.32445457927,"BASIC_EPS":0.065013827568,"DILUTED_EPS":null,"OPERATE_INCOME":135694532.045995,"OPERATE_INCOME_YOY":5.5794639487,"GROSS_PROFIT":135694532.045995,"GROSS_PROFIT_YOY":0.523574815802,"HOLDER_PROFIT":25995827.470768,"HOLDER_PROFIT_YOY":20.2963628199,"GROSS_PROFIT_RATIO":null,"EPS_TTM":0.064989568677,"OPERATE_INCOME_QOQ":1.560435156229,"NET_PROFIT_RATIO":19.1576086957,"ROE_AVG":20.856093731754,"GROSS_PROFIT_QOQ":1.560435156229,"ROA":18.521954058087,"HOLDER_PROFIT_QOQ":12.114347549084,"ROE_YEARLY":20.856093731754,"ROIC_YEARLY":24.054591981803,"TOTAL_ASSETS":145213720.828684,"TOTAL_LIABILITIES":15431889.1206961,"TAX_EBT":7.758521749111,"OCF_SALES":12.803918764302,"TOTAL_PARENT_EQUITY":129781831.707988,"DEBT_ASSET_RATIO":10.627018599,"OPERATE_PROFIT":29012016.2372843,"PRETAX_PROFIT":28182362.1690683,"NETCASH_OPERATE":17374217.650769,"NETCASH_INVEST":-19007649.6369253,"NETCASH_FINANCE":-19847007.2614947,"END_CASH":21228146.7824624,"DIVI_RATIO":1.119502736842,"DIVIDEND_RATE":6.349206349206,"CURRENT_RATIO":9.249729144095,"COMMON_ACS":10000000000,"CURRENTDEBT_DEBT":77.384196185286,"ISSUED_COMMON_SHARES":400000000,"HK_COMMON_SHARES":400000000,"PER_SHARES":2000,"TOTAL_MARKET_CAP":504000000,"HKSK_MARKET_CAP":504000000,"PE_TTM":19.879234822159,"PB_TTM":6.611300010747,"REPORT_DATE_SQ":"2019-12-31 00:00:00","REPORT_TYPE_SQ":"2019年年报","OPERATE_INCOME_SQ":134987770.077456,"DPS_HKD":0.08,"OPERATE_INCOME_QOQ_SQ":5.432096379793,"NET_PROFIT_RATIO_SQ":16.8138920347,"HOLDER_PROFIT_SQ":22696697.9209132,"HOLDER_PROFIT_QOQ_SQ":14.077195020073,"ROE_AVG_SQ":15.802731949619,"PE_TTM_SQ":73.625775696434,"PB_TTM_SQ":4.275416106611,"ROA_SQ":14.331758434468,"START_DATE":"2020-01-01 00:00:00","FISCAL_YEAR":"12-31","CURRENCY":"HKD","IS_CNY_CODE":0,"DPS_HKD_LY":0.045,"ORG_TYPE":"一般企业","PREMIUM_INCOME":null,"PREMIUM_INCOME_YOY":null,"NET_INTEREST_INCOME":null,"NET_INTEREST_INCOME_YOY":null,"FEE_COMMISSION_INCOME":null,"FEE_COMMISSION_INCOME_YOY":null,"ACCOUNTS_RECE_TDAYS":3.961660135039,"INVENTORY_TDAYS":null,"CURRENT_ASSETS_TDAYS":1.148480970208,"TOTAL_ASSETS_TDAYS":0.966819729557,"PREMIUM_EXPENSE":null,"LOAN_DEPOSIT":null,"LOAN_EQUITY":null,"LOAN_ASSETS":null,"DEPOSIT_EQUITY":null,"DEPOSIT_ASSETS":null,"EQUITY_MULTIPLIER":1.118906390191,"EQUITY_RATIO":0.11890639019},{"SECUCODE":"06113.HK","SECURITY_CODE":"06113","SECURITY_NAME_ABBR":"UTS MARKETING","ORG_CODE":"10575618","STD_REPORT_DATE":"2020-06-30 00:00:00","REPORT_DATE":"2020-06-30 00:00:00","DATE_TYPE_CODE":"002","REPORT_TYPE":"2020年中报","PER_NETCASH_OPERATE":0.000235560551,"PER_OI":0.15849092472,"BPS":0.331235329124,"BASIC_EPS":0.025787681423,"DILUTED_EPS":null,"OPERATE_INCOME":63396369.8879228,"OPERATE_INCOME_YOY":-1.7573071701,"GROSS_PROFIT":63396369.8879228,"GROSS_PROFIT_YOY":-2.127580816519,"HOLDER_PROFIT":10343174.5297054,"HOLDER_PROFIT_YOY":5.3721791849,"GROSS_PROFIT_RATIO":null,"EPS_TTM":0.057967218378,"OPERATE_INCOME_QOQ":-1.020929399162,"NET_PROFIT_RATIO":16.3150895674,"ROE_AVG":8.123600246681,"GROSS_PROFIT_QOQ":-1.020929399162,"ROA":7.198159332758,"HOLDER_PROFIT_QOQ":2.159738971813,"ROE_YEARLY":16.247200493362,"ROIC_YEARLY":20.95866550546,"TOTAL_ASSETS":148895758.257017,"TOTAL_LIABILITIES":16401626.6075974,"TAX_EBT":12.575101299427,"OCF_SALES":0.148627154442,"TOTAL_PARENT_EQUITY":132494131.64942,"DEBT_ASSET_RATIO":11.0155096422,"OPERATE_PROFIT":12257413.9584091,"PRETAX_PROFIT":11830925.3810295,"NETCASH_OPERATE":94224.2205838595,"NETCASH_INVEST":2112606.20888022,"NETCASH_FINANCE":-2102687.86987139,"END_CASH":43758058.6504447,"DIVI_RATIO":1.255123189205,"DIVIDEND_RATE":6.349206349206,"CURRENT_RATIO":10.668784951703,"COMMON_ACS":10000000000,"CURRENTDEBT_DEBT":79.298528522475,"ISSUED_COMMON_SHARES":400000000,"HK_COMMON_SHARES":400000000,"PER_SHARES":2000,"TOTAL_MARKET_CAP":504000000,"HKSK_MARKET_CAP":504000000,"PE_TTM":19.879234822159,"PB_TTM":6.611300010747,"REPORT_DATE_SQ":"2019-06-30 00:00:00","REPORT_TYPE_SQ":"2019年中报","OPERATE_INCOME_SQ":64774499.7179172,"DPS_HKD":0.08,"OPERATE_INCOME_QOQ_SQ":-6.550151011638,"NET_PROFIT_RATIO_SQ":15.2112098778,"HOLDER_PROFIT_SQ":9852985.09939269,"HOLDER_PROFIT_QOQ_SQ":-20.186183251059,"ROE_AVG_SQ":6.893269253094,"PE_TTM_SQ":73.625775696434,"PB_TTM_SQ":4.275416106611,"ROA_SQ":6.28336516637,"START_DATE":"2020-01-01 00:00:00","FISCAL_YEAR":"12-31","CURRENCY":"HKD","IS_CNY_CODE":0,"DPS_HKD_LY":0.045,"ORG_TYPE":"一般企业","PREMIUM_INCOME":null,"PREMIUM_INCOME_YOY":null,"NET_INTEREST_INCOME":null,"NET_INTEREST_INCOME_YOY":null,"FEE_COMMISSION_INCOME":null,"FEE_COMMISSION_INCOME_YOY":null,"ACCOUNTS_RECE_TDAYS":1.727911691822,"INVENTORY_TDAYS":null,"CURRENT_ASSETS_TDAYS":0.474186269358,"TOTAL_ASSETS_TDAYS":0.441196433707,"PREMIUM_EXPENSE":null,"LOAN_DEPOSIT":null,"LOAN_EQUITY":null,"LOAN_ASSETS":null,"DEPOSIT_EQUITY":null,"DEPOSIT_ASSETS":null,"EQUITY_MULTIPLIER":1.123791343839,"EQUITY_RATIO":0.123791343839}],"count":21},"success":true,"message":"ok","code":0}