{"version":"270b7afb14f9dd622586812e92f1f478","result":{"pages":3,"data":[{"SECUCODE":"06128.HK","SECURITY_CODE":"06128","SECURITY_NAME_ABBR":"烯石电车新材料","ORG_CODE":"10400126","STD_REPORT_DATE":"2024-06-30 00:00:00","REPORT_DATE":"2024-06-30 00:00:00","DATE_TYPE_CODE":"002","REPORT_TYPE":"2024年中报","PER_NETCASH_OPERATE":-0.000694516515,"PER_OI":0.088099279018,"BPS":0.253485340545,"BASIC_EPS":-0.0547608,"DILUTED_EPS":-0.0547608,"OPERATE_INCOME":85556448.56,"OPERATE_INCOME_YOY":-38.031651176,"GROSS_PROFIT":27715353.56,"GROSS_PROFIT_YOY":-39.917076121674,"HOLDER_PROFIT":-49372337.28,"HOLDER_PROFIT_YOY":-23.0349344978,"GROSS_PROFIT_RATIO":32.394230974377,"EPS_TTM":-0.114700452046,"OPERATE_INCOME_QOQ":-20.37980233374,"NET_PROFIT_RATIO":-57.6539864735,"ROE_AVG":-15.479595326018,"GROSS_PROFIT_QOQ":-20.985768600563,"ROA":-6.414574611703,"HOLDER_PROFIT_QOQ":-8.614608354646,"ROE_YEARLY":-30.959190652037,"ROIC_YEARLY":-13.121132042064,"TOTAL_ASSETS":766026926.88,"TOTAL_LIABILITIES":465529774.92,"TAX_EBT":5.683821091391,"OCF_SALES":-0.788333937829,"TOTAL_PARENT_EQUITY":300496239.28,"DEBT_ASSET_RATIO":60.7719857598,"OPERATE_PROFIT":-43375117,"PRETAX_PROFIT":-52299302.04,"NETCASH_OPERATE":-674470.52,"NETCASH_INVEST":-13127076.44,"NETCASH_FINANCE":-1448423.16,"END_CASH":9483657.88,"DIVI_RATIO":null,"DIVIDEND_RATE":null,"CURRENT_RATIO":0.73216086823,"COMMON_ACS":2000000000,"CURRENTDEBT_DEBT":72.113576790591,"ISSUED_COMMON_SHARES":1173806762,"HK_COMMON_SHARES":1173806762,"PER_SHARES":2000,"TOTAL_MARKET_CAP":50473690.766,"HKSK_MARKET_CAP":50473690.766,"PE_TTM":-0.409370058769,"PB_TTM":0.154822523131,"REPORT_DATE_SQ":"2023-06-30 00:00:00","REPORT_TYPE_SQ":"2023年中报","OPERATE_INCOME_SQ":139471602.52,"DPS_HKD":null,"OPERATE_INCOME_QOQ_SQ":-0.012501708052,"NET_PROFIT_RATIO_SQ":-27.6154527546,"HOLDER_PROFIT_SQ":-40537616.64,"HOLDER_PROFIT_QOQ_SQ":16.809074397855,"ROE_AVG_SQ":-11.65533420812,"PE_TTM_SQ":-3.328163787548,"PB_TTM_SQ":0.484862237151,"ROA_SQ":-4.891259909924,"START_DATE":"2024-01-01 00:00:00","FISCAL_YEAR":"12-31","CURRENCY":"HKD","IS_CNY_CODE":0,"DPS_HKD_LY":null,"ORG_TYPE":"一般企业","PREMIUM_INCOME":null,"PREMIUM_INCOME_YOY":null,"NET_INTEREST_INCOME":null,"NET_INTEREST_INCOME_YOY":null,"FEE_COMMISSION_INCOME":null,"FEE_COMMISSION_INCOME_YOY":null,"ACCOUNTS_RECE_TDAYS":0.613757860863,"INVENTORY_TDAYS":4.202168219342,"CURRENT_ASSETS_TDAYS":0.363475627606,"TOTAL_ASSETS_TDAYS":0.111157026998,"PREMIUM_EXPENSE":null,"LOAN_DEPOSIT":null,"LOAN_EQUITY":null,"LOAN_ASSETS":null,"DEPOSIT_EQUITY":null,"DEPOSIT_ASSETS":null,"EQUITY_MULTIPLIER":2.549198625953,"EQUITY_RATIO":1.549203331248},{"SECUCODE":"06128.HK","SECURITY_CODE":"06128","SECURITY_NAME_ABBR":"烯石电车新材料","ORG_CODE":"10400126","STD_REPORT_DATE":"2023-12-31 00:00:00","REPORT_DATE":"2023-12-31 00:00:00","DATE_TYPE_CODE":"001","REPORT_TYPE":"2023年年报","PER_NETCASH_OPERATE":-0.011258434485,"PER_OI":0.294609494515,"BPS":0.282913027911,"BASIC_EPS":-0.13412056,"DILUTED_EPS":-0.13412056,"OPERATE_INCOME":264551898.38,"OPERATE_INCOME_YOY":-14.45078405,"GROSS_PROFIT":87741126.62,"GROSS_PROFIT_YOY":-18.120202447777,"HOLDER_PROFIT":-102555104.96,"HOLDER_PROFIT_YOY":-62.4506552976,"GROSS_PROFIT_RATIO":33.165941033608,"EPS_TTM":-0.114207109521,"OPERATE_INCOME_QOQ":-13.199700185208,"NET_PROFIT_RATIO":-38.4343453374,"ROE_AVG":-30.16723290651,"GROSS_PROFIT_QOQ":-14.745842270811,"ROA":-12.99274003326,"HOLDER_PROFIT_QOQ":-98.105441685054,"ROE_YEARLY":-30.16723290651,"ROIC_YEARLY":-13.359855974973,"TOTAL_ASSETS":767879173.46,"TOTAL_LIABILITIES":432905825.1,"TAX_EBT":1.820075078097,"OCF_SALES":-3.82147713999,"TOTAL_PARENT_EQUITY":335017753.14,"DEBT_ASSET_RATIO":56.3768155281,"OPERATE_PROFIT":-78475027.12,"PRETAX_PROFIT":-103563727.82,"NETCASH_OPERATE":-10109790.32,"NETCASH_INVEST":10978855.3,"NETCASH_FINANCE":-3856872.32,"END_CASH":24640121.8,"DIVI_RATIO":null,"DIVIDEND_RATE":null,"CURRENT_RATIO":0.769905174783,"COMMON_ACS":2000000000,"CURRENTDEBT_DEBT":67.022116159555,"ISSUED_COMMON_SHARES":1173806762,"HK_COMMON_SHARES":1173806762,"PER_SHARES":2000,"TOTAL_MARKET_CAP":52821304.29,"HKSK_MARKET_CAP":52821304.29,"PE_TTM":-0.428410526619,"PB_TTM":0.162023570719,"REPORT_DATE_SQ":"2022-12-31 00:00:00","REPORT_TYPE_SQ":"2022年年报","OPERATE_INCOME_SQ":304820348.07,"DPS_HKD":null,"OPERATE_INCOME_QOQ_SQ":-0.795233392452,"NET_PROFIT_RATIO_SQ":-20.4107947169,"HOLDER_PROFIT_SQ":-62227868.01,"HOLDER_PROFIT_QOQ_SQ":-51.996436007718,"ROE_AVG_SQ":-24.109432590978,"PE_TTM_SQ":-5.155231384125,"PB_TTM_SQ":0.751037863969,"ROA_SQ":-6.995748603747,"START_DATE":"2023-01-01 00:00:00","FISCAL_YEAR":"12-31","CURRENCY":"HKD","IS_CNY_CODE":0,"DPS_HKD_LY":null,"ORG_TYPE":"一般企业","PREMIUM_INCOME":null,"PREMIUM_INCOME_YOY":null,"NET_INTEREST_INCOME":null,"NET_INTEREST_INCOME_YOY":null,"FEE_COMMISSION_INCOME":null,"FEE_COMMISSION_INCOME_YOY":null,"ACCOUNTS_RECE_TDAYS":2.32603481933,"INVENTORY_TDAYS":12.746741580374,"CURRENT_ASSETS_TDAYS":1.212284424585,"TOTAL_ASSETS_TDAYS":0.335161671601,"PREMIUM_EXPENSE":null,"LOAN_DEPOSIT":null,"LOAN_EQUITY":null,"LOAN_ASSETS":null,"DEPOSIT_EQUITY":null,"DEPOSIT_ASSETS":null,"EQUITY_MULTIPLIER":2.292359010709,"EQUITY_RATIO":1.292187715554},{"SECUCODE":"06128.HK","SECURITY_CODE":"06128","SECURITY_NAME_ABBR":"烯石电车新材料","ORG_CODE":"10400126","STD_REPORT_DATE":"2023-06-30 00:00:00","REPORT_DATE":"2023-06-30 00:00:00","DATE_TYPE_CODE":"002","REPORT_TYPE":"2023年中报","PER_NETCASH_OPERATE":-0.009880979925,"PER_OI":0.179396946375,"BPS":0.291131298663,"BASIC_EPS":-0.055871988,"DILUTED_EPS":-0.055871988,"OPERATE_INCOME":139471602.52,"OPERATE_INCOME_YOY":-7.2695285442,"GROSS_PROFIT":46128503.36,"GROSS_PROFIT_YOY":-8.420381726077,"HOLDER_PROFIT":-40537616.64,"HOLDER_PROFIT_YOY":26.2690121242,"GROSS_PROFIT_RATIO":33.073760196729,"EPS_TTM":-0.066587105024,"OPERATE_INCOME_QOQ":-0.012501708052,"NET_PROFIT_RATIO":-27.6154527546,"ROE_AVG":-11.65533420812,"GROSS_PROFIT_QOQ":-3.958000720252,"ROA":-4.891259909924,"HOLDER_PROFIT_QOQ":16.809074397855,"ROE_YEARLY":-23.310668416239,"ROIC_YEARLY":-9.947269382023,"TOTAL_ASSETS":832679783.14,"TOTAL_LIABILITIES":495719142.64,"TAX_EBT":10.699016673792,"OCF_SALES":-5.507886351918,"TOTAL_PARENT_EQUITY":344715414.28,"DEBT_ASSET_RATIO":59.5329864706,"OPERATE_PROFIT":-31168455.88,"PRETAX_PROFIT":-43130224.4,"NETCASH_OPERATE":-7681937.36,"NETCASH_INVEST":-2987215.2,"NETCASH_FINANCE":-2022824.12,"END_CASH":16096848.82,"DIVI_RATIO":null,"DIVIDEND_RATE":null,"CURRENT_RATIO":1.104089494163,"COMMON_ACS":2000000000,"CURRENTDEBT_DEBT":47.799013517635,"ISSUED_COMMON_SHARES":1173806762,"HK_COMMON_SHARES":1173806762,"PER_SHARES":2000,"TOTAL_MARKET_CAP":52821304.29,"HKSK_MARKET_CAP":52821304.29,"PE_TTM":-0.428410526619,"PB_TTM":0.162023570719,"REPORT_DATE_SQ":"2022-06-30 00:00:00","REPORT_TYPE_SQ":"2022年中报","OPERATE_INCOME_SQ":139509710.27,"DPS_HKD":null,"OPERATE_INCOME_QOQ_SQ":-3.893026518114,"NET_PROFIT_RATIO_SQ":-36.6927598953,"HOLDER_PROFIT_SQ":-50997545.27,"HOLDER_PROFIT_QOQ_SQ":6.4844999166,"ROE_AVG_SQ":-22.381063187762,"PE_TTM_SQ":-5.155231384125,"PB_TTM_SQ":0.751037863969,"ROA_SQ":-5.591417610439,"START_DATE":"2023-01-01 00:00:00","FISCAL_YEAR":"12-31","CURRENCY":"HKD","IS_CNY_CODE":0,"DPS_HKD_LY":null,"ORG_TYPE":"一般企业","PREMIUM_INCOME":null,"PREMIUM_INCOME_YOY":null,"NET_INTEREST_INCOME":null,"NET_INTEREST_INCOME_YOY":null,"FEE_COMMISSION_INCOME":null,"FEE_COMMISSION_INCOME_YOY":null,"ACCOUNTS_RECE_TDAYS":1.063097568089,"INVENTORY_TDAYS":7.747618136598,"CURRENT_ASSETS_TDAYS":0.58309017673,"TOTAL_ASSETS_TDAYS":0.168286128915,"PREMIUM_EXPENSE":null,"LOAN_DEPOSIT":null,"LOAN_EQUITY":null,"LOAN_ASSETS":null,"DEPOSIT_EQUITY":null,"DEPOSIT_ASSETS":null,"EQUITY_MULTIPLIER":2.471148505371,"EQUITY_RATIO":1.438053310367},{"SECUCODE":"06128.HK","SECURITY_CODE":"06128","SECURITY_NAME_ABBR":"烯石电车新材料","ORG_CODE":"10400126","STD_REPORT_DATE":"2022-12-31 00:00:00","REPORT_DATE":"2022-12-31 00:00:00","DATE_TYPE_CODE":"001","REPORT_TYPE":"2022年年报","PER_NETCASH_OPERATE":0.084873925891,"PER_OI":0.445974305457,"BPS":0.289625414238,"BASIC_EPS":-0.10897894,"DILUTED_EPS":-0.10897894,"OPERATE_INCOME":304820348.07,"OPERATE_INCOME_YOY":-12.7338985001,"GROSS_PROFIT":107158455.74,"GROSS_PROFIT_YOY":-11.648759694289,"HOLDER_PROFIT":-62227868.01,"HOLDER_PROFIT_YOY":-30.0993538266,"GROSS_PROFIT_RATIO":35.154626788692,"EPS_TTM":-0.091043889923,"OPERATE_INCOME_QOQ":-0.795233392452,"NET_PROFIT_RATIO":-20.4107947169,"ROE_AVG":-24.109432590978,"GROSS_PROFIT_QOQ":-4.912592901064,"ROA":-6.995748603747,"HOLDER_PROFIT_QOQ":-51.996436007718,"ROE_YEARLY":-24.109432590978,"ROIC_YEARLY":-7.156274028498,"TOTAL_ASSETS":799187230.52,"TOTAL_LIABILITIES":468818467.18,"TAX_EBT":3.224910033208,"OCF_SALES":19.031124630393,"TOTAL_PARENT_EQUITY":339964269.68,"DEBT_ASSET_RATIO":58.6619066567,"OPERATE_PROFIT":-26785594.22,"PRETAX_PROFIT":-64289535.17,"NETCASH_OPERATE":58010740.34,"NETCASH_INVEST":-78697980.27,"NETCASH_FINANCE":25995943.54,"END_CASH":28111206.9,"DIVI_RATIO":null,"DIVIDEND_RATE":null,"CURRENT_RATIO":0.815835860566,"COMMON_ACS":2000000000,"CURRENTDEBT_DEBT":54.911457718059,"ISSUED_COMMON_SHARES":1173806762,"HK_COMMON_SHARES":1173806762,"PER_SHARES":2000,"TOTAL_MARKET_CAP":52821304.29,"HKSK_MARKET_CAP":52821304.29,"PE_TTM":-0.428410526619,"PB_TTM":0.162023570719,"REPORT_DATE_SQ":"2021-12-31 00:00:00","REPORT_TYPE_SQ":"2021年年报","OPERATE_INCOME_SQ":319710216,"DPS_HKD":null,"OPERATE_INCOME_QOQ_SQ":-5.267759108005,"NET_PROFIT_RATIO_SQ":-13.0492155434,"HOLDER_PROFIT_SQ":-43779209.6,"HOLDER_PROFIT_QOQ_SQ":49.164584212424,"ROE_AVG_SQ":-29.036150131635,"PE_TTM_SQ":-5.155231384125,"PB_TTM_SQ":0.751037863969,"ROA_SQ":-4.865288231938,"START_DATE":"2022-01-01 00:00:00","FISCAL_YEAR":"12-31","CURRENCY":"HKD","IS_CNY_CODE":0,"DPS_HKD_LY":null,"ORG_TYPE":"一般企业","PREMIUM_INCOME":null,"PREMIUM_INCOME_YOY":null,"NET_INTEREST_INCOME":null,"NET_INTEREST_INCOME_YOY":null,"FEE_COMMISSION_INCOME":null,"FEE_COMMISSION_INCOME_YOY":null,"ACCOUNTS_RECE_TDAYS":3.012646829023,"INVENTORY_TDAYS":8.08916103089,"CURRENT_ASSETS_TDAYS":1.260105574706,"TOTAL_ASSETS_TDAYS":0.342683526304,"PREMIUM_EXPENSE":null,"LOAN_DEPOSIT":null,"LOAN_EQUITY":null,"LOAN_ASSETS":null,"DEPOSIT_EQUITY":null,"DEPOSIT_ASSETS":null,"EQUITY_MULTIPLIER":2.419076254184,"EQUITY_RATIO":1.379022765014},{"SECUCODE":"06128.HK","SECURITY_CODE":"06128","SECURITY_NAME_ABBR":"烯石电车新材料","ORG_CODE":"10400126","STD_REPORT_DATE":"2022-06-30 00:00:00","REPORT_DATE":"2022-06-30 00:00:00","DATE_TYPE_CODE":"002","REPORT_TYPE":"2022年中报","PER_NETCASH_OPERATE":0.001295296897,"PER_OI":0.257689839812,"BPS":0.242134382712,"BASIC_EPS":-0.098859964,"DILUTED_EPS":-0.098859964,"OPERATE_INCOME":139509710.27,"OPERATE_INCOME_YOY":-10.6717701044,"GROSS_PROFIT":50369835.81,"GROSS_PROFIT_YOY":-14.572406002649,"HOLDER_PROFIT":-50997545.27,"HOLDER_PROFIT_YOY":7.8329546684,"GROSS_PROFIT_RATIO":36.1048960051,"EPS_TTM":-0.075621341237,"OPERATE_INCOME_QOQ":-3.893026518114,"NET_PROFIT_RATIO":-36.6927598953,"ROE_AVG":-22.381063187762,"GROSS_PROFIT_QOQ":-7.084183909038,"ROA":-5.591417610439,"HOLDER_PROFIT_QOQ":6.4844999166,"ROE_YEARLY":-44.762126375524,"ROIC_YEARLY":-11.422627943805,"TOTAL_ASSETS":886074331.66,"TOTAL_LIABILITIES":604591108.73,"TAX_EBT":8.33665125111,"OCF_SALES":0.502657340943,"TOTAL_PARENT_EQUITY":286986370.58,"DEBT_ASSET_RATIO":68.2325497001,"OPERATE_PROFIT":-30914263.31,"PRETAX_PROFIT":-55845617.38,"NETCASH_OPERATE":701255.8,"NETCASH_INVEST":-3380566.07,"NETCASH_FINANCE":1212659.42,"END_CASH":23318465.73,"DIVI_RATIO":null,"DIVIDEND_RATE":null,"CURRENT_RATIO":0.823218463691,"COMMON_ACS":2000000000,"CURRENTDEBT_DEBT":51.751213281525,"ISSUED_COMMON_SHARES":1173806762,"HK_COMMON_SHARES":1173806762,"PER_SHARES":2000,"TOTAL_MARKET_CAP":52821304.29,"HKSK_MARKET_CAP":52821304.29,"PE_TTM":-0.428410526619,"PB_TTM":0.162023570719,"REPORT_DATE_SQ":"2021-06-30 00:00:00","REPORT_TYPE_SQ":"2021年中报","OPERATE_INCOME_SQ":151956113.76,"DPS_HKD":null,"OPERATE_INCOME_QOQ_SQ":3.121209583454,"NET_PROFIT_RATIO_SQ":-36.7518699828,"HOLDER_PROFIT_SQ":-53836408.08,"HOLDER_PROFIT_QOQ_SQ":-11.589871532402,"ROE_AVG_SQ":-39.903788334336,"PE_TTM_SQ":-5.155231384125,"PB_TTM_SQ":0.751037863969,"ROA_SQ":-5.899841928626,"START_DATE":"2022-01-01 00:00:00","FISCAL_YEAR":"12-31","CURRENCY":"HKD","IS_CNY_CODE":0,"DPS_HKD_LY":null,"ORG_TYPE":"一般企业","PREMIUM_INCOME":null,"PREMIUM_INCOME_YOY":null,"NET_INTEREST_INCOME":null,"NET_INTEREST_INCOME_YOY":null,"FEE_COMMISSION_INCOME":null,"FEE_COMMISSION_INCOME_YOY":null,"ACCOUNTS_RECE_TDAYS":1.085700404643,"INVENTORY_TDAYS":4.931469259338,"CURRENT_ASSETS_TDAYS":0.536909592973,"TOTAL_ASSETS_TDAYS":0.15295972516,"PREMIUM_EXPENSE":null,"LOAN_DEPOSIT":null,"LOAN_EQUITY":null,"LOAN_ASSETS":null,"DEPOSIT_EQUITY":null,"DEPOSIT_ASSETS":null,"EQUITY_MULTIPLIER":3.147876176903,"EQUITY_RATIO":2.106689274157},{"SECUCODE":"06128.HK","SECURITY_CODE":"06128","SECURITY_NAME_ABBR":"烯石电车新材料","ORG_CODE":"10400126","STD_REPORT_DATE":"2021-12-31 00:00:00","REPORT_DATE":"2021-12-31 00:00:00","DATE_TYPE_CODE":"001","REPORT_TYPE":"2021年年报","PER_NETCASH_OPERATE":-0.020636045605,"PER_OI":0.627970123979,"BPS":0.137430956118,"BASIC_EPS":-0.089936,"DILUTED_EPS":-0.089936,"OPERATE_INCOME":319710216,"OPERATE_INCOME_YOY":0.5613961096,"GROSS_PROFIT":121286872,"GROSS_PROFIT_YOY":-8.222127368533,"HOLDER_PROFIT":-43779209.6,"HOLDER_PROFIT_YOY":41.6048682603,"GROSS_PROFIT_RATIO":37.936501847661,"EPS_TTM":-0.085990482332,"OPERATE_INCOME_QOQ":-5.267759108005,"NET_PROFIT_RATIO":-13.0492155434,"ROE_AVG":-29.036150131635,"GROSS_PROFIT_QOQ":-7.993451553706,"ROA":-4.865288231938,"HOLDER_PROFIT_QOQ":49.164584212424,"ROE_YEARLY":-29.036150131635,"ROIC_YEARLY":-4.998515735999,"TOTAL_ASSETS":896829528,"TOTAL_LIABILITIES":740658116.8,"TAX_EBT":-2.517378551051,"OCF_SALES":-3.286150856061,"TOTAL_PARENT_EQUITY":161317385.6,"DEBT_ASSET_RATIO":82.5862768426,"OPERATE_PROFIT":8414739.2,"PRETAX_PROFIT":-40695222.4,"NETCASH_OPERATE":-10506160,"NETCASH_INVEST":1783185.6,"NETCASH_FINANCE":975396.8,"END_CASH":24724224,"DIVI_RATIO":null,"DIVIDEND_RATE":null,"CURRENT_RATIO":0.819782541827,"COMMON_ACS":2000000000,"CURRENTDEBT_DEBT":41.270326627979,"ISSUED_COMMON_SHARES":1173806762,"HK_COMMON_SHARES":1173806762,"PER_SHARES":2000,"TOTAL_MARKET_CAP":52821304.29,"HKSK_MARKET_CAP":52821304.29,"PE_TTM":-0.428410526619,"PB_TTM":0.162023570719,"REPORT_DATE_SQ":"2020-12-31 00:00:00","REPORT_TYPE_SQ":"2020年年报","OPERATE_INCOME_SQ":327273397.28,"DPS_HKD":null,"OPERATE_INCOME_QOQ_SQ":-4.31249806777,"NET_PROFIT_RATIO_SQ":-24.6859987862,"HOLDER_PROFIT_SQ":-77175021.44,"HOLDER_PROFIT_QOQ_SQ":-7.135823826962,"ROE_AVG_SQ":-46.758862644311,"PE_TTM_SQ":-5.155231384125,"PB_TTM_SQ":0.751037863969,"ROA_SQ":-8.129906861072,"START_DATE":"2021-01-01 00:00:00","FISCAL_YEAR":"12-31","CURRENCY":"HKD","IS_CNY_CODE":0,"DPS_HKD_LY":null,"ORG_TYPE":"一般企业","PREMIUM_INCOME":null,"PREMIUM_INCOME_YOY":null,"NET_INTEREST_INCOME":null,"NET_INTEREST_INCOME_YOY":null,"FEE_COMMISSION_INCOME":null,"FEE_COMMISSION_INCOME_YOY":null,"ACCOUNTS_RECE_TDAYS":4.04530124969,"INVENTORY_TDAYS":7.339563297647,"CURRENT_ASSETS_TDAYS":1.374478465502,"TOTAL_ASSETS_TDAYS":0.355301606801,"PREMIUM_EXPENSE":null,"LOAN_DEPOSIT":null,"LOAN_EQUITY":null,"LOAN_ASSETS":null,"DEPOSIT_EQUITY":null,"DEPOSIT_ASSETS":null,"EQUITY_MULTIPLIER":5.742597323738,"EQUITY_RATIO":4.591309944959},{"SECUCODE":"06128.HK","SECURITY_CODE":"06128","SECURITY_NAME_ABBR":"烯石电车新材料","ORG_CODE":"10400126","STD_REPORT_DATE":"2021-06-30 00:00:00","REPORT_DATE":"2021-06-30 00:00:00","DATE_TYPE_CODE":"002","REPORT_TYPE":"2021年中报","PER_NETCASH_OPERATE":-0.019618791165,"PER_OI":0.31122505908,"BPS":0.108293120772,"BASIC_EPS":-0.111831552,"DILUTED_EPS":-0.111831552,"OPERATE_INCOME":151956113.76,"OPERATE_INCOME_YOY":17.6892887294,"GROSS_PROFIT":58962020.88,"GROSS_PROFIT_YOY":-0.553977800215,"HOLDER_PROFIT":-53836408.08,"HOLDER_PROFIT_YOY":-31.6505921133,"GROSS_PROFIT_RATIO":38.802006330015,"EPS_TTM":-0.176383483875,"OPERATE_INCOME_QOQ":3.121209583454,"NET_PROFIT_RATIO":-36.7518699828,"ROE_AVG":-39.903788334336,"GROSS_PROFIT_QOQ":-0.248542977308,"ROA":-5.899841928626,"HOLDER_PROFIT_QOQ":-11.589871532402,"ROE_YEARLY":-79.807576668671,"ROIC_YEARLY":-12.099558943297,"TOTAL_ASSETS":906196693.92,"TOTAL_LIABILITIES":786410457.12,"TAX_EBT":6.338352474916,"OCF_SALES":-6.303731204346,"TOTAL_PARENT_EQUITY":127115197.44,"DEBT_ASSET_RATIO":86.7814308302,"OPERATE_PROFIT":-34983971.52,"PRETAX_PROFIT":-59626020.72,"NETCASH_OPERATE":-9578904.96,"NETCASH_INVEST":4708740.72,"NETCASH_FINANCE":-3595417.68,"END_CASH":23668515.6,"DIVI_RATIO":null,"DIVIDEND_RATE":null,"CURRENT_RATIO":0.951416488156,"COMMON_ACS":2000000000,"CURRENTDEBT_DEBT":30.722854597435,"ISSUED_COMMON_SHARES":1173806762,"HK_COMMON_SHARES":1173806762,"PER_SHARES":2000,"TOTAL_MARKET_CAP":52821304.29,"HKSK_MARKET_CAP":52821304.29,"PE_TTM":-0.428410526619,"PB_TTM":0.162023570719,"REPORT_DATE_SQ":"2020-06-30 00:00:00","REPORT_TYPE_SQ":"2020年中报","OPERATE_INCOME_SQ":141741225.12,"DPS_HKD":null,"OPERATE_INCOME_QOQ_SQ":21.620305177516,"NET_PROFIT_RATIO_SQ":-37.4446585424,"HOLDER_PROFIT_SQ":-44891922.24,"HOLDER_PROFIT_QOQ_SQ":-40.877456615031,"ROE_AVG_SQ":-26.110032328073,"PE_TTM_SQ":-5.155231384125,"PB_TTM_SQ":0.751037863969,"ROA_SQ":-4.427186669976,"START_DATE":"2021-01-01 00:00:00","FISCAL_YEAR":"12-31","CURRENCY":"HKD","IS_CNY_CODE":0,"DPS_HKD_LY":null,"ORG_TYPE":"一般企业","PREMIUM_INCOME":null,"PREMIUM_INCOME_YOY":null,"NET_INTEREST_INCOME":null,"NET_INTEREST_INCOME_YOY":null,"FEE_COMMISSION_INCOME":null,"FEE_COMMISSION_INCOME_YOY":null,"ACCOUNTS_RECE_TDAYS":1.95032919855,"INVENTORY_TDAYS":2.780816123414,"CURRENT_ASSETS_TDAYS":0.677928224736,"TOTAL_ASSETS_TDAYS":0.166526163844,"PREMIUM_EXPENSE":null,"LOAN_DEPOSIT":null,"LOAN_EQUITY":null,"LOAN_ASSETS":null,"DEPOSIT_EQUITY":null,"DEPOSIT_ASSETS":null,"EQUITY_MULTIPLIER":7.565115309792,"EQUITY_RATIO":6.18659666946},{"SECUCODE":"06128.HK","SECURITY_CODE":"06128","SECURITY_NAME_ABBR":"烯石电车新材料","ORG_CODE":"10400126","STD_REPORT_DATE":"2020-12-31 00:00:00","REPORT_DATE":"2020-12-31 00:00:00","DATE_TYPE_CODE":"001","REPORT_TYPE":"2020年年报","PER_NETCASH_OPERATE":0.046880128056,"PER_OI":0.678582175206,"BPS":0.122980692013,"BASIC_EPS":-0.16327816,"DILUTED_EPS":-0.16327816,"OPERATE_INCOME":327273397.28,"OPERATE_INCOME_YOY":23.8614898978,"GROSS_PROFIT":132152629.52,"GROSS_PROFIT_YOY":0.798719183705,"HOLDER_PROFIT":-77175021.44,"HOLDER_PROFIT_YOY":-60.6390806209,"GROSS_PROFIT_RATIO":40.379887463611,"EPS_TTM":-0.16001787605,"OPERATE_INCOME_QOQ":-4.31249806777,"NET_PROFIT_RATIO":-24.6859987862,"ROE_AVG":-46.758862644311,"GROSS_PROFIT_QOQ":-7.787422670388,"ROA":-8.129906861072,"HOLDER_PROFIT_QOQ":-7.135823826962,"ROE_YEARLY":-46.758862644311,"ROIC_YEARLY":-8.464076872309,"TOTAL_ASSETS":929371711.96,"TOTAL_LIABILITIES":787530122.76,"TAX_EBT":6.710594089235,"OCF_SALES":6.90854103875,"TOTAL_PARENT_EQUITY":144355567.88,"DEBT_ASSET_RATIO":84.7379054716,"OPERATE_PROFIT":-42754470.36,"PRETAX_PROFIT":-86602231.08,"NETCASH_OPERATE":22609816.96,"NETCASH_INVEST":-8870043.96,"NETCASH_FINANCE":-27505636.84,"END_CASH":31737402.76,"DIVI_RATIO":null,"DIVIDEND_RATE":null,"CURRENT_RATIO":0.828251404051,"COMMON_ACS":2000000000,"CURRENTDEBT_DEBT":33.871641717671,"ISSUED_COMMON_SHARES":1173806762,"HK_COMMON_SHARES":1173806762,"PER_SHARES":2000,"TOTAL_MARKET_CAP":52821304.29,"HKSK_MARKET_CAP":52821304.29,"PE_TTM":-0.428410526619,"PB_TTM":0.162023570719,"REPORT_DATE_SQ":"2019-12-31 00:00:00","REPORT_TYPE_SQ":"2019年年报","OPERATE_INCOME_SQ":281222068.98,"DPS_HKD":null,"OPERATE_INCOME_QOQ_SQ":65.352893642808,"NET_PROFIT_RATIO_SQ":-20.8332138841,"HOLDER_PROFIT_SQ":-51132913.96,"HOLDER_PROFIT_QOQ_SQ":10.808781200037,"ROE_AVG_SQ":-36.552364486281,"PE_TTM_SQ":-5.155231384125,"PB_TTM_SQ":0.751037863969,"ROA_SQ":-7.789053406636,"START_DATE":"2020-01-01 00:00:00","FISCAL_YEAR":"12-31","CURRENCY":"HKD","IS_CNY_CODE":0,"DPS_HKD_LY":null,"ORG_TYPE":"一般企业","PREMIUM_INCOME":null,"PREMIUM_INCOME_YOY":null,"NET_INTEREST_INCOME":null,"NET_INTEREST_INCOME_YOY":null,"FEE_COMMISSION_INCOME":null,"FEE_COMMISSION_INCOME_YOY":null,"ACCOUNTS_RECE_TDAYS":4.371137265482,"INVENTORY_TDAYS":8.790581276305,"CURRENT_ASSETS_TDAYS":1.426812264248,"TOTAL_ASSETS_TDAYS":0.344762098973,"PREMIUM_EXPENSE":null,"LOAN_DEPOSIT":null,"LOAN_EQUITY":null,"LOAN_ASSETS":null,"DEPOSIT_EQUITY":null,"DEPOSIT_ASSETS":null,"EQUITY_MULTIPLIER":6.552180620682,"EQUITY_RATIO":5.455488377245},{"SECUCODE":"06128.HK","SECURITY_CODE":"06128","SECURITY_NAME_ABBR":"烯石电车新材料","ORG_CODE":"10400126","STD_REPORT_DATE":"2020-06-30 00:00:00","REPORT_DATE":"2020-06-30 00:00:00","DATE_TYPE_CODE":"002","REPORT_TYPE":"2020年中报","PER_NETCASH_OPERATE":0.031979585726,"PER_OI":0.293892108731,"BPS":0.121211809206,"BASIC_EPS":-0.093079536,"DILUTED_EPS":-0.093079536,"OPERATE_INCOME":141741225.12,"OPERATE_INCOME_YOY":68.642474433,"GROSS_PROFIT":59290476.96,"GROSS_PROFIT_YOY":25.927777297859,"HOLDER_PROFIT":-44891922.24,"HOLDER_PROFIT_YOY":-80.2068055148,"GROSS_PROFIT_RATIO":41.830086419674,"EPS_TTM":-0.149359822265,"OPERATE_INCOME_QOQ":21.620305177516,"NET_PROFIT_RATIO":-37.4446585424,"ROE_AVG":-26.110032328073,"GROSS_PROFIT_QOQ":9.311248099488,"ROA":-4.427186669976,"HOLDER_PROFIT_QOQ":-40.877456615031,"ROE_YEARLY":-52.220064656146,"ROIC_YEARLY":-9.161513478447,"TOTAL_ASSETS":976156790.4,"TOTAL_LIABILITIES":840990506.4,"TAX_EBT":9.040529751562,"OCF_SALES":10.881403336921,"TOTAL_PARENT_EQUITY":142279241.28,"DEBT_ASSET_RATIO":86.1532199203,"OPERATE_PROFIT":-29397239.52,"PRETAX_PROFIT":-58349633.76,"NETCASH_OPERATE":15423434.4,"NETCASH_INVEST":-11496555.84,"NETCASH_FINANCE":-25587281.28,"END_CASH":25467620.64,"DIVI_RATIO":null,"DIVIDEND_RATE":null,"CURRENT_RATIO":1.243643236518,"COMMON_ACS":2000000000,"CURRENTDEBT_DEBT":22.699403161776,"ISSUED_COMMON_SHARES":1173806762,"HK_COMMON_SHARES":1173806762,"PER_SHARES":2000,"TOTAL_MARKET_CAP":52821304.29,"HKSK_MARKET_CAP":52821304.29,"PE_TTM":-0.428410526619,"PB_TTM":0.162023570719,"REPORT_DATE_SQ":"2019-06-30 00:00:00","REPORT_TYPE_SQ":"2019年中报","OPERATE_INCOME_SQ":80940155.58,"DPS_HKD":null,"OPERATE_INCOME_QOQ_SQ":-1.625383305939,"NET_PROFIT_RATIO_SQ":-32.4160716421,"HOLDER_PROFIT_SQ":-23990087.52,"HOLDER_PROFIT_QOQ_SQ":-81.552596217016,"ROE_AVG_SQ":-35.389915846434,"PE_TTM_SQ":-5.155231384125,"PB_TTM_SQ":0.751037863969,"ROA_SQ":-8.412506477803,"START_DATE":"2020-01-01 00:00:00","FISCAL_YEAR":"12-31","CURRENCY":"HKD","IS_CNY_CODE":0,"DPS_HKD_LY":null,"ORG_TYPE":"一般企业","PREMIUM_INCOME":null,"PREMIUM_INCOME_YOY":null,"NET_INTEREST_INCOME":null,"NET_INTEREST_INCOME_YOY":null,"FEE_COMMISSION_INCOME":null,"FEE_COMMISSION_INCOME_YOY":null,"ACCOUNTS_RECE_TDAYS":1.573028810089,"INVENTORY_TDAYS":3.423824605989,"CURRENT_ASSETS_TDAYS":0.572101160071,"TOTAL_ASSETS_TDAYS":0.13978346908,"PREMIUM_EXPENSE":null,"LOAN_DEPOSIT":null,"LOAN_EQUITY":null,"LOAN_ASSETS":null,"DEPOSIT_EQUITY":null,"DEPOSIT_ASSETS":null,"EQUITY_MULTIPLIER":7.221895590485,"EQUITY_RATIO":5.910844750324}],"count":25},"success":true,"message":"ok","code":0}