{"version":"20cc91c018e2fcddcce92ff43f8bec5f","result":{"pages":3,"data":[{"SECUCODE":"06127.HK","SECURITY_CODE":"06127","SECURITY_NAME_ABBR":"昭衍新药","ORG_CODE":"10321359","STD_REPORT_DATE":"2024-09-30 00:00:00","REPORT_DATE":"2024-09-30 00:00:00","DATE_TYPE_CODE":"004","REPORT_TYPE":"2024年三季报","PER_NETCASH_OPERATE":0.256613109717,"PER_OI":1.781449538006,"BPS":10.677355163619,"BASIC_EPS":-0.09,"DILUTED_EPS":-0.09,"OPERATE_INCOME":1335156050.4,"OPERATE_INCOME_YOY":-15.8734130605,"GROSS_PROFIT":366904420.9,"GROSS_PROFIT_YOY":-47.179438102881,"HOLDER_PROFIT":-70307075.11,"HOLDER_PROFIT_YOY":-121.4613636387,"GROSS_PROFIT_RATIO":27.480265006482,"EPS_TTM":-0.00121742729,"OPERATE_INCOME_QOQ":-4.029499445064,"NET_PROFIT_RATIO":-5.5606990597,"ROE_AVG":-0.863630371874,"GROSS_PROFIT_QOQ":-12.279233031586,"ROA":-0.719167745826,"HOLDER_PROFIT_QOQ":-100.667843248624,"ROE_YEARLY":-1.151507162499,"ROIC_YEARLY":-1.055210758715,"TOTAL_ASSETS":9525184807.98,"TOTAL_LIABILITIES":1534350209.75,"TAX_EBT":-6.226354020374,"OCF_SALES":14.404736381368,"TOTAL_PARENT_EQUITY":8002435682.2,"DEBT_ASSET_RATIO":16.1083510785,"OPERATE_PROFIT":-144528185.53,"PRETAX_PROFIT":-69892269.79,"NETCASH_OPERATE":192325709.34,"NETCASH_INVEST":-950050766.71,"NETCASH_FINANCE":-248828091.97,"END_CASH":1840124511.87,"DIVI_RATIO":-133.987139336325,"DIVIDEND_RATE":1.654411764706,"CURRENT_RATIO":4.107248640842,"COMMON_ACS":null,"CURRENTDEBT_DEBT":84.642141168776,"ISSUED_COMMON_SHARES":749477334,"HK_COMMON_SHARES":118995206,"PER_SHARES":100,"TOTAL_MARKET_CAP":8154313393.92,"HKSK_MARKET_CAP":1294667841.28,"PE_TTM":2624.51091091165,"PB_TTM":0.918905014365,"REPORT_DATE_SQ":"2023-09-30 00:00:00","REPORT_TYPE_SQ":"2023年三季报","OPERATE_INCOME_SQ":1587079779.38,"DPS_HKD":0.18,"OPERATE_INCOME_QOQ_SQ":3.015811487208,"NET_PROFIT_RATIO_SQ":20.553283262,"HOLDER_PROFIT_SQ":327598359.05,"HOLDER_PROFIT_QOQ_SQ":-3.0162355549,"ROE_AVG_SQ":3.990701199393,"PE_TTM_SQ":8.972825981971,"PB_TTM_SQ":0.860737088785,"ROA_SQ":3.181047445945,"START_DATE":"2024-01-01 00:00:00","FISCAL_YEAR":"12-31","CURRENCY":"HKD","IS_CNY_CODE":0,"DPS_HKD_LY":0.18,"ORG_TYPE":"一般企业","PREMIUM_INCOME":null,"PREMIUM_INCOME_YOY":null,"NET_INTEREST_INCOME":null,"NET_INTEREST_INCOME_YOY":null,"FEE_COMMISSION_INCOME":null,"FEE_COMMISSION_INCOME_YOY":null,"ACCOUNTS_RECE_TDAYS":6.048937296459,"INVENTORY_TDAYS":1.06612955797,"CURRENT_ASSETS_TDAYS":0.214378224046,"TOTAL_ASSETS_TDAYS":0.136572480876,"PREMIUM_EXPENSE":null,"LOAN_DEPOSIT":null,"LOAN_EQUITY":null,"LOAN_ASSETS":null,"DEPOSIT_EQUITY":null,"DEPOSIT_ASSETS":null,"EQUITY_MULTIPLIER":1.192013761627,"EQUITY_RATIO":0.191735400406},{"SECUCODE":"06127.HK","SECURITY_CODE":"06127","SECURITY_NAME_ABBR":"昭衍新药","ORG_CODE":"10321359","STD_REPORT_DATE":"2024-06-30 00:00:00","REPORT_DATE":"2024-06-30 00:00:00","DATE_TYPE_CODE":"002","REPORT_TYPE":"2024年中报","PER_NETCASH_OPERATE":0.20840026021,"PER_OI":1.132644085893,"BPS":10.562044562111,"BASIC_EPS":-0.23,"DILUTED_EPS":-0.23,"OPERATE_INCOME":849357000,"OPERATE_INCOME_YOY":-16.0778280704,"GROSS_PROFIT":211301000,"GROSS_PROFIT_YOY":-52.813427452942,"HOLDER_PROFIT":-169742000,"HOLDER_PROFIT_YOY":-287.2973837819,"GROSS_PROFIT_RATIO":24.877760470568,"EPS_TTM":0.182192370924,"OPERATE_INCOME_QOQ":-5.06636568403,"NET_PROFIT_RATIO":-20.2786343081,"ROE_AVG":-2.096184682498,"GROSS_PROFIT_QOQ":-17.003235023728,"ROA":-1.724281460084,"HOLDER_PROFIT_QOQ":316.900916629649,"ROE_YEARLY":-4.192369364996,"ROIC_YEARLY":-5.169984775619,"TOTAL_ASSETS":9661274000,"TOTAL_LIABILITIES":1746032000,"TAX_EBT":2.882983462174,"OCF_SALES":18.399448053057,"TOTAL_PARENT_EQUITY":7916013000,"DEBT_ASSET_RATIO":18.0724819522,"OPERATE_PROFIT":-191574000,"PRETAX_PROFIT":-177351000,"NETCASH_OPERATE":156277000,"NETCASH_INVEST":-744232000,"NETCASH_FINANCE":-107250000,"END_CASH":2158195000,"DIVI_RATIO":0.895315205421,"DIVIDEND_RATE":1.896733403583,"CURRENT_RATIO":3.618035891305,"COMMON_ACS":null,"CURRENTDEBT_DEBT":86.951155534377,"ISSUED_COMMON_SHARES":749477334,"HK_COMMON_SHARES":118995206,"PER_SHARES":100,"TOTAL_MARKET_CAP":7112539899.66,"HKSK_MARKET_CAP":1129264504.94,"PE_TTM":2289.21034416834,"PB_TTM":0.801508142125,"REPORT_DATE_SQ":"2023-06-30 00:00:00","REPORT_TYPE_SQ":"2023年中报","OPERATE_INCOME_SQ":1012077000,"DPS_HKD":0.18,"OPERATE_INCOME_QOQ_SQ":5.780364431014,"NET_PROFIT_RATIO_SQ":8.8439911193,"HOLDER_PROFIT_SQ":90627000,"HOLDER_PROFIT_QOQ_SQ":-30.167551828446,"ROE_AVG_SQ":1.118733418036,"PE_TTM_SQ":9.913665987847,"PB_TTM_SQ":0.950989133046,"ROA_SQ":0.880577992323,"START_DATE":"2024-01-01 00:00:00","FISCAL_YEAR":"12-31","CURRENCY":"HKD","IS_CNY_CODE":0,"DPS_HKD_LY":0.18,"ORG_TYPE":"一般企业","PREMIUM_INCOME":null,"PREMIUM_INCOME_YOY":null,"NET_INTEREST_INCOME":null,"NET_INTEREST_INCOME_YOY":null,"FEE_COMMISSION_INCOME":null,"FEE_COMMISSION_INCOME_YOY":null,"ACCOUNTS_RECE_TDAYS":4.022464472168,"INVENTORY_TDAYS":3.447125306594,"CURRENT_ASSETS_TDAYS":0.134659854484,"TOTAL_ASSETS_TDAYS":0.086279796874,"PREMIUM_EXPENSE":null,"LOAN_DEPOSIT":null,"LOAN_EQUITY":null,"LOAN_ASSETS":null,"DEPOSIT_EQUITY":null,"DEPOSIT_ASSETS":null,"EQUITY_MULTIPLIER":1.220591107638,"EQUITY_RATIO":0.220569622612},{"SECUCODE":"06127.HK","SECURITY_CODE":"06127","SECURITY_NAME_ABBR":"昭衍新药","ORG_CODE":"10321359","STD_REPORT_DATE":"2024-03-31 00:00:00","REPORT_DATE":"2024-03-31 00:00:00","DATE_TYPE_CODE":"003","REPORT_TYPE":"2024年一季报","PER_NETCASH_OPERATE":0.159961764286,"PER_OI":0.433143083905,"BPS":10.664958415647,"BASIC_EPS":-0.36,"DILUTED_EPS":-0.36,"OPERATE_INCOME":324809103.67,"OPERATE_INCOME_YOY":-12.06783851,"GROSS_PROFIT":106652113.94,"GROSS_PROFIT_YOY":-44.148333435399,"HOLDER_PROFIT":-272222474.99,"HOLDER_PROFIT_YOY":-244.9845416511,"GROSS_PROFIT_RATIO":32.835321650454,"EPS_TTM":-0.083997971864,"OPERATE_INCOME_QOQ":-1.875747996097,"NET_PROFIT_RATIO":-84.1613119772,"ROE_AVG":-3.345805975916,"GROSS_PROFIT_QOQ":-8.607769911568,"ROA":-2.755230553905,"HOLDER_PROFIT_QOQ":-115.866559319686,"ROE_YEARLY":-13.383223903662,"ROIC_YEARLY":-17.427273113049,"TOTAL_ASSETS":9733254487.3,"TOTAL_LIABILITIES":1739526324.07,"TAX_EBT":6.743223660274,"OCF_SALES":36.930467143517,"TOTAL_PARENT_EQUITY":7993144600.58,"DEBT_ASSET_RATIO":17.8719905694,"OPERATE_PROFIT":-321141498.68,"PRETAX_PROFIT":-293130015.64,"NETCASH_OPERATE":119953519.31,"NETCASH_INVEST":-67562298.65,"NETCASH_FINANCE":-37928364.49,"END_CASH":2865314156.35,"DIVI_RATIO":-1.941946887282,"DIVIDEND_RATE":1.896733403583,"CURRENT_RATIO":4.639513731671,"COMMON_ACS":null,"CURRENTDEBT_DEBT":86.377740862491,"ISSUED_COMMON_SHARES":749477334,"HK_COMMON_SHARES":118995206,"PER_SHARES":100,"TOTAL_MARKET_CAP":7112539899.66,"HKSK_MARKET_CAP":1129264504.94,"PE_TTM":2289.21034416834,"PB_TTM":0.801508142125,"REPORT_DATE_SQ":"2023-03-31 00:00:00","REPORT_TYPE_SQ":"2023年一季报","OPERATE_INCOME_SQ":369386010.95,"DPS_HKD":0.18,"OPERATE_INCOME_QOQ_SQ":4.339143846196,"NET_PROFIT_RATIO_SQ":50.8167805644,"HOLDER_PROFIT_SQ":187759654.85,"HOLDER_PROFIT_QOQ_SQ":5.809810899999,"ROE_AVG_SQ":2.270544700351,"PE_TTM_SQ":9.913665987847,"PB_TTM_SQ":0.950989133046,"ROA_SQ":1.795686338157,"START_DATE":"2024-01-01 00:00:00","FISCAL_YEAR":"12-31","CURRENCY":"HKD","IS_CNY_CODE":0,"DPS_HKD_LY":0.18,"ORG_TYPE":"一般企业","PREMIUM_INCOME":null,"PREMIUM_INCOME_YOY":null,"NET_INTEREST_INCOME":null,"NET_INTEREST_INCOME_YOY":null,"FEE_COMMISSION_INCOME":null,"FEE_COMMISSION_INCOME_YOY":null,"ACCOUNTS_RECE_TDAYS":1.600020242753,"INVENTORY_TDAYS":0.23216399523,"CURRENT_ASSETS_TDAYS":0.046094668325,"TOTAL_ASSETS_TDAYS":0.032874727432,"PREMIUM_EXPENSE":null,"LOAN_DEPOSIT":null,"LOAN_EQUITY":null,"LOAN_ASSETS":null,"DEPOSIT_EQUITY":null,"DEPOSIT_ASSETS":null,"EQUITY_MULTIPLIER":1.2176113934,"EQUITY_RATIO":0.217627280751},{"SECUCODE":"06127.HK","SECURITY_CODE":"06127","SECURITY_NAME_ABBR":"昭衍新药","ORG_CODE":"10321359","STD_REPORT_DATE":"2023-12-31 00:00:00","REPORT_DATE":"2023-12-31 00:00:00","DATE_TYPE_CODE":"001","REPORT_TYPE":"2023年年报","PER_NETCASH_OPERATE":0.829492431116,"PER_OI":3.169119634913,"BPS":11.046786372862,"BASIC_EPS":0.53,"DILUTED_EPS":0.53,"OPERATE_INCOME":2376487000,"OPERATE_INCOME_YOY":4.7847172649,"GROSS_PROFIT":979393000,"GROSS_PROFIT_YOY":-9.435209741194,"HOLDER_PROFIT":396993000,"HOLDER_PROFIT_YOY":-63.0448765984,"GROSS_PROFIT_RATIO":41.211797076946,"EPS_TTM":0.529402564046,"OPERATE_INCOME_QOQ":-7.840156149928,"NET_PROFIT_RATIO":16.4761263159,"ROE_AVG":4.822846262019,"GROSS_PROFIT_QOQ":-14.211773311359,"ROA":3.893734483329,"HOLDER_PROFIT_QOQ":-48.430560216465,"ROE_YEARLY":4.822846262019,"ROIC_YEARLY":6.075229345865,"TOTAL_ASSETS":10027159630.47,"TOTAL_LIABILITIES":1746119215.39,"TAX_EBT":22.763146734103,"OCF_SALES":26.174222707719,"TOTAL_PARENT_EQUITY":8279315724.35,"DEBT_ASSET_RATIO":17.413885628,"OPERATE_PROFIT":513162000,"PRETAX_PROFIT":506951000,"NETCASH_OPERATE":622027000,"NETCASH_INVEST":-314580000,"NETCASH_FINANCE":-361679000,"END_CASH":2853647000,"DIVI_RATIO":0.308120154827,"DIVIDEND_RATE":1.896733403583,"CURRENT_RATIO":4.853575627059,"COMMON_ACS":null,"CURRENTDEBT_DEBT":84.03579066692,"ISSUED_COMMON_SHARES":749477334,"HK_COMMON_SHARES":118995206,"PER_SHARES":100,"TOTAL_MARKET_CAP":7112539899.66,"HKSK_MARKET_CAP":1129264504.94,"PE_TTM":2289.21034416834,"PB_TTM":0.801508142125,"REPORT_DATE_SQ":"2022-12-31 00:00:00","REPORT_TYPE_SQ":"2022年年报","OPERATE_INCOME_SQ":2267971000,"DPS_HKD":0.18,"OPERATE_INCOME_QOQ_SQ":17.131012749584,"NET_PROFIT_RATIO_SQ":47.3198290454,"HOLDER_PROFIT_SQ":1074257000,"HOLDER_PROFIT_QOQ_SQ":14.102160913352,"ROE_AVG_SQ":14.024320631022,"PE_TTM_SQ":9.913665987847,"PB_TTM_SQ":0.950989133046,"ROA_SQ":11.367021293199,"START_DATE":"2023-01-01 00:00:00","FISCAL_YEAR":"12-31","CURRENCY":"HKD","IS_CNY_CODE":0,"DPS_HKD_LY":0.44,"ORG_TYPE":"一般企业","PREMIUM_INCOME":null,"PREMIUM_INCOME_YOY":null,"NET_INTEREST_INCOME":null,"NET_INTEREST_INCOME_YOY":null,"FEE_COMMISSION_INCOME":null,"FEE_COMMISSION_INCOME_YOY":null,"ACCOUNTS_RECE_TDAYS":11.196356550999,"INVENTORY_TDAYS":5.224978729372,"CURRENT_ASSETS_TDAYS":0.364202157287,"TOTAL_ASSETS_TDAYS":0.23308746958,"PREMIUM_EXPENSE":null,"LOAN_DEPOSIT":null,"LOAN_EQUITY":null,"LOAN_ASSETS":null,"DEPOSIT_EQUITY":null,"DEPOSIT_ASSETS":null,"EQUITY_MULTIPLIER":1.210857306466,"EQUITY_RATIO":0.210901392521},{"SECUCODE":"06127.HK","SECURITY_CODE":"06127","SECURITY_NAME_ABBR":"昭衍新药","ORG_CODE":"10321359","STD_REPORT_DATE":"2023-09-30 00:00:00","REPORT_DATE":"2023-09-30 00:00:00","DATE_TYPE_CODE":"004","REPORT_TYPE":"2023年三季报","PER_NETCASH_OPERATE":0.598009036565,"PER_OI":2.116420452124,"BPS":10.98683536355,"BASIC_EPS":0.44,"DILUTED_EPS":0.44,"OPERATE_INCOME":1587079779.38,"OPERATE_INCOME_YOY":24.3409986145,"GROSS_PROFIT":694624229.13,"GROSS_PROFIT_YOY":9.491047913284,"HOLDER_PROFIT":327598359.05,"HOLDER_PROFIT_YOY":-48.1675354353,"GROSS_PROFIT_RATIO":43.76744245342,"EPS_TTM":1.026581956811,"OPERATE_INCOME_QOQ":3.015811487208,"NET_PROFIT_RATIO":20.553283262,"ROE_AVG":3.990701199393,"GROSS_PROFIT_QOQ":-0.837730303096,"ROA":3.181047445945,"HOLDER_PROFIT_QOQ":-3.0162355549,"ROE_YEARLY":5.320934932524,"ROIC_YEARLY":4.438156505164,"TOTAL_ASSETS":10232670064.53,"TOTAL_LIABILITIES":1992522648.68,"TAX_EBT":16.783332903348,"OCF_SALES":28.255682180967,"TOTAL_PARENT_EQUITY":8234384077.37,"DEBT_ASSET_RATIO":19.4721674413,"OPERATE_PROFIT":273416883.91,"PRETAX_PROFIT":391985180.41,"NETCASH_OPERATE":448440218.42,"NETCASH_INVEST":-137147755.87,"NETCASH_FINANCE":-333289197.75,"END_CASH":2891274796.93,"DIVI_RATIO":0.158895837705,"DIVIDEND_RATE":1.896733403583,"CURRENT_RATIO":4.287982287965,"COMMON_ACS":null,"CURRENTDEBT_DEBT":84.834800863108,"ISSUED_COMMON_SHARES":749477334,"HK_COMMON_SHARES":118995206,"PER_SHARES":100,"TOTAL_MARKET_CAP":7112539899.66,"HKSK_MARKET_CAP":1129264504.94,"PE_TTM":2289.21034416834,"PB_TTM":0.801508142125,"REPORT_DATE_SQ":"2022-09-30 00:00:00","REPORT_TYPE_SQ":"2022年三季报","OPERATE_INCOME_SQ":1276392981.45,"DPS_HKD":0.18,"OPERATE_INCOME_QOQ_SQ":10.077491667164,"NET_PROFIT_RATIO_SQ":49.4340383769,"HOLDER_PROFIT_SQ":632033151.04,"HOLDER_PROFIT_QOQ_SQ":21.50649352193,"ROE_AVG_SQ":8.541194454617,"PE_TTM_SQ":9.913665987847,"PB_TTM_SQ":0.950989133046,"ROA_SQ":6.790157465134,"START_DATE":"2023-01-01 00:00:00","FISCAL_YEAR":"12-31","CURRENCY":"HKD","IS_CNY_CODE":0,"DPS_HKD_LY":0.44,"ORG_TYPE":"一般企业","PREMIUM_INCOME":null,"PREMIUM_INCOME_YOY":null,"NET_INTEREST_INCOME":null,"NET_INTEREST_INCOME_YOY":null,"FEE_COMMISSION_INCOME":null,"FEE_COMMISSION_INCOME_YOY":null,"ACCOUNTS_RECE_TDAYS":8.426661197317,"INVENTORY_TDAYS":0.721666869554,"CURRENT_ASSETS_TDAYS":0.240893523939,"TOTAL_ASSETS_TDAYS":0.154108710842,"PREMIUM_EXPENSE":null,"LOAN_DEPOSIT":null,"LOAN_EQUITY":null,"LOAN_ASSETS":null,"DEPOSIT_EQUITY":null,"DEPOSIT_ASSETS":null,"EQUITY_MULTIPLIER":1.241806675066,"EQUITY_RATIO":0.241975918291},{"SECUCODE":"06127.HK","SECURITY_CODE":"06127","SECURITY_NAME_ABBR":"昭衍新药","ORG_CODE":"10321359","STD_REPORT_DATE":"2023-06-30 00:00:00","REPORT_DATE":"2023-06-30 00:00:00","DATE_TYPE_CODE":"002","REPORT_TYPE":"2023年中报","PER_NETCASH_OPERATE":0.43184096928,"PER_OI":1.776579458828,"BPS":10.698140739237,"BASIC_EPS":0.12,"DILUTED_EPS":0.12,"OPERATE_INCOME":1012077000,"OPERATE_INCOME_YOY":30.2743920884,"GROSS_PROFIT":447799000,"GROSS_PROFIT_YOY":18.483523926952,"HOLDER_PROFIT":90627000,"HOLDER_PROFIT_YOY":-75.5801358051,"GROSS_PROFIT_RATIO":44.245546534503,"EPS_TTM":1.393357242144,"OPERATE_INCOME_QOQ":5.780364431014,"NET_PROFIT_RATIO":8.8439911193,"ROE_AVG":1.118733418036,"GROSS_PROFIT_QOQ":1.674520056649,"ROA":0.880577992323,"HOLDER_PROFIT_QOQ":-30.167551828446,"ROE_YEARLY":2.237466836073,"ROIC_YEARLY":2.484422500682,"TOTAL_ASSETS":10219310000,"TOTAL_LIABILITIES":2195250000,"TAX_EBT":23.455565437504,"OCF_SALES":24.307439058491,"TOTAL_PARENT_EQUITY":8018014000,"DEBT_ASSET_RATIO":21.4813916008,"OPERATE_PROFIT":120296000,"PRETAX_PROFIT":116936000,"NETCASH_OPERATE":246010000,"NETCASH_INVEST":-42107000,"NETCASH_FINANCE":-93603000,"END_CASH":3027549000,"DIVI_RATIO":0.117069474408,"DIVIDEND_RATE":1.896733403583,"CURRENT_RATIO":3.042510042633,"COMMON_ACS":null,"CURRENTDEBT_DEBT":86.568636829518,"ISSUED_COMMON_SHARES":749477334,"HK_COMMON_SHARES":118995206,"PER_SHARES":100,"TOTAL_MARKET_CAP":7112539899.66,"HKSK_MARKET_CAP":1129264504.94,"PE_TTM":2289.21034416834,"PB_TTM":0.801508142125,"REPORT_DATE_SQ":"2022-06-30 00:00:00","REPORT_TYPE_SQ":"2022年中报","OPERATE_INCOME_SQ":776881000,"DPS_HKD":0.18,"OPERATE_INCOME_QOQ_SQ":10.861919248913,"NET_PROFIT_RATIO_SQ":47.675770163,"HOLDER_PROFIT_SQ":371120000,"HOLDER_PROFIT_QOQ_SQ":31.452181287651,"ROE_AVG_SQ":5.106742504563,"PE_TTM_SQ":9.913665987847,"PB_TTM_SQ":0.950989133046,"ROA_SQ":3.869096876245,"START_DATE":"2023-01-01 00:00:00","FISCAL_YEAR":"12-31","CURRENCY":"HKD","IS_CNY_CODE":0,"DPS_HKD_LY":0.44,"ORG_TYPE":"一般企业","PREMIUM_INCOME":null,"PREMIUM_INCOME_YOY":null,"NET_INTEREST_INCOME":null,"NET_INTEREST_INCOME_YOY":null,"FEE_COMMISSION_INCOME":null,"FEE_COMMISSION_INCOME_YOY":null,"ACCOUNTS_RECE_TDAYS":5.306361381856,"INVENTORY_TDAYS":1.716502857908,"CURRENT_ASSETS_TDAYS":0.172851176725,"TOTAL_ASSETS_TDAYS":0.098338545106,"PREMIUM_EXPENSE":null,"LOAN_DEPOSIT":null,"LOAN_EQUITY":null,"LOAN_ASSETS":null,"DEPOSIT_EQUITY":null,"DEPOSIT_ASSETS":null,"EQUITY_MULTIPLIER":1.273583447781,"EQUITY_RATIO":0.273789743944},{"SECUCODE":"06127.HK","SECURITY_CODE":"06127","SECURITY_NAME_ABBR":"昭衍新药","ORG_CODE":"10321359","STD_REPORT_DATE":"2023-03-31 00:00:00","REPORT_DATE":"2023-03-31 00:00:00","DATE_TYPE_CODE":"003","REPORT_TYPE":"2023年一季报","PER_NETCASH_OPERATE":-0.025515639641,"PER_OI":0.689566390263,"BPS":11.147810506181,"BASIC_EPS":0.25,"DILUTED_EPS":0.25,"OPERATE_INCOME":369386010.95,"OPERATE_INCOME_YOY":36.3171315667,"GROSS_PROFIT":190956009.91,"GROSS_PROFIT_YOY":36.338716603073,"HOLDER_PROFIT":187759654.85,"HOLDER_PROFIT_YOY":49.791477845,"GROSS_PROFIT_RATIO":51.695517493717,"EPS_TTM":2.121923741239,"OPERATE_INCOME_QOQ":4.339143846196,"NET_PROFIT_RATIO":50.8167805644,"ROE_AVG":2.270544700351,"GROSS_PROFIT_QOQ":4.706370409311,"ROA":1.795686338157,"HOLDER_PROFIT_QOQ":5.809810899999,"ROE_YEARLY":9.082178801405,"ROIC_YEARLY":10.003005428098,"TOTAL_ASSETS":10548083755.28,"TOTAL_LIABILITIES":2185937338.52,"TAX_EBT":12.419623460365,"OCF_SALES":-3.700244095559,"TOTAL_PARENT_EQUITY":8355031298.11,"DEBT_ASSET_RATIO":20.7235493122,"OPERATE_PROFIT":189528598.37,"PRETAX_PROFIT":214328923.94,"NETCASH_OPERATE":-13668184.06,"NETCASH_INVEST":106476212.61,"NETCASH_FINANCE":-24852351.87,"END_CASH":2961151889.94,"DIVI_RATIO":0.076873450648,"DIVIDEND_RATE":1.896733403583,"CURRENT_RATIO":3.272720535089,"COMMON_ACS":null,"CURRENTDEBT_DEBT":84.839786111418,"ISSUED_COMMON_SHARES":749477334,"HK_COMMON_SHARES":118995206,"PER_SHARES":100,"TOTAL_MARKET_CAP":7112539899.66,"HKSK_MARKET_CAP":1129264504.94,"PE_TTM":2289.21034416834,"PB_TTM":0.801508142125,"REPORT_DATE_SQ":"2022-03-31 00:00:00","REPORT_TYPE_SQ":"2022年一季报","OPERATE_INCOME_SQ":270975486.87,"DPS_HKD":0.18,"OPERATE_INCOME_QOQ_SQ":4.614219971253,"NET_PROFIT_RATIO_SQ":46.0851720805,"HOLDER_PROFIT_SQ":125347354.57,"HOLDER_PROFIT_QOQ_SQ":5.738544345783,"ROE_AVG_SQ":1.740895510912,"PE_TTM_SQ":9.913665987847,"PB_TTM_SQ":0.950989133046,"ROA_SQ":1.433013814109,"START_DATE":"2023-01-01 00:00:00","FISCAL_YEAR":"12-31","CURRENCY":"HKD","IS_CNY_CODE":0,"DPS_HKD_LY":0.44,"ORG_TYPE":"一般企业","PREMIUM_INCOME":null,"PREMIUM_INCOME_YOY":null,"NET_INTEREST_INCOME":null,"NET_INTEREST_INCOME_YOY":null,"FEE_COMMISSION_INCOME":null,"FEE_COMMISSION_INCOME_YOY":null,"ACCOUNTS_RECE_TDAYS":1.885935046216,"INVENTORY_TDAYS":0.130047728737,"CURRENT_ASSETS_TDAYS":0.061575562061,"TOTAL_ASSETS_TDAYS":0.035327153424,"PREMIUM_EXPENSE":null,"LOAN_DEPOSIT":null,"LOAN_EQUITY":null,"LOAN_ASSETS":null,"DEPOSIT_EQUITY":null,"DEPOSIT_ASSETS":null,"EQUITY_MULTIPLIER":1.261408641941,"EQUITY_RATIO":0.261631256727},{"SECUCODE":"06127.HK","SECURITY_CODE":"06127","SECURITY_NAME_ABBR":"昭衍新药","ORG_CODE":"10321359","STD_REPORT_DATE":"2022-12-31 00:00:00","REPORT_DATE":"2022-12-31 00:00:00","DATE_TYPE_CODE":"001","REPORT_TYPE":"2022年年报","PER_NETCASH_OPERATE":1.764914383114,"PER_OI":4.233827295377,"BPS":10.91921080031,"BASIC_EPS":1.44,"DILUTED_EPS":1.43,"OPERATE_INCOME":2267971000,"OPERATE_INCOME_YOY":49.5352348551,"GROSS_PROFIT":1081428000,"GROSS_PROFIT_YOY":46.997463564222,"HOLDER_PROFIT":1074257000,"HOLDER_PROFIT_YOY":92.7056649804,"GROSS_PROFIT_RATIO":47.682620280418,"EPS_TTM":2.005413036079,"OPERATE_INCOME_QOQ":17.131012749584,"NET_PROFIT_RATIO":47.3198290454,"ROE_AVG":14.024320631022,"GROSS_PROFIT_QOQ":14.534195993916,"ROA":11.367021293199,"HOLDER_PROFIT_QOQ":14.102160913352,"ROE_YEARLY":14.024320631022,"ROIC_YEARLY":18.184692811884,"TOTAL_ASSETS":10364216000,"TOTAL_LIABILITIES":2173350000,"TAX_EBT":13.451752497173,"OCF_SALES":41.68602684955,"TOTAL_PARENT_EQUITY":8183701000,"DEBT_ASSET_RATIO":20.9697482183,"OPERATE_PROFIT":1246275000,"PRETAX_PROFIT":1240002000,"NETCASH_OPERATE":945427000,"NETCASH_INVEST":-2134492000,"NETCASH_FINANCE":-99332000,"END_CASH":2899469000,"DIVI_RATIO":0.081339652762,"DIVIDEND_RATE":1.896733403583,"CURRENT_RATIO":3.214513989878,"COMMON_ACS":null,"CURRENTDEBT_DEBT":84.85803022983,"ISSUED_COMMON_SHARES":749477334,"HK_COMMON_SHARES":118995206,"PER_SHARES":100,"TOTAL_MARKET_CAP":7112539899.66,"HKSK_MARKET_CAP":1129264504.94,"PE_TTM":2289.21034416834,"PB_TTM":0.801508142125,"REPORT_DATE_SQ":"2021-12-31 00:00:00","REPORT_TYPE_SQ":"2021年年报","OPERATE_INCOME_SQ":1516680000,"DPS_HKD":0.18,"OPERATE_INCOME_QOQ_SQ":16.560446505042,"NET_PROFIT_RATIO_SQ":36.686512646,"HOLDER_PROFIT_SQ":557460000,"HOLDER_PROFIT_QOQ_SQ":33.555340190857,"ROE_AVG_SQ":13.3383452422,"PE_TTM_SQ":9.913665987847,"PB_TTM_SQ":0.950989133046,"ROA_SQ":10.410104445583,"START_DATE":"2022-01-01 00:00:00","FISCAL_YEAR":"12-31","CURRENCY":"HKD","IS_CNY_CODE":0,"DPS_HKD_LY":0.42,"ORG_TYPE":"一般企业","PREMIUM_INCOME":null,"PREMIUM_INCOME_YOY":null,"NET_INTEREST_INCOME":null,"NET_INTEREST_INCOME_YOY":null,"FEE_COMMISSION_INCOME":null,"FEE_COMMISSION_INCOME_YOY":null,"ACCOUNTS_RECE_TDAYS":13.865742679583,"INVENTORY_TDAYS":5.198720630922,"CURRENT_ASSETS_TDAYS":0.386271352282,"TOTAL_ASSETS_TDAYS":0.239980513502,"PREMIUM_EXPENSE":null,"LOAN_DEPOSIT":null,"LOAN_EQUITY":null,"LOAN_ASSETS":null,"DEPOSIT_EQUITY":null,"DEPOSIT_ASSETS":null,"EQUITY_MULTIPLIER":1.265338243844,"EQUITY_RATIO":0.265570552981},{"SECUCODE":"06127.HK","SECURITY_CODE":"06127","SECURITY_NAME_ABBR":"昭衍新药","ORG_CODE":"10321359","STD_REPORT_DATE":"2022-09-30 00:00:00","REPORT_DATE":"2022-09-30 00:00:00","DATE_TYPE_CODE":"004","REPORT_TYPE":"2022年三季报","PER_NETCASH_OPERATE":1.454409146321,"PER_OI":2.385231070035,"BPS":10.22503126691,"BASIC_EPS":0.84,"DILUTED_EPS":0.84,"OPERATE_INCOME":1276392981.45,"OPERATE_INCOME_YOY":48.9713384661,"GROSS_PROFIT":634411892.45,"GROSS_PROFIT_YOY":48.960296856043,"HOLDER_PROFIT":632033151.04,"HOLDER_PROFIT_YOY":154.8457456466,"GROSS_PROFIT_RATIO":49.703492707183,"EPS_TTM":1.759382927182,"OPERATE_INCOME_QOQ":10.077491667164,"NET_PROFIT_RATIO":49.4340383769,"ROE_AVG":8.541194454617,"GROSS_PROFIT_QOQ":11.73276503611,"ROA":6.790157465134,"HOLDER_PROFIT_QOQ":21.50649352193,"ROE_YEARLY":11.388259272823,"ROIC_YEARLY":10.920650797222,"TOTAL_ASSETS":10079078937.04,"TOTAL_LIABILITIES":2408488539,"TAX_EBT":13.825612715362,"OCF_SALES":60.975607964865,"TOTAL_PARENT_EQUITY":7663429173.99,"DEBT_ASSET_RATIO":23.8959190026,"OPERATE_PROFIT":597277848.96,"PRETAX_PROFIT":732204331.44,"NETCASH_OPERATE":778288380.46,"NETCASH_INVEST":-2031208544.03,"NETCASH_FINANCE":-86387525.79,"END_CASH":2854373766.42,"DIVI_RATIO":0.092714097358,"DIVIDEND_RATE":1.896733403583,"CURRENT_RATIO":2.736305068778,"COMMON_ACS":null,"CURRENTDEBT_DEBT":86.773201719188,"ISSUED_COMMON_SHARES":749477334,"HK_COMMON_SHARES":118995206,"PER_SHARES":100,"TOTAL_MARKET_CAP":7112539899.66,"HKSK_MARKET_CAP":1129264504.94,"PE_TTM":2289.21034416834,"PB_TTM":0.801508142125,"REPORT_DATE_SQ":"2021-09-30 00:00:00","REPORT_TYPE_SQ":"2021年三季报","OPERATE_INCOME_SQ":856804399.15,"DPS_HKD":0.18,"OPERATE_INCOME_QOQ_SQ":7.261534743872,"NET_PROFIT_RATIO_SQ":28.8291612444,"HOLDER_PROFIT_SQ":248006161.31,"HOLDER_PROFIT_QOQ_SQ":9.637546661623,"ROE_AVG_SQ":null,"PE_TTM_SQ":9.913665987847,"PB_TTM_SQ":0.950989133046,"ROA_SQ":null,"START_DATE":"2022-01-01 00:00:00","FISCAL_YEAR":"12-31","CURRENCY":"HKD","IS_CNY_CODE":0,"DPS_HKD_LY":0.42,"ORG_TYPE":"一般企业","PREMIUM_INCOME":null,"PREMIUM_INCOME_YOY":null,"NET_INTEREST_INCOME":null,"NET_INTEREST_INCOME_YOY":null,"FEE_COMMISSION_INCOME":null,"FEE_COMMISSION_INCOME_YOY":null,"ACCOUNTS_RECE_TDAYS":10.687890658507,"INVENTORY_TDAYS":0.553877944457,"CURRENT_ASSETS_TDAYS":0.22134334464,"TOTAL_ASSETS_TDAYS":0.137127448413,"PREMIUM_EXPENSE":null,"LOAN_DEPOSIT":null,"LOAN_EQUITY":null,"LOAN_ASSETS":null,"DEPOSIT_EQUITY":null,"DEPOSIT_ASSETS":null,"EQUITY_MULTIPLIER":1.313989981739,"EQUITY_RATIO":0.314283395112}],"count":24},"success":true,"message":"ok","code":0}