{"version":"e8455dc0a9983625f6415ba32f4c5617","result":{"pages":3,"data":[{"SECUCODE":"06122.HK","SECURITY_CODE":"06122","SECURITY_NAME_ABBR":"九台农商银行","ORG_CODE":"10119251","STD_REPORT_DATE":"2024-06-30 00:00:00","REPORT_DATE":"2024-06-30 00:00:00","DATE_TYPE_CODE":"002","REPORT_TYPE":"2024年中报","PER_NETCASH_OPERATE":-1.938625269905,"PER_OI":0.403073469377,"BPS":3.225688225883,"BASIC_EPS":0.0249,"DILUTED_EPS":null,"OPERATE_INCOME":2045272000,"OPERATE_INCOME_YOY":-18.7568148803,"GROSS_PROFIT":null,"GROSS_PROFIT_YOY":null,"HOLDER_PROFIT":126494000,"HOLDER_PROFIT_YOY":-15.238382417,"GROSS_PROFIT_RATIO":null,"EPS_TTM":0.028695605599,"OPERATE_INCOME_QOQ":-8.56309857745,"NET_PROFIT_RATIO":6.3661459209,"ROE_AVG":0.779022137349,"GROSS_PROFIT_QOQ":null,"ROA":0.047301361574,"HOLDER_PROFIT_QOQ":-13.508327987264,"ROE_YEARLY":1.558044274698,"ROIC_YEARLY":0.105419272448,"TOTAL_ASSETS":265067965000,"TOTAL_LIABILITIES":245917750000,"TAX_EBT":2.827738555458,"OCF_SALES":-480.960771965783,"TOTAL_PARENT_EQUITY":16367760000,"DEBT_ASSET_RATIO":92.7753566901,"OPERATE_PROFIT":136531000,"PRETAX_PROFIT":133994000,"NETCASH_OPERATE":-9836956000,"NETCASH_INVEST":3513940000,"NETCASH_FINANCE":-636122000,"END_CASH":25134940000,"DIVI_RATIO":null,"DIVIDEND_RATE":null,"CURRENT_RATIO":null,"COMMON_ACS":null,"CURRENTDEBT_DEBT":null,"ISSUED_COMMON_SHARES":5074191569,"HK_COMMON_SHARES":966501112,"PER_SHARES":1000,"TOTAL_MARKET_CAP":2131160458.98,"HKSK_MARKET_CAP":405930467.04,"PE_TTM":13.114665390208,"PB_TTM":0.118835291311,"REPORT_DATE_SQ":"2023-06-30 00:00:00","REPORT_TYPE_SQ":"2023年中报","OPERATE_INCOME_SQ":2517469000,"DPS_HKD":null,"OPERATE_INCOME_QOQ_SQ":-9.616106672859,"NET_PROFIT_RATIO_SQ":5.0872920382,"HOLDER_PROFIT_SQ":149235000,"HOLDER_PROFIT_QOQ_SQ":-34.626180466323,"ROE_AVG_SQ":0.934175538366,"PE_TTM_SQ":4.476280071106,"PB_TTM_SQ":0.30582507371,"ROA_SQ":0.055864233505,"START_DATE":"2024-01-01 00:00:00","FISCAL_YEAR":"12-31","CURRENCY":"HKD","IS_CNY_CODE":0,"DPS_HKD_LY":null,"ORG_TYPE":"银行","PREMIUM_INCOME":null,"PREMIUM_INCOME_YOY":null,"NET_INTEREST_INCOME":1792788000,"NET_INTEREST_INCOME_YOY":-25.829244771336,"FEE_COMMISSION_INCOME":null,"FEE_COMMISSION_INCOME_YOY":null,"ACCOUNTS_RECE_TDAYS":null,"INVENTORY_TDAYS":null,"CURRENT_ASSETS_TDAYS":null,"TOTAL_ASSETS_TDAYS":0.007648121681,"PREMIUM_EXPENSE":null,"LOAN_DEPOSIT":76.491007891827,"LOAN_EQUITY":9.505458032717,"LOAN_ASSETS":68.673543783384,"DEPOSIT_EQUITY":12.426896042682,"DEPOSIT_ASSETS":89.779891357298,"EQUITY_MULTIPLIER":13.841513789749,"EQUITY_RATIO":15.024520765212},{"SECUCODE":"06122.HK","SECURITY_CODE":"06122","SECURITY_NAME_ABBR":"九台农商银行","ORG_CODE":"10119251","STD_REPORT_DATE":"2023-12-31 00:00:00","REPORT_DATE":"2023-12-31 00:00:00","DATE_TYPE_CODE":"001","REPORT_TYPE":"2023年年报","PER_NETCASH_OPERATE":-0.170426951415,"PER_OI":1.086739419475,"BPS":3.174360246547,"BASIC_EPS":0.0332,"DILUTED_EPS":null,"OPERATE_INCOME":5514324000,"OPERATE_INCOME_YOY":-16.412490581,"GROSS_PROFIT":null,"GROSS_PROFIT_YOY":null,"HOLDER_PROFIT":168348000,"HOLDER_PROFIT_YOY":-89.9991623791,"GROSS_PROFIT_RATIO":null,"EPS_TTM":0.033177304741,"OPERATE_INCOME_QOQ":-7.519463543779,"NET_PROFIT_RATIO":3.2355915249,"ROE_AVG":1.052331961889,"GROSS_PROFIT_QOQ":null,"ROA":0.062725636711,"HOLDER_PROFIT_QOQ":-84.702075399173,"ROE_YEARLY":1.052331961889,"ROIC_YEARLY":0.071714538106,"TOTAL_ASSETS":269774990000,"TOTAL_LIABILITIES":250910453000,"TAX_EBT":-168.714419109009,"OCF_SALES":-15.682411842322,"TOTAL_PARENT_EQUITY":16107312000,"DEBT_ASSET_RATIO":93.0073069412,"OPERATE_PROFIT":65617000,"PRETAX_PROFIT":66398000,"NETCASH_OPERATE":-864779000,"NETCASH_INVEST":-5722090000,"NETCASH_FINANCE":-2358507000,"END_CASH":32094078000,"DIVI_RATIO":null,"DIVIDEND_RATE":null,"CURRENT_RATIO":null,"COMMON_ACS":null,"CURRENTDEBT_DEBT":null,"ISSUED_COMMON_SHARES":5074191569,"HK_COMMON_SHARES":966501112,"PER_SHARES":1000,"TOTAL_MARKET_CAP":4262320917.96,"HKSK_MARKET_CAP":811860934.08,"PE_TTM":26.229330780416,"PB_TTM":0.237670582621,"REPORT_DATE_SQ":"2022-12-31 00:00:00","REPORT_TYPE_SQ":"2022年年报","OPERATE_INCOME_SQ":6597067000,"DPS_HKD":null,"OPERATE_INCOME_QOQ_SQ":-2.441928989034,"NET_PROFIT_RATIO_SQ":25.3449752746,"HOLDER_PROFIT_SQ":1683339000,"HOLDER_PROFIT_QOQ_SQ":17.946215305537,"ROE_AVG_SQ":11.05169078318,"PE_TTM_SQ":6.565210770956,"PB_TTM_SQ":0.448543441442,"ROA_SQ":0.671802561335,"START_DATE":"2023-01-01 00:00:00","FISCAL_YEAR":"12-31","CURRENCY":"HKD","IS_CNY_CODE":0,"DPS_HKD_LY":null,"ORG_TYPE":"银行","PREMIUM_INCOME":null,"PREMIUM_INCOME_YOY":null,"NET_INTEREST_INCOME":5528357000,"NET_INTEREST_INCOME_YOY":-15.143393492496,"FEE_COMMISSION_INCOME":19624000,"FEE_COMMISSION_INCOME_YOY":null,"ACCOUNTS_RECE_TDAYS":null,"INVENTORY_TDAYS":null,"CURRENT_ASSETS_TDAYS":null,"TOTAL_ASSETS_TDAYS":0.020546099979,"PREMIUM_EXPENSE":null,"LOAN_DEPOSIT":72.997456101663,"LOAN_EQUITY":9.372329996755,"LOAN_ASSETS":65.537826912717,"DEPOSIT_EQUITY":12.839255636118,"DEPOSIT_ASSETS":89.780973766323,"EQUITY_MULTIPLIER":14.300641992881,"EQUITY_RATIO":15.57742551954},{"SECUCODE":"06122.HK","SECURITY_CODE":"06122","SECURITY_NAME_ABBR":"九台农商银行","ORG_CODE":"10119251","STD_REPORT_DATE":"2023-06-30 00:00:00","REPORT_DATE":"2023-06-30 00:00:00","DATE_TYPE_CODE":"002","REPORT_TYPE":"2023年中报","PER_NETCASH_OPERATE":-0.899709626237,"PER_OI":0.496132037147,"BPS":3.165466415996,"BASIC_EPS":0.0294,"DILUTED_EPS":null,"OPERATE_INCOME":2517469000,"OPERATE_INCOME_YOY":-20.1272585942,"GROSS_PROFIT":null,"GROSS_PROFIT_YOY":null,"HOLDER_PROFIT":149235000,"HOLDER_PROFIT_YOY":-79.6157959654,"GROSS_PROFIT_RATIO":null,"EPS_TTM":0.21687454741,"OPERATE_INCOME_QOQ":-9.616106672859,"NET_PROFIT_RATIO":5.0872920382,"ROE_AVG":0.934175538366,"GROSS_PROFIT_QOQ":null,"ROA":0.055864233505,"HOLDER_PROFIT_QOQ":-34.626180466323,"ROE_YEARLY":1.868351076732,"ROIC_YEARLY":0.127376870998,"TOTAL_ASSETS":267276697000,"TOTAL_LIABILITIES":248487985000,"TAX_EBT":-33.731870059624,"OCF_SALES":-181.344795109692,"TOTAL_PARENT_EQUITY":16062183000,"DEBT_ASSET_RATIO":92.9703142059,"OPERATE_PROFIT":93430000,"PRETAX_PROFIT":95767000,"NETCASH_OPERATE":-4565299000,"NETCASH_INVEST":-2328387000,"NETCASH_FINANCE":-2149712000,"END_CASH":31996056000,"DIVI_RATIO":null,"DIVIDEND_RATE":null,"CURRENT_RATIO":null,"COMMON_ACS":null,"CURRENTDEBT_DEBT":null,"ISSUED_COMMON_SHARES":5074191569,"HK_COMMON_SHARES":966501112,"PER_SHARES":1000,"TOTAL_MARKET_CAP":4262320917.96,"HKSK_MARKET_CAP":811860934.08,"PE_TTM":26.229330780416,"PB_TTM":0.237670582621,"REPORT_DATE_SQ":"2022-06-30 00:00:00","REPORT_TYPE_SQ":"2022年中报","OPERATE_INCOME_SQ":3151850000,"DPS_HKD":null,"OPERATE_INCOME_QOQ_SQ":6.285484449477,"NET_PROFIT_RATIO_SQ":20.7361390929,"HOLDER_PROFIT_SQ":732111000,"HOLDER_PROFIT_QOQ_SQ":26.369003663899,"ROE_AVG_SQ":4.90629920215,"PE_TTM_SQ":6.565210770956,"PB_TTM_SQ":0.448543441442,"ROA_SQ":0.296641214131,"START_DATE":"2023-01-01 00:00:00","FISCAL_YEAR":"12-31","CURRENCY":"HKD","IS_CNY_CODE":0,"DPS_HKD_LY":null,"ORG_TYPE":"银行","PREMIUM_INCOME":null,"PREMIUM_INCOME_YOY":null,"NET_INTEREST_INCOME":2417109000,"NET_INTEREST_INCOME_YOY":-17.998222300628,"FEE_COMMISSION_INCOME":null,"FEE_COMMISSION_INCOME_YOY":null,"ACCOUNTS_RECE_TDAYS":null,"INVENTORY_TDAYS":null,"CURRENT_ASSETS_TDAYS":null,"TOTAL_ASSETS_TDAYS":0.009423826586,"PREMIUM_EXPENSE":null,"LOAN_DEPOSIT":73.616896655732,"LOAN_EQUITY":9.326596522423,"LOAN_ASSETS":65.563043081156,"DEPOSIT_EQUITY":12.669097647566,"DEPOSIT_ASSETS":89.059775757405,"EQUITY_MULTIPLIER":14.225386870624,"EQUITY_RATIO":15.470374419218},{"SECUCODE":"06122.HK","SECURITY_CODE":"06122","SECURITY_NAME_ABBR":"九台农商银行","ORG_CODE":"10119251","STD_REPORT_DATE":"2022-12-31 00:00:00","REPORT_DATE":"2022-12-31 00:00:00","DATE_TYPE_CODE":"001","REPORT_TYPE":"2022年年报","PER_NETCASH_OPERATE":3.744578962308,"PER_OI":1.300121784976,"BPS":3.131122422942,"BASIC_EPS":0.3317,"DILUTED_EPS":null,"OPERATE_INCOME":6597067000,"OPERATE_INCOME_YOY":3.6900683936,"GROSS_PROFIT":null,"GROSS_PROFIT_YOY":null,"HOLDER_PROFIT":1683339000,"HOLDER_PROFIT_YOY":49.0474571409,"GROSS_PROFIT_RATIO":null,"EPS_TTM":0.331745259734,"OPERATE_INCOME_QOQ":-2.441928989034,"NET_PROFIT_RATIO":25.3449752746,"ROE_AVG":11.05169078318,"GROSS_PROFIT_QOQ":null,"ROA":0.671802561335,"HOLDER_PROFIT_QOQ":17.946215305537,"ROE_YEARLY":11.05169078318,"ROIC_YEARLY":0.783733919536,"TOTAL_ASSETS":267000749000,"TOTAL_LIABILITIES":248381403000,"TAX_EBT":15.702324755972,"OCF_SALES":288.017553861436,"TOTAL_PARENT_EQUITY":15887915000,"DEBT_ASSET_RATIO":93.0264817347,"OPERATE_PROFIT":1970008000,"PRETAX_PROFIT":1983477000,"NETCASH_OPERATE":19000711000,"NETCASH_INVEST":-5757402000,"NETCASH_FINANCE":-1826267000,"END_CASH":41039454000,"DIVI_RATIO":null,"DIVIDEND_RATE":null,"CURRENT_RATIO":null,"COMMON_ACS":null,"CURRENTDEBT_DEBT":null,"ISSUED_COMMON_SHARES":5074191569,"HK_COMMON_SHARES":966501112,"PER_SHARES":1000,"TOTAL_MARKET_CAP":4262320917.96,"HKSK_MARKET_CAP":811860934.08,"PE_TTM":26.229330780416,"PB_TTM":0.237670582621,"REPORT_DATE_SQ":"2021-12-31 00:00:00","REPORT_TYPE_SQ":"2021年年报","OPERATE_INCOME_SQ":6362294000,"DPS_HKD":null,"OPERATE_INCOME_QOQ_SQ":6.766666711416,"NET_PROFIT_RATIO_SQ":20.2756741515,"HOLDER_PROFIT_SQ":1129398000,"HOLDER_PROFIT_QOQ_SQ":-5.514850441472,"ROE_AVG_SQ":7.996692277864,"PE_TTM_SQ":6.565210770956,"PB_TTM_SQ":0.448543441442,"ROA_SQ":0.51985679011,"START_DATE":"2022-01-01 00:00:00","FISCAL_YEAR":"12-31","CURRENCY":"HKD","IS_CNY_CODE":0,"DPS_HKD_LY":null,"ORG_TYPE":"银行","PREMIUM_INCOME":null,"PREMIUM_INCOME_YOY":null,"NET_INTEREST_INCOME":6514940000,"NET_INTEREST_INCOME_YOY":5.48171587546,"FEE_COMMISSION_INCOME":81644000,"FEE_COMMISSION_INCOME_YOY":null,"ACCOUNTS_RECE_TDAYS":null,"INVENTORY_TDAYS":null,"CURRENT_ASSETS_TDAYS":null,"TOTAL_ASSETS_TDAYS":0.026328187655,"PREMIUM_EXPENSE":null,"LOAN_DEPOSIT":73.624042095698,"LOAN_EQUITY":9.185213003722,"LOAN_ASSETS":64.053250652117,"DEPOSIT_EQUITY":12.475833630247,"DEPOSIT_ASSETS":87.000453695356,"EQUITY_MULTIPLIER":14.339963874132,"EQUITY_RATIO":15.633354219229},{"SECUCODE":"06122.HK","SECURITY_CODE":"06122","SECURITY_NAME_ABBR":"九台农商银行","ORG_CODE":"10119251","STD_REPORT_DATE":"2022-06-30 00:00:00","REPORT_DATE":"2022-06-30 00:00:00","DATE_TYPE_CODE":"002","REPORT_TYPE":"2022年中报","PER_NETCASH_OPERATE":1.820888879412,"PER_OI":0.621153134867,"BPS":3.00907401551,"BASIC_EPS":0.1443,"DILUTED_EPS":0.1443,"OPERATE_INCOME":3151850000,"OPERATE_INCOME_YOY":14.5315556357,"GROSS_PROFIT":null,"GROSS_PROFIT_YOY":null,"HOLDER_PROFIT":732111000,"HOLDER_PROFIT_YOY":68.5726456367,"GROSS_PROFIT_RATIO":null,"EPS_TTM":0.281268253394,"OPERATE_INCOME_QOQ":6.285484449477,"NET_PROFIT_RATIO":20.7361390929,"ROE_AVG":4.90629920215,"GROSS_PROFIT_QOQ":null,"ROA":0.296641214131,"HOLDER_PROFIT_QOQ":26.369003663899,"ROE_YEARLY":9.812598404301,"ROIC_YEARLY":0.698045060787,"TOTAL_ASSETS":259460086000,"TOTAL_LIABILITIES":241005006000,"TAX_EBT":15.659314070245,"OCF_SALES":293.146532988562,"TOTAL_PARENT_EQUITY":15268618000,"DEBT_ASSET_RATIO":92.8871217595,"OPERATE_PROFIT":781259000,"PRETAX_PROFIT":774919000,"NETCASH_OPERATE":9239539000,"NETCASH_INVEST":-2863553000,"NETCASH_FINANCE":-416521000,"END_CASH":35581877000,"DIVI_RATIO":null,"DIVIDEND_RATE":null,"CURRENT_RATIO":null,"COMMON_ACS":null,"CURRENTDEBT_DEBT":null,"ISSUED_COMMON_SHARES":5074191569,"HK_COMMON_SHARES":966501112,"PER_SHARES":1000,"TOTAL_MARKET_CAP":4262320917.96,"HKSK_MARKET_CAP":811860934.08,"PE_TTM":26.229330780416,"PB_TTM":0.237670582621,"REPORT_DATE_SQ":"2021-06-30 00:00:00","REPORT_TYPE_SQ":"2021年中报","OPERATE_INCOME_SQ":2751949000,"DPS_HKD":null,"OPERATE_INCOME_QOQ_SQ":7.433162831518,"NET_PROFIT_RATIO_SQ":18.6215296868,"HOLDER_PROFIT_SQ":434300000,"HOLDER_PROFIT_QOQ_SQ":8.230775360009,"ROE_AVG_SQ":3.203438086423,"PE_TTM_SQ":6.565210770956,"PB_TTM_SQ":0.448543441442,"ROA_SQ":0.209995780792,"START_DATE":"2022-01-01 00:00:00","FISCAL_YEAR":"12-31","CURRENCY":"HKD","IS_CNY_CODE":0,"DPS_HKD_LY":null,"ORG_TYPE":"银行","PREMIUM_INCOME":null,"PREMIUM_INCOME_YOY":null,"NET_INTEREST_INCOME":2947630000,"NET_INTEREST_INCOME_YOY":8.557648290205,"FEE_COMMISSION_INCOME":30416000,"FEE_COMMISSION_INCOME_YOY":null,"ACCOUNTS_RECE_TDAYS":null,"INVENTORY_TDAYS":null,"CURRENT_ASSETS_TDAYS":null,"TOTAL_ASSETS_TDAYS":0.012770858664,"PREMIUM_EXPENSE":null,"LOAN_DEPOSIT":76.114351631277,"LOAN_EQUITY":9.156400297371,"LOAN_ASSETS":65.128360436911,"DEPOSIT_EQUITY":12.029794777373,"DEPOSIT_ASSETS":85.566465510229,"EQUITY_MULTIPLIER":14.059006300798,"EQUITY_RATIO":15.784336604662},{"SECUCODE":"06122.HK","SECURITY_CODE":"06122","SECURITY_NAME_ABBR":"九台农商银行","ORG_CODE":"10119251","STD_REPORT_DATE":"2021-12-31 00:00:00","REPORT_DATE":"2021-12-31 00:00:00","DATE_TYPE_CODE":"001","REPORT_TYPE":"2021年年报","PER_NETCASH_OPERATE":2.067030512334,"PER_OI":1.379239097276,"BPS":2.872398056282,"BASIC_EPS":0.2226,"DILUTED_EPS":0.2226,"OPERATE_INCOME":6362294000,"OPERATE_INCOME_YOY":14.7028068979,"GROSS_PROFIT":null,"GROSS_PROFIT_YOY":null,"HOLDER_PROFIT":1129398000,"HOLDER_PROFIT_YOY":2.2620099673,"GROSS_PROFIT_RATIO":null,"EPS_TTM":0.244834626942,"OPERATE_INCOME_QOQ":6.766666711416,"NET_PROFIT_RATIO":20.2756741515,"ROE_AVG":7.996692277864,"GROSS_PROFIT_QOQ":null,"ROA":0.51985679011,"HOLDER_PROFIT_QOQ":-5.514850441472,"ROE_YEARLY":7.996692277864,"ROIC_YEARLY":0.606272585979,"TOTAL_ASSETS":234140240000,"TOTAL_LIABILITIES":216365228000,"TAX_EBT":26.182695251366,"OCF_SALES":149.867453468827,"TOTAL_PARENT_EQUITY":14575098000,"DEBT_ASSET_RATIO":92.4083908003,"OPERATE_PROFIT":1719034000,"PRETAX_PROFIT":1747555000,"NETCASH_OPERATE":9319935000,"NETCASH_INVEST":586382000,"NETCASH_FINANCE":-1545722000,"END_CASH":29622412000,"DIVI_RATIO":null,"DIVIDEND_RATE":null,"CURRENT_RATIO":null,"COMMON_ACS":null,"CURRENTDEBT_DEBT":null,"ISSUED_COMMON_SHARES":5074191569,"HK_COMMON_SHARES":966501112,"PER_SHARES":1000,"TOTAL_MARKET_CAP":4262320917.96,"HKSK_MARKET_CAP":811860934.08,"PE_TTM":26.229330780416,"PB_TTM":0.237670582621,"REPORT_DATE_SQ":"2020-12-31 00:00:00","REPORT_TYPE_SQ":"2020年年报","OPERATE_INCOME_SQ":5546764000,"DPS_HKD":null,"OPERATE_INCOME_QOQ_SQ":6.176878259307,"NET_PROFIT_RATIO_SQ":21.6281601308,"HOLDER_PROFIT_SQ":1104416000,"HOLDER_PROFIT_QOQ_SQ":18.644694153793,"ROE_AVG_SQ":8.177381146478,"PE_TTM_SQ":6.565210770956,"PB_TTM_SQ":0.448543441442,"ROA_SQ":0.591167704542,"START_DATE":"2021-01-01 00:00:00","FISCAL_YEAR":"12-31","CURRENCY":"HKD","IS_CNY_CODE":0,"DPS_HKD_LY":0.181558,"ORG_TYPE":"银行","PREMIUM_INCOME":null,"PREMIUM_INCOME_YOY":null,"NET_INTEREST_INCOME":6176369000,"NET_INTEREST_INCOME_YOY":21.142567417813,"FEE_COMMISSION_INCOME":72702000,"FEE_COMMISSION_INCOME_YOY":null,"ACCOUNTS_RECE_TDAYS":null,"INVENTORY_TDAYS":null,"CURRENT_ASSETS_TDAYS":null,"TOTAL_ASSETS_TDAYS":0.029285351458,"PREMIUM_EXPENSE":null,"LOAN_DEPOSIT":77.568123518327,"LOAN_EQUITY":8.595083536371,"LOAN_ASSETS":65.25051524676,"DEPOSIT_EQUITY":11.080690297143,"DEPOSIT_ASSETS":84.120270398629,"EQUITY_MULTIPLIER":13.172437801982,"EQUITY_RATIO":14.844855794452},{"SECUCODE":"06122.HK","SECURITY_CODE":"06122","SECURITY_NAME_ABBR":"九台农商银行","ORG_CODE":"10119251","STD_REPORT_DATE":"2021-06-30 00:00:00","REPORT_DATE":"2021-06-30 00:00:00","DATE_TYPE_CODE":"002","REPORT_TYPE":"2021年中报","PER_NETCASH_OPERATE":0.293276752428,"PER_OI":0.626405418641,"BPS":2.649306163789,"BASIC_EPS":0.0856,"DILUTED_EPS":0.0856,"OPERATE_INCOME":2751949000,"OPERATE_INCOME_YOY":17.6223014649,"GROSS_PROFIT":null,"GROSS_PROFIT_YOY":null,"HOLDER_PROFIT":434300000,"HOLDER_PROFIT_YOY":26.4713248184,"GROSS_PROFIT_RATIO":null,"EPS_TTM":0.272081231229,"OPERATE_INCOME_QOQ":7.433162831518,"NET_PROFIT_RATIO":18.6215296868,"ROE_AVG":3.203438086423,"GROSS_PROFIT_QOQ":null,"ROA":0.209995780792,"HOLDER_PROFIT_QOQ":8.230775360009,"ROE_YEARLY":6.406876172845,"ROIC_YEARLY":0.491356309387,"TOTAL_ASSETS":213264088000,"TOTAL_LIABILITIES":197202179000,"TAX_EBT":25.764941751145,"OCF_SALES":46.81899991606,"TOTAL_PARENT_EQUITY":13443087000,"DEBT_ASSET_RATIO":92.468535537,"OPERATE_PROFIT":699217000,"PRETAX_PROFIT":690314000,"NETCASH_OPERATE":1203481000,"NETCASH_INVEST":1688585000,"NETCASH_FINANCE":-1630393000,"END_CASH":22523490000,"DIVI_RATIO":null,"DIVIDEND_RATE":null,"CURRENT_RATIO":null,"COMMON_ACS":null,"CURRENTDEBT_DEBT":null,"ISSUED_COMMON_SHARES":5074191569,"HK_COMMON_SHARES":966501112,"PER_SHARES":1000,"TOTAL_MARKET_CAP":4262320917.96,"HKSK_MARKET_CAP":811860934.08,"PE_TTM":26.229330780416,"PB_TTM":0.237670582621,"REPORT_DATE_SQ":"2020-06-30 00:00:00","REPORT_TYPE_SQ":"2020年中报","OPERATE_INCOME_SQ":2339649000,"DPS_HKD":null,"OPERATE_INCOME_QOQ_SQ":-1.644733497783,"NET_PROFIT_RATIO_SQ":17.7381735465,"HOLDER_PROFIT_SQ":343398000,"HOLDER_PROFIT_QOQ_SQ":-10.678542162039,"ROE_AVG_SQ":2.612454496696,"PE_TTM_SQ":6.565210770956,"PB_TTM_SQ":0.448543441442,"ROA_SQ":0.194559457005,"START_DATE":"2021-01-01 00:00:00","FISCAL_YEAR":"12-31","CURRENCY":"HKD","IS_CNY_CODE":0,"DPS_HKD_LY":0.181558,"ORG_TYPE":"银行","PREMIUM_INCOME":null,"PREMIUM_INCOME_YOY":null,"NET_INTEREST_INCOME":2715267000,"NET_INTEREST_INCOME_YOY":29.5087878454,"FEE_COMMISSION_INCOME":33383000,"FEE_COMMISSION_INCOME_YOY":null,"ACCOUNTS_RECE_TDAYS":null,"INVENTORY_TDAYS":null,"CURRENT_ASSETS_TDAYS":null,"TOTAL_ASSETS_TDAYS":0.013306416739,"PREMIUM_EXPENSE":null,"LOAN_DEPOSIT":83.144569696005,"LOAN_EQUITY":8.574005742406,"LOAN_ASSETS":64.574819554242,"DEPOSIT_EQUITY":10.312165633612,"DEPOSIT_ASSETS":77.665709005822,"EQUITY_MULTIPLIER":13.277630199448,"EQUITY_RATIO":14.669411795074},{"SECUCODE":"06122.HK","SECURITY_CODE":"06122","SECURITY_NAME_ABBR":"九台农商银行","ORG_CODE":"10119251","STD_REPORT_DATE":"2020-12-31 00:00:00","REPORT_DATE":"2020-12-31 00:00:00","DATE_TYPE_CODE":"001","REPORT_TYPE":"2020年年报","PER_NETCASH_OPERATE":1.822112380168,"PER_OI":1.262568101925,"BPS":2.69432693151,"BASIC_EPS":0.2394,"DILUTED_EPS":0.2394,"OPERATE_INCOME":5546764000,"OPERATE_INCOME_YOY":4.4305515757,"GROSS_PROFIT":null,"GROSS_PROFIT_YOY":null,"HOLDER_PROFIT":1104416000,"HOLDER_PROFIT_YOY":5.9751704656,"GROSS_PROFIT_RATIO":null,"EPS_TTM":0.251389893793,"OPERATE_INCOME_QOQ":6.176878259307,"NET_PROFIT_RATIO":21.6281601308,"ROE_AVG":8.177381146478,"GROSS_PROFIT_QOQ":null,"ROA":0.591167704542,"HOLDER_PROFIT_QOQ":18.644694153793,"ROE_YEARLY":8.177381146478,"ROIC_YEARLY":0.690351579452,"TOTAL_ASSETS":200363270000,"TOTAL_LIABILITIES":184112085000,"TAX_EBT":22.151114687398,"OCF_SALES":144.317948266773,"TOTAL_PARENT_EQUITY":13671531000,"DEBT_ASSET_RATIO":91.8891396612,"OPERATE_PROFIT":1496425000,"PRETAX_PROFIT":1541015000,"NETCASH_OPERATE":8004976000,"NETCASH_INVEST":4388371000,"NETCASH_FINANCE":-7951600000,"END_CASH":21261817000,"DIVI_RATIO":null,"DIVIDEND_RATE":null,"CURRENT_RATIO":null,"COMMON_ACS":null,"CURRENTDEBT_DEBT":null,"ISSUED_COMMON_SHARES":5074191569,"HK_COMMON_SHARES":966501112,"PER_SHARES":1000,"TOTAL_MARKET_CAP":4262320917.96,"HKSK_MARKET_CAP":811860934.08,"PE_TTM":26.229330780416,"PB_TTM":0.237670582621,"REPORT_DATE_SQ":"2019-12-31 00:00:00","REPORT_TYPE_SQ":"2019年年报","OPERATE_INCOME_SQ":5311438000,"DPS_HKD":null,"OPERATE_INCOME_QOQ_SQ":4.396743310344,"NET_PROFIT_RATIO_SQ":22.5117002213,"HOLDER_PROFIT_SQ":1042146000,"HOLDER_PROFIT_QOQ_SQ":-2.367490868142,"ROE_AVG_SQ":7.926243931274,"PE_TTM_SQ":6.565210770956,"PB_TTM_SQ":0.448543441442,"ROA_SQ":0.61751526877,"START_DATE":"2020-01-01 00:00:00","FISCAL_YEAR":"12-31","CURRENCY":"HKD","IS_CNY_CODE":0,"DPS_HKD_LY":0.196877,"ORG_TYPE":"银行","PREMIUM_INCOME":null,"PREMIUM_INCOME_YOY":null,"NET_INTEREST_INCOME":5098430000,"NET_INTEREST_INCOME_YOY":22.398736071956,"FEE_COMMISSION_INCOME":230550000,"FEE_COMMISSION_INCOME_YOY":null,"ACCOUNTS_RECE_TDAYS":null,"INVENTORY_TDAYS":null,"CURRENT_ASSETS_TDAYS":null,"TOTAL_ASSETS_TDAYS":0.029690512828,"PREMIUM_EXPENSE":null,"LOAN_DEPOSIT":85.003401603581,"LOAN_EQUITY":7.833509064108,"LOAN_ASSETS":63.536497981891,"DEPOSIT_EQUITY":9.215524221772,"DEPOSIT_ASSETS":74.74582991184,"EQUITY_MULTIPLIER":12.329148305221,"EQUITY_RATIO":13.46682277208},{"SECUCODE":"06122.HK","SECURITY_CODE":"06122","SECURITY_NAME_ABBR":"九台农商银行","ORG_CODE":"10119251","STD_REPORT_DATE":"2020-06-30 00:00:00","REPORT_DATE":"2020-06-30 00:00:00","DATE_TYPE_CODE":"002","REPORT_TYPE":"2020年中报","PER_NETCASH_OPERATE":0.324463989409,"PER_OI":0.532556675766,"BPS":2.552001993601,"BASIC_EPS":0.0744,"DILUTED_EPS":0.0744,"OPERATE_INCOME":2339649000,"OPERATE_INCOME_YOY":-3.5994524946,"GROSS_PROFIT":null,"GROSS_PROFIT_YOY":null,"HOLDER_PROFIT":343398000,"HOLDER_PROFIT_YOY":-24.4754598798,"GROSS_PROFIT_RATIO":null,"EPS_TTM":0.211884649024,"OPERATE_INCOME_QOQ":-1.644733497783,"NET_PROFIT_RATIO":17.7381735465,"ROE_AVG":2.612454496696,"GROSS_PROFIT_QOQ":null,"ROA":0.194559457005,"HOLDER_PROFIT_QOQ":-10.678542162039,"ROE_YEARLY":5.224908993393,"ROIC_YEARLY":0.452432033145,"TOTAL_ASSETS":179725030000,"TOTAL_LIABILITIES":164443617000,"TAX_EBT":23.213086363561,"OCF_SALES":60.925720054589,"TOTAL_PARENT_EQUITY":12949347000,"DEBT_ASSET_RATIO":91.4973373492,"OPERATE_PROFIT":543207000,"PRETAX_PROFIT":540471000,"NETCASH_OPERATE":1425448000,"NETCASH_INVEST":5337179000,"NETCASH_FINANCE":-4291139000,"END_CASH":19291558000,"DIVI_RATIO":null,"DIVIDEND_RATE":null,"CURRENT_RATIO":null,"COMMON_ACS":null,"CURRENTDEBT_DEBT":null,"ISSUED_COMMON_SHARES":5074191569,"HK_COMMON_SHARES":966501112,"PER_SHARES":1000,"TOTAL_MARKET_CAP":4262320917.96,"HKSK_MARKET_CAP":811860934.08,"PE_TTM":26.229330780416,"PB_TTM":0.237670582621,"REPORT_DATE_SQ":"2019-06-30 00:00:00","REPORT_TYPE_SQ":"2019年中报","OPERATE_INCOME_SQ":2427008000,"DPS_HKD":null,"OPERATE_INCOME_QOQ_SQ":0.995835894915,"NET_PROFIT_RATIO_SQ":20.5773528559,"HOLDER_PROFIT_SQ":454684000,"HOLDER_PROFIT_QOQ_SQ":8.594319083566,"ROE_AVG_SQ":3.541342402147,"PE_TTM_SQ":6.565210770956,"PB_TTM_SQ":0.448543441442,"ROA_SQ":0.277424735718,"START_DATE":"2020-01-01 00:00:00","FISCAL_YEAR":"12-31","CURRENCY":"HKD","IS_CNY_CODE":0,"DPS_HKD_LY":0.196877,"ORG_TYPE":"银行","PREMIUM_INCOME":null,"PREMIUM_INCOME_YOY":null,"NET_INTEREST_INCOME":2096589000,"NET_INTEREST_INCOME_YOY":9.547210152424,"FEE_COMMISSION_INCOME":36979000,"FEE_COMMISSION_INCOME_YOY":null,"ACCOUNTS_RECE_TDAYS":null,"INVENTORY_TDAYS":null,"CURRENT_ASSETS_TDAYS":null,"TOTAL_ASSETS_TDAYS":0.013255780145,"PREMIUM_EXPENSE":null,"LOAN_DEPOSIT":84.149248025257,"LOAN_EQUITY":7.144227304111,"LOAN_ASSETS":60.744954667694,"DEPOSIT_EQUITY":8.489947886364,"DEPOSIT_ASSETS":72.187162800863,"EQUITY_MULTIPLIER":11.761021706605,"EQUITY_RATIO":12.698989145939}],"count":21},"success":true,"message":"ok","code":0}