{"version":"95a6fcb1c3be147907b489e331a6ee7f","result":{"pages":3,"data":[{"SECUCODE":"06123.HK","SECURITY_CODE":"06123","SECURITY_NAME_ABBR":"圆通国际快递","ORG_CODE":"10401489","STD_REPORT_DATE":"2024-06-30 00:00:00","REPORT_DATE":"2024-06-30 00:00:00","DATE_TYPE_CODE":"002","REPORT_TYPE":"2024年中报","PER_NETCASH_OPERATE":-0.203194510388,"PER_OI":6.462114979795,"BPS":2.641307084414,"BASIC_EPS":-0.091998144,"DILUTED_EPS":-0.091998144,"OPERATE_INCOME":2715316093.36,"OPERATE_INCOME_YOY":20.5675029239,"GROSS_PROFIT":158885723.16,"GROSS_PROFIT_YOY":-42.474075679583,"HOLDER_PROFIT":-38464898.6,"HOLDER_PROFIT_YOY":-139.1711279649,"GROSS_PROFIT_RATIO":5.851463243949,"EPS_TTM":-0.118906043123,"OPERATE_INCOME_QOQ":9.180845288626,"NET_PROFIT_RATIO":-1.441295122,"ROE_AVG":-3.373882093848,"GROSS_PROFIT_QOQ":-26.894931151407,"ROA":-2.023260899361,"HOLDER_PROFIT_QOQ":-156.970865464073,"ROE_YEARLY":-6.747764187697,"ROIC_YEARLY":-6.42126597746,"TOTAL_ASSETS":1806616290.84,"TOTAL_LIABILITIES":692232185.48,"TAX_EBT":-7.133041848844,"OCF_SALES":-3.144396393804,"TOTAL_PARENT_EQUITY":1109850823.8,"DEBT_ASSET_RATIO":38.3165030112,"OPERATE_PROFIT":-23324450.08,"PRETAX_PROFIT":-36530017,"NETCASH_OPERATE":-85380301.32,"NETCASH_INVEST":1164579.68,"NETCASH_FINANCE":-12603198.12,"END_CASH":640471364.64,"DIVI_RATIO":-0.175290165685,"DIVIDEND_RATE":1.98275862069,"CURRENT_RATIO":2.579693306613,"COMMON_ACS":2000000000,"CURRENTDEBT_DEBT":94.869215424392,"ISSUED_COMMON_SHARES":420190000,"HK_COMMON_SHARES":420190000,"PER_SHARES":2000,"TOTAL_MARKET_CAP":487420400,"HKSK_MARKET_CAP":487420400,"PE_TTM":-9.203209848571,"PB_TTM":0.400827607758,"REPORT_DATE_SQ":"2023-06-30 00:00:00","REPORT_TYPE_SQ":"2023年中报","OPERATE_INCOME_SQ":2275061252.36,"DPS_HKD":0.023,"OPERATE_INCOME_QOQ_SQ":-11.127586194371,"NET_PROFIT_RATIO_SQ":4.3926402446,"HOLDER_PROFIT_SQ":99197672.16,"HOLDER_PROFIT_QOQ_SQ":-4.277799577255,"ROE_AVG_SQ":8.633277097848,"PE_TTM_SQ":3.815815136913,"PB_TTM_SQ":0.360832138066,"ROA_SQ":4.980312186031,"START_DATE":"2024-01-01 00:00:00","FISCAL_YEAR":"12-31","CURRENCY":"HKD","IS_CNY_CODE":0,"DPS_HKD_LY":0.023,"ORG_TYPE":"一般企业","PREMIUM_INCOME":null,"PREMIUM_INCOME_YOY":null,"NET_INTEREST_INCOME":null,"NET_INTEREST_INCOME_YOY":null,"FEE_COMMISSION_INCOME":null,"FEE_COMMISSION_INCOME_YOY":null,"ACCOUNTS_RECE_TDAYS":2.970211546688,"INVENTORY_TDAYS":null,"CURRENT_ASSETS_TDAYS":1.524637033522,"TOTAL_ASSETS_TDAYS":1.428261371031,"PREMIUM_EXPENSE":null,"LOAN_DEPOSIT":null,"LOAN_EQUITY":null,"LOAN_ASSETS":null,"DEPOSIT_EQUITY":null,"DEPOSIT_ASSETS":null,"EQUITY_MULTIPLIER":1.621179162688,"EQUITY_RATIO":0.623716422636},{"SECUCODE":"06123.HK","SECURITY_CODE":"06123","SECURITY_NAME_ABBR":"圆通国际快递","ORG_CODE":"10401489","STD_REPORT_DATE":"2023-12-31 00:00:00","REPORT_DATE":"2023-12-31 00:00:00","DATE_TYPE_CODE":"001","REPORT_TYPE":"2023年年报","PER_NETCASH_OPERATE":-0.530287188177,"PER_OI":11.412367772198,"BPS":2.765468821914,"BASIC_EPS":0.20978993,"DILUTED_EPS":0.20978993,"OPERATE_INCOME":4795362814.2,"OPERATE_INCOME_YOY":-21.0967054105,"GROSS_PROFIT":436189060.16,"GROSS_PROFIT_YOY":-10.124540375226,"HOLDER_PROFIT":87699440.5,"HOLDER_PROFIT_YOY":-29.2290703797,"GROSS_PROFIT_RATIO":9.096059611347,"EPS_TTM":0.208713773531,"OPERATE_INCOME_QOQ":-9.930229624277,"NET_PROFIT_RATIO":1.8230368451,"ROE_AVG":7.797609431421,"GROSS_PROFIT_QOQ":-3.012193142394,"ROA":4.387042550799,"HOLDER_PROFIT_QOQ":-24.994498193746,"ROE_YEARLY":7.797609431421,"ROIC_YEARLY":7.677910941787,"TOTAL_ASSETS":1981526152.48,"TOTAL_LIABILITIES":813970428.88,"TAX_EBT":20.57108981326,"OCF_SALES":-4.646600939979,"TOTAL_PARENT_EQUITY":1162022344.28,"DEBT_ASSET_RATIO":41.0779553861,"OPERATE_PROFIT":109645370.24,"PRETAX_PROFIT":110062231.44,"NETCASH_OPERATE":-222821373.6,"NETCASH_INVEST":104383856.92,"NETCASH_FINANCE":-34829659.48,"END_CASH":745845340.38,"DIVI_RATIO":0.099864324464,"DIVIDEND_RATE":1.916666666667,"CURRENT_RATIO":2.345433582719,"COMMON_ACS":2000000000,"CURRENTDEBT_DEBT":97.143187961755,"ISSUED_COMMON_SHARES":420190000,"HK_COMMON_SHARES":420190000,"PER_SHARES":2000,"TOTAL_MARKET_CAP":504228000,"HKSK_MARKET_CAP":504228000,"PE_TTM":-9.520561912314,"PB_TTM":0.414649249405,"REPORT_DATE_SQ":"2022-12-31 00:00:00","REPORT_TYPE_SQ":"2022年年报","OPERATE_INCOME_SQ":5990670591.5,"DPS_HKD":0.023,"OPERATE_INCOME_QOQ_SQ":-9.117894863878,"NET_PROFIT_RATIO_SQ":2.0846945851,"HOLDER_PROFIT_SQ":122149312.88,"HOLDER_PROFIT_QOQ_SQ":-50.59302476945,"ROE_AVG_SQ":11.879615769872,"PE_TTM_SQ":3.781438423968,"PB_TTM_SQ":0.357581398084,"ROA_SQ":6.031110427972,"START_DATE":"2023-01-01 00:00:00","FISCAL_YEAR":"12-31","CURRENCY":"HKD","IS_CNY_CODE":0,"DPS_HKD_LY":0.033,"ORG_TYPE":"一般企业","PREMIUM_INCOME":null,"PREMIUM_INCOME_YOY":null,"NET_INTEREST_INCOME":null,"NET_INTEREST_INCOME_YOY":null,"FEE_COMMISSION_INCOME":null,"FEE_COMMISSION_INCOME_YOY":null,"ACCOUNTS_RECE_TDAYS":5.771064246538,"INVENTORY_TDAYS":null,"CURRENT_ASSETS_TDAYS":2.56854259656,"TOTAL_ASSETS_TDAYS":2.398813560551,"PREMIUM_EXPENSE":null,"LOAN_DEPOSIT":null,"LOAN_EQUITY":null,"LOAN_ASSETS":null,"DEPOSIT_EQUITY":null,"DEPOSIT_ASSETS":null,"EQUITY_MULTIPLIER":1.697157670873,"EQUITY_RATIO":0.70047743306},{"SECUCODE":"06123.HK","SECURITY_CODE":"06123","SECURITY_NAME_ABBR":"圆通国际快递","ORG_CODE":"10401489","STD_REPORT_DATE":"2023-06-30 00:00:00","REPORT_DATE":"2023-06-30 00:00:00","DATE_TYPE_CODE":"002","REPORT_TYPE":"2023年中报","PER_NETCASH_OPERATE":0.156784214094,"PER_OI":5.41436315086,"BPS":2.836215769152,"BASIC_EPS":0.237317652,"DILUTED_EPS":0.237317652,"OPERATE_INCOME":2275061252.36,"OPERATE_INCOME_YOY":-28.2636901327,"GROSS_PROFIT":276198470.58,"GROSS_PROFIT_YOY":-11.414824471421,"HOLDER_PROFIT":99197672.16,"HOLDER_PROFIT_YOY":-11.8856721674,"GROSS_PROFIT_RATIO":12.140265247518,"EPS_TTM":0.278264618601,"OPERATE_INCOME_QOQ":-11.127586194371,"NET_PROFIT_RATIO":4.3926402446,"ROE_AVG":8.633277097848,"GROSS_PROFIT_QOQ":-7.333238541288,"ROA":4.980312186031,"HOLDER_PROFIT_QOQ":-4.277799577255,"ROE_YEARLY":17.266554195696,"ROIC_YEARLY":20.631552706894,"TOTAL_ASSETS":1931936253.58,"TOTAL_LIABILITIES":732378500.92,"TAX_EBT":23.802828782724,"OCF_SALES":2.895709240868,"TOTAL_PARENT_EQUITY":1191749504.04,"DEBT_ASSET_RATIO":37.9090407131,"OPERATE_PROFIT":117610534.74,"PRETAX_PROFIT":131153498.96,"NETCASH_OPERATE":65879158.92,"NETCASH_INVEST":110344410.36,"NETCASH_FINANCE":-14873381.36,"END_CASH":1077108666.88,"DIVI_RATIO":0.07490373769,"DIVIDEND_RATE":1.916666666667,"CURRENT_RATIO":2.552905643418,"COMMON_ACS":2000000000,"CURRENTDEBT_DEBT":95.240283299385,"ISSUED_COMMON_SHARES":420190000,"HK_COMMON_SHARES":420190000,"PER_SHARES":2000,"TOTAL_MARKET_CAP":504228000,"HKSK_MARKET_CAP":504228000,"PE_TTM":-9.520561912314,"PB_TTM":0.414649249405,"REPORT_DATE_SQ":"2022-06-30 00:00:00","REPORT_TYPE_SQ":"2022年中报","OPERATE_INCOME_SQ":2941678286.05,"DPS_HKD":0.023,"OPERATE_INCOME_QOQ_SQ":6.693923913192,"NET_PROFIT_RATIO_SQ":3.6224542451,"HOLDER_PROFIT_SQ":104422974.95,"HOLDER_PROFIT_QOQ_SQ":10.611404193396,"ROE_AVG_SQ":10.668044748038,"PE_TTM_SQ":3.781438423968,"PB_TTM_SQ":0.357581398084,"ROA_SQ":5.467972806346,"START_DATE":"2023-01-01 00:00:00","FISCAL_YEAR":"12-31","CURRENCY":"HKD","IS_CNY_CODE":0,"DPS_HKD_LY":0.033,"ORG_TYPE":"一般企业","PREMIUM_INCOME":null,"PREMIUM_INCOME_YOY":null,"NET_INTEREST_INCOME":null,"NET_INTEREST_INCOME_YOY":null,"FEE_COMMISSION_INCOME":null,"FEE_COMMISSION_INCOME_YOY":null,"ACCOUNTS_RECE_TDAYS":3.568445720574,"INVENTORY_TDAYS":null,"CURRENT_ASSETS_TDAYS":1.232184539407,"TOTAL_ASSETS_TDAYS":1.142215843616,"PREMIUM_EXPENSE":null,"LOAN_DEPOSIT":null,"LOAN_EQUITY":null,"LOAN_ASSETS":null,"DEPOSIT_EQUITY":null,"DEPOSIT_ASSETS":null,"EQUITY_MULTIPLIER":1.610540425667,"EQUITY_RATIO":0.614540638311},{"SECUCODE":"06123.HK","SECURITY_CODE":"06123","SECURITY_NAME_ABBR":"圆通国际快递","ORG_CODE":"10401489","STD_REPORT_DATE":"2022-12-31 00:00:00","REPORT_DATE":"2022-12-31 00:00:00","DATE_TYPE_CODE":"001","REPORT_TYPE":"2022年年报","PER_NETCASH_OPERATE":1.485216829363,"PER_OI":14.257051789667,"BPS":2.550826990623,"BASIC_EPS":0.292188617,"DILUTED_EPS":0.292188617,"OPERATE_INCOME":5990670591.5,"OPERATE_INCOME_YOY":-11.2483982178,"GROSS_PROFIT":485326096.78,"GROSS_PROFIT_YOY":-25.130202024649,"HOLDER_PROFIT":122149312.88,"HOLDER_PROFIT_YOY":-49.9796983653,"GROSS_PROFIT_RATIO":8.101365103743,"EPS_TTM":0.290700190104,"OPERATE_INCOME_QOQ":-9.117894863878,"NET_PROFIT_RATIO":2.0846945851,"ROE_AVG":11.879615769872,"GROSS_PROFIT_QOQ":-29.348628962855,"ROA":6.031110427972,"HOLDER_PROFIT_QOQ":-50.59302476945,"ROE_YEARLY":11.879615769872,"ROIC_YEARLY":9.448461992369,"TOTAL_ASSETS":1987768719.44,"TOTAL_LIABILITIES":906544885.47,"TAX_EBT":0.687612323036,"OCF_SALES":10.417419051808,"TOTAL_PARENT_EQUITY":1071831993.19,"DEBT_ASSET_RATIO":45.6061551127,"OPERATE_PROFIT":133856509.5,"PRETAX_PROFIT":125751870.79,"NETCASH_OPERATE":624073259.53,"NETCASH_INVEST":-146369435.66,"NETCASH_FINANCE":-63052356.22,"END_CASH":891809503.55,"DIVI_RATIO":0.071699505915,"DIVIDEND_RATE":1.916666666667,"CURRENT_RATIO":2.11306018852,"COMMON_ACS":2000000000,"CURRENTDEBT_DEBT":96.706149906243,"ISSUED_COMMON_SHARES":420190000,"HK_COMMON_SHARES":420190000,"PER_SHARES":2000,"TOTAL_MARKET_CAP":504228000,"HKSK_MARKET_CAP":504228000,"PE_TTM":-9.520561912314,"PB_TTM":0.414649249405,"REPORT_DATE_SQ":"2021-12-31 00:00:00","REPORT_TYPE_SQ":"2021年年报","OPERATE_INCOME_SQ":6178134715.2,"DPS_HKD":0.023,"OPERATE_INCOME_QOQ_SQ":29.627673187488,"NET_PROFIT_RATIO_SQ":3.6822032424,"HOLDER_PROFIT_SQ":223513035.2,"HOLDER_PROFIT_QOQ_SQ":8.607194825907,"ROE_AVG_SQ":27.900338220556,"PE_TTM_SQ":3.781438423968,"PB_TTM_SQ":0.357581398084,"ROA_SQ":13.672975820454,"START_DATE":"2022-01-01 00:00:00","FISCAL_YEAR":"12-31","CURRENCY":"HKD","IS_CNY_CODE":0,"DPS_HKD_LY":0.065,"ORG_TYPE":"一般企业","PREMIUM_INCOME":null,"PREMIUM_INCOME_YOY":null,"NET_INTEREST_INCOME":null,"NET_INTEREST_INCOME_YOY":null,"FEE_COMMISSION_INCOME":null,"FEE_COMMISSION_INCOME_YOY":null,"ACCOUNTS_RECE_TDAYS":6.701902758978,"INVENTORY_TDAYS":null,"CURRENT_ASSETS_TDAYS":3.226903816474,"TOTAL_ASSETS_TDAYS":2.957887770555,"PREMIUM_EXPENSE":null,"LOAN_DEPOSIT":null,"LOAN_EQUITY":null,"LOAN_ASSETS":null,"DEPOSIT_EQUITY":null,"DEPOSIT_ASSETS":null,"EQUITY_MULTIPLIER":1.83844330562,"EQUITY_RATIO":0.845790096983},{"SECUCODE":"06123.HK","SECURITY_CODE":"06123","SECURITY_NAME_ABBR":"圆通国际快递","ORG_CODE":"10401489","STD_REPORT_DATE":"2022-06-30 00:00:00","REPORT_DATE":"2022-06-30 00:00:00","DATE_TYPE_CODE":"002","REPORT_TYPE":"2022年中报","PER_NETCASH_OPERATE":0.570467231157,"PER_OI":7.000828877532,"BPS":2.415649712083,"BASIC_EPS":0.249800999,"DILUTED_EPS":0.249800999,"OPERATE_INCOME":2941678286.05,"OPERATE_INCOME_YOY":13.2140148872,"GROSS_PROFIT":311788590.96,"GROSS_PROFIT_YOY":14.172937674459,"HOLDER_PROFIT":104422974.95,"HOLDER_PROFIT_YOY":25.89182613,"GROSS_PROFIT_RATIO":10.599003719698,"EPS_TTM":0.588378844785,"OPERATE_INCOME_QOQ":6.693923913192,"NET_PROFIT_RATIO":3.6224542451,"ROE_AVG":10.668044748038,"GROSS_PROFIT_QOQ":5.970764439926,"ROA":5.467972806346,"HOLDER_PROFIT_QOQ":10.611404193396,"ROE_YEARLY":21.336089496076,"ROIC_YEARLY":15.630040193543,"TOTAL_ASSETS":1844507999.6,"TOTAL_LIABILITIES":821277440.55,"TAX_EBT":13.928990813014,"OCF_SALES":8.148566993091,"TOTAL_PARENT_EQUITY":1015031852.52,"DEBT_ASSET_RATIO":44.5255559059,"OPERATE_PROFIT":125981459.66,"PRETAX_PROFIT":123805856.3,"NETCASH_OPERATE":239704625.86,"NETCASH_INVEST":-35723851.87,"NETCASH_FINANCE":-22901988.2,"END_CASH":641070093.37,"DIVI_RATIO":0.035424557128,"DIVIDEND_RATE":1.916666666667,"CURRENT_RATIO":2.193701826148,"COMMON_ACS":2000000000,"CURRENTDEBT_DEBT":94.877674169179,"ISSUED_COMMON_SHARES":420190000,"HK_COMMON_SHARES":420190000,"PER_SHARES":2000,"TOTAL_MARKET_CAP":504228000,"HKSK_MARKET_CAP":504228000,"PE_TTM":-9.520561912314,"PB_TTM":0.414649249405,"REPORT_DATE_SQ":"2021-06-30 00:00:00","REPORT_TYPE_SQ":"2021年中报","OPERATE_INCOME_SQ":2528118648.96,"DPS_HKD":0.023,"OPERATE_INCOME_QOQ_SQ":12.177101138161,"NET_PROFIT_RATIO_SQ":3.2802753634,"HOLDER_PROFIT_SQ":80705103.36,"HOLDER_PROFIT_QOQ_SQ":-3.056335960799,"ROE_AVG_SQ":10.890415419405,"PE_TTM_SQ":3.781438423968,"PB_TTM_SQ":0.357581398084,"ROA_SQ":5.513474736255,"START_DATE":"2022-01-01 00:00:00","FISCAL_YEAR":"12-31","CURRENCY":"HKD","IS_CNY_CODE":0,"DPS_HKD_LY":0.065,"ORG_TYPE":"一般企业","PREMIUM_INCOME":null,"PREMIUM_INCOME_YOY":null,"NET_INTEREST_INCOME":null,"NET_INTEREST_INCOME_YOY":null,"FEE_COMMISSION_INCOME":null,"FEE_COMMISSION_INCOME_YOY":null,"ACCOUNTS_RECE_TDAYS":3.161510906254,"INVENTORY_TDAYS":null,"CURRENT_ASSETS_TDAYS":1.685531204276,"TOTAL_ASSETS_TDAYS":1.5403714442,"PREMIUM_EXPENSE":null,"LOAN_DEPOSIT":null,"LOAN_EQUITY":null,"LOAN_ASSETS":null,"DEPOSIT_EQUITY":null,"DEPOSIT_ASSETS":null,"EQUITY_MULTIPLIER":1.802631853874,"EQUITY_RATIO":0.809114944039},{"SECUCODE":"06123.HK","SECURITY_CODE":"06123","SECURITY_NAME_ABBR":"圆通国际快递","ORG_CODE":"10401489","STD_REPORT_DATE":"2021-12-31 00:00:00","REPORT_DATE":"2021-12-31 00:00:00","DATE_TYPE_CODE":"001","REPORT_TYPE":"2021年年报","PER_NETCASH_OPERATE":0.296755780004,"PER_OI":14.703193115495,"BPS":2.144772279207,"BASIC_EPS":0.53765376,"DILUTED_EPS":0.53528272,"OPERATE_INCOME":6178134715.2,"OPERATE_INCOME_YOY":49.6881508001,"GROSS_PROFIT":648226801.6,"GROSS_PROFIT_YOY":-0.313369182115,"HOLDER_PROFIT":223513035.2,"HOLDER_PROFIT_YOY":8.3835848885,"GROSS_PROFIT_RATIO":10.492273663201,"EPS_TTM":0.53193325686,"OPERATE_INCOME_QOQ":29.627673187488,"NET_PROFIT_RATIO":3.6822032424,"ROE_AVG":27.900338220556,"GROSS_PROFIT_QOQ":11.079112708242,"ROA":13.672975820454,"HOLDER_PROFIT_QOQ":8.607194825907,"ROE_YEARLY":27.900338220556,"ROIC_YEARLY":18.743529373047,"TOTAL_ASSETS":1888123742.4,"TOTAL_LIABILITIES":975243908.8,"TAX_EBT":14.102382040232,"OCF_SALES":2.018308388343,"TOTAL_PARENT_EQUITY":901211864,"DEBT_ASSET_RATIO":51.6514827339,"OPERATE_PROFIT":267376457.6,"PRETAX_PROFIT":264840262.4,"NETCASH_OPERATE":124693811.2,"NETCASH_INVEST":923070.4,"NETCASH_FINANCE":-55591076.8,"END_CASH":464256172.8,"DIVI_RATIO":0.039183600069,"DIVIDEND_RATE":1.916666666667,"CURRENT_RATIO":1.968786895412,"COMMON_ACS":2000000000,"CURRENTDEBT_DEBT":88.688587398025,"ISSUED_COMMON_SHARES":420190000,"HK_COMMON_SHARES":420190000,"PER_SHARES":2000,"TOTAL_MARKET_CAP":504228000,"HKSK_MARKET_CAP":504228000,"PE_TTM":-9.520561912314,"PB_TTM":0.414649249405,"REPORT_DATE_SQ":"2020-12-31 00:00:00","REPORT_TYPE_SQ":"2020年年报","OPERATE_INCOME_SQ":4248693825.32,"DPS_HKD":0.023,"OPERATE_INCOME_QOQ_SQ":8.413966487112,"NET_PROFIT_RATIO_SQ":5.0686860615,"HOLDER_PROFIT_SQ":212287698.84,"HOLDER_PROFIT_QOQ_SQ":100.177007803734,"ROE_AVG_SQ":34.838343434567,"PE_TTM_SQ":3.781438423968,"PB_TTM_SQ":0.357581398084,"ROA_SQ":17.721575016915,"START_DATE":"2021-01-01 00:00:00","FISCAL_YEAR":"12-31","CURRENCY":"HKD","IS_CNY_CODE":0,"DPS_HKD_LY":0.061,"ORG_TYPE":"一般企业","PREMIUM_INCOME":null,"PREMIUM_INCOME_YOY":null,"NET_INTEREST_INCOME":null,"NET_INTEREST_INCOME_YOY":null,"FEE_COMMISSION_INCOME":null,"FEE_COMMISSION_INCOME_YOY":null,"ACCOUNTS_RECE_TDAYS":7.612830460885,"INVENTORY_TDAYS":null,"CURRENT_ASSETS_TDAYS":4.295021642992,"TOTAL_ASSETS_TDAYS":3.779353920045,"PREMIUM_EXPENSE":null,"LOAN_DEPOSIT":null,"LOAN_EQUITY":null,"LOAN_ASSETS":null,"DEPOSIT_EQUITY":null,"DEPOSIT_ASSETS":null,"EQUITY_MULTIPLIER":2.068315755158,"EQUITY_RATIO":1.082147215053},{"SECUCODE":"06123.HK","SECURITY_CODE":"06123","SECURITY_NAME_ABBR":"圆通国际快递","ORG_CODE":"10401489","STD_REPORT_DATE":"2021-06-30 00:00:00","REPORT_DATE":"2021-06-30 00:00:00","DATE_TYPE_CODE":"002","REPORT_TYPE":"2021年中报","PER_NETCASH_OPERATE":-0.016629221422,"PER_OI":6.066125945292,"BPS":1.829417555487,"BASIC_EPS":0.19470672,"DILUTED_EPS":0.191128776,"OPERATE_INCOME":2528118648.96,"OPERATE_INCOME_YOY":38.0238450548,"GROSS_PROFIT":273084495.6,"GROSS_PROFIT_YOY":-19.628279436253,"HOLDER_PROFIT":80705103.36,"HOLDER_PROFIT_YOY":1.6091183372,"GROSS_PROFIT_RATIO":10.801886047253,"EPS_TTM":0.493808123524,"OPERATE_INCOME_QOQ":12.177101138161,"NET_PROFIT_RATIO":3.2802753634,"ROE_AVG":10.890415419405,"GROSS_PROFIT_QOQ":-10.25618733585,"ROA":5.513474736255,"HOLDER_PROFIT_QOQ":-3.056335960799,"ROE_YEARLY":21.780830838811,"ROIC_YEARLY":15.206380935583,"TOTAL_ASSETS":1521806089.44,"TOTAL_LIABILITIES":742590628.08,"TAX_EBT":14.950718948671,"OCF_SALES":-0.274132478824,"TOTAL_PARENT_EQUITY":768702962.64,"DEBT_ASSET_RATIO":48.7966655695,"OPERATE_PROFIT":99094903.44,"PRETAX_PROFIT":97507294.8,"NETCASH_OPERATE":-6930394.32,"NETCASH_INVEST":2859858.96,"NETCASH_FINANCE":-22596796.56,"END_CASH":378356760.96,"DIVI_RATIO":0.042208823644,"DIVIDEND_RATE":1.916666666667,"CURRENT_RATIO":2.105351010303,"COMMON_ACS":2000000000,"CURRENTDEBT_DEBT":84.179411530717,"ISSUED_COMMON_SHARES":420190000,"HK_COMMON_SHARES":420190000,"PER_SHARES":2000,"TOTAL_MARKET_CAP":504228000,"HKSK_MARKET_CAP":504228000,"PE_TTM":-9.520561912314,"PB_TTM":0.414649249405,"REPORT_DATE_SQ":"2020-06-30 00:00:00","REPORT_TYPE_SQ":"2020年中报","OPERATE_INCOME_SQ":2010750904.8,"DPS_HKD":0.023,"OPERATE_INCOME_QOQ_SQ":12.237455489111,"NET_PROFIT_RATIO_SQ":4.3885531017,"HOLDER_PROFIT_SQ":87193328.64,"HOLDER_PROFIT_QOQ_SQ":353.578152517545,"ROE_AVG_SQ":15.008297675472,"PE_TTM_SQ":3.781438423968,"PB_TTM_SQ":0.357581398084,"ROA_SQ":7.45611071687,"START_DATE":"2021-01-01 00:00:00","FISCAL_YEAR":"12-31","CURRENCY":"HKD","IS_CNY_CODE":0,"DPS_HKD_LY":0.061,"ORG_TYPE":"一般企业","PREMIUM_INCOME":null,"PREMIUM_INCOME_YOY":null,"NET_INTEREST_INCOME":null,"NET_INTEREST_INCOME_YOY":null,"FEE_COMMISSION_INCOME":null,"FEE_COMMISSION_INCOME_YOY":null,"ACCOUNTS_RECE_TDAYS":3.69086864991,"INVENTORY_TDAYS":null,"CURRENT_ASSETS_TDAYS":2.013728132863,"TOTAL_ASSETS_TDAYS":1.727117334714,"PREMIUM_EXPENSE":null,"LOAN_DEPOSIT":null,"LOAN_EQUITY":null,"LOAN_ASSETS":null,"DEPOSIT_EQUITY":null,"DEPOSIT_ASSETS":null,"EQUITY_MULTIPLIER":1.952997809854,"EQUITY_RATIO":0.966030657056},{"SECUCODE":"06123.HK","SECURITY_CODE":"06123","SECURITY_NAME_ABBR":"圆通国际快递","ORG_CODE":"10401489","STD_REPORT_DATE":"2020-12-31 00:00:00","REPORT_DATE":"2020-12-31 00:00:00","DATE_TYPE_CODE":"001","REPORT_TYPE":"2020年年报","PER_NETCASH_OPERATE":0.652184162204,"PER_OI":10.194581594491,"BPS":1.717377045908,"BASIC_EPS":0.512053776,"DILUTED_EPS":0.509023872,"OPERATE_INCOME":4248693825.32,"OPERATE_INCOME_YOY":29.5084305587,"GROSS_PROFIT":650264530.24,"GROSS_PROFIT_YOY":31.764790682522,"HOLDER_PROFIT":212287698.84,"HOLDER_PROFIT_YOY":866.3652733612,"GROSS_PROFIT_RATIO":15.305045667559,"EPS_TTM":0.509376376908,"OPERATE_INCOME_QOQ":8.413966487112,"NET_PROFIT_RATIO":5.0686860615,"ROE_AVG":34.838343434567,"GROSS_PROFIT_QOQ":6.962247849532,"ROA":17.721575016915,"HOLDER_PROFIT_QOQ":100.177007803734,"ROE_YEARLY":34.838343434567,"ROIC_YEARLY":24.3534857315,"TOTAL_ASSETS":1421903648.16,"TOTAL_LIABILITIES":693769743.48,"TAX_EBT":10.563311359204,"OCF_SALES":6.397360756386,"TOTAL_PARENT_EQUITY":721624660.92,"DEBT_ASSET_RATIO":48.7916142826,"OPERATE_PROFIT":243766718.12,"PRETAX_PROFIT":240788154.16,"NETCASH_OPERATE":271804271.44,"NETCASH_INVEST":20249858.4,"NETCASH_FINANCE":-91660487.48,"END_CASH":414029648.48,"DIVI_RATIO":0.040918780189,"DIVIDEND_RATE":1.916666666667,"CURRENT_RATIO":2.095035293362,"COMMON_ACS":2000000000,"CURRENTDEBT_DEBT":83.148390102231,"ISSUED_COMMON_SHARES":420190000,"HK_COMMON_SHARES":420190000,"PER_SHARES":2000,"TOTAL_MARKET_CAP":504228000,"HKSK_MARKET_CAP":504228000,"PE_TTM":-9.520561912314,"PB_TTM":0.414649249405,"REPORT_DATE_SQ":"2019-12-31 00:00:00","REPORT_TYPE_SQ":"2019年年报","OPERATE_INCOME_SQ":3491663549.34,"DPS_HKD":0.023,"OPERATE_INCOME_QOQ_SQ":-9.331615843318,"NET_PROFIT_RATIO_SQ":0.7340613658,"HOLDER_PROFIT_SQ":23380753.78,"HOLDER_PROFIT_QOQ_SQ":-63.314915021729,"ROE_AVG_SQ":4.474229596323,"PE_TTM_SQ":3.781438423968,"PB_TTM_SQ":0.357581398084,"ROA_SQ":2.153173891828,"START_DATE":"2020-01-01 00:00:00","FISCAL_YEAR":"12-31","CURRENCY":"HKD","IS_CNY_CODE":0,"DPS_HKD_LY":0.01,"ORG_TYPE":"一般企业","PREMIUM_INCOME":null,"PREMIUM_INCOME_YOY":null,"NET_INTEREST_INCOME":null,"NET_INTEREST_INCOME_YOY":null,"FEE_COMMISSION_INCOME":null,"FEE_COMMISSION_INCOME_YOY":null,"ACCOUNTS_RECE_TDAYS":7.567846367762,"INVENTORY_TDAYS":null,"CURRENT_ASSETS_TDAYS":4.150261934202,"TOTAL_ASSETS_TDAYS":3.546769160942,"PREMIUM_EXPENSE":null,"LOAN_DEPOSIT":null,"LOAN_EQUITY":null,"LOAN_ASSETS":null,"DEPOSIT_EQUITY":null,"DEPOSIT_ASSETS":null,"EQUITY_MULTIPLIER":1.952805162652,"EQUITY_RATIO":0.961399715186},{"SECUCODE":"06123.HK","SECURITY_CODE":"06123","SECURITY_NAME_ABBR":"圆通国际快递","ORG_CODE":"10401489","STD_REPORT_DATE":"2020-06-30 00:00:00","REPORT_DATE":"2020-06-30 00:00:00","DATE_TYPE_CODE":"002","REPORT_TYPE":"2020年中报","PER_NETCASH_OPERATE":0.280429762165,"PER_OI":4.824721433919,"BPS":1.481360162593,"BASIC_EPS":0.210365232,"DILUTED_EPS":0.210365232,"OPERATE_INCOME":2010750904.8,"OPERATE_INCOME_YOY":22.2885957417,"GROSS_PROFIT":339776844,"GROSS_PROFIT_YOY":50.782404864944,"HOLDER_PROFIT":87193328.64,"HOLDER_PROFIT_YOY":1756.0373322963,"GROSS_PROFIT_RATIO":16.898007763612,"EPS_TTM":0.254462978789,"OPERATE_INCOME_QOQ":12.237455489111,"NET_PROFIT_RATIO":4.3885531017,"ROE_AVG":15.008297675472,"GROSS_PROFIT_QOQ":23.188127897125,"ROA":7.45611071687,"HOLDER_PROFIT_QOQ":353.578152517545,"ROE_YEARLY":30.016595350943,"ROIC_YEARLY":20.033400894153,"TOTAL_ASSETS":1281851361.12,"TOTAL_LIABILITIES":655008641.76,"TAX_EBT":17.740974114441,"OCF_SALES":5.812351365901,"TOTAL_PARENT_EQUITY":622452726.72,"DEBT_ASSET_RATIO":51.098642294,"OPERATE_PROFIT":108590660.64,"PRETAX_PROFIT":107274393.6,"NETCASH_OPERATE":116871907.68,"NETCASH_INVEST":15977892.48,"NETCASH_FINANCE":-34649519.52,"END_CASH":341825689.92,"DIVI_RATIO":0.081909989812,"DIVIDEND_RATE":1.916666666667,"CURRENT_RATIO":1.967462646991,"COMMON_ACS":2000000000,"CURRENTDEBT_DEBT":83.096702037014,"ISSUED_COMMON_SHARES":420190000,"HK_COMMON_SHARES":420190000,"PER_SHARES":2000,"TOTAL_MARKET_CAP":504228000,"HKSK_MARKET_CAP":504228000,"PE_TTM":-9.520561912314,"PB_TTM":0.414649249405,"REPORT_DATE_SQ":"2019-06-30 00:00:00","REPORT_TYPE_SQ":"2019年中报","OPERATE_INCOME_SQ":1583460132.12,"DPS_HKD":0.023,"OPERATE_INCOME_QOQ_SQ":-1.516029823043,"NET_PROFIT_RATIO_SQ":0.3578725858,"HOLDER_PROFIT_SQ":4524091.38,"HOLDER_PROFIT_QOQ_SQ":-30.168358547084,"ROE_AVG_SQ":0.898285694324,"PE_TTM_SQ":3.781438423968,"PB_TTM_SQ":0.357581398084,"ROA_SQ":0.421825166878,"START_DATE":"2020-01-01 00:00:00","FISCAL_YEAR":"12-31","CURRENCY":"HKD","IS_CNY_CODE":0,"DPS_HKD_LY":0.01,"ORG_TYPE":"一般企业","PREMIUM_INCOME":null,"PREMIUM_INCOME_YOY":null,"NET_INTEREST_INCOME":null,"NET_INTEREST_INCOME_YOY":null,"FEE_COMMISSION_INCOME":null,"FEE_COMMISSION_INCOME_YOY":null,"ACCOUNTS_RECE_TDAYS":3.592294166364,"INVENTORY_TDAYS":null,"CURRENT_ASSETS_TDAYS":2.02969541591,"TOTAL_ASSETS_TDAYS":1.719441338469,"PREMIUM_EXPENSE":null,"LOAN_DEPOSIT":null,"LOAN_EQUITY":null,"LOAN_ASSETS":null,"DEPOSIT_EQUITY":null,"DEPOSIT_ASSETS":null,"EQUITY_MULTIPLIER":2.044932997591,"EQUITY_RATIO":1.052302630613}],"count":25},"success":true,"message":"ok","code":0}