{"version":"41b56f7be1251e074abf6fac052ac392","result":{"pages":3,"data":[{"SECUCODE":"06136.HK","SECURITY_CODE":"06136","SECURITY_NAME_ABBR":"康达环保","ORG_CODE":"10401101","STD_REPORT_DATE":"2024-06-30 00:00:00","REPORT_DATE":"2024-06-30 00:00:00","DATE_TYPE_CODE":"002","REPORT_TYPE":"2024年中报","PER_NETCASH_OPERATE":0.07519622757,"PER_OI":0.52133137982,"BPS":2.725199148493,"BASIC_EPS":0.0508,"DILUTED_EPS":0.0508,"OPERATE_INCOME":1115511000,"OPERATE_INCOME_YOY":2.0519046147,"GROSS_PROFIT":544471000,"GROSS_PROFIT_YOY":-0.06497499197,"HOLDER_PROFIT":108597000,"HOLDER_PROFIT_YOY":32.7575457513,"GROSS_PROFIT_RATIO":48.809110802135,"EPS_TTM":0.070826060236,"OPERATE_INCOME_QOQ":1.011965000602,"NET_PROFIT_RATIO":9.5112464153,"ROE_AVG":1.881609041953,"GROSS_PROFIT_QOQ":-0.032899811709,"ROA":0.565021046835,"HOLDER_PROFIT_QOQ":21.479242984137,"ROE_YEARLY":3.763218083906,"ROIC_YEARLY":1.153029198086,"TOTAL_ASSETS":19212622000,"TOTAL_LIABILITIES":13301916000,"TAX_EBT":30.788599907369,"OCF_SALES":14.423882866238,"TOTAL_PARENT_EQUITY":5831204000,"DEBT_ASSET_RATIO":69.2352975039,"OPERATE_PROFIT":429098000,"PRETAX_PROFIT":153297000,"NETCASH_OPERATE":160900000,"NETCASH_INVEST":178816000,"NETCASH_FINANCE":-287630000,"END_CASH":300245000,"DIVI_RATIO":null,"DIVIDEND_RATE":null,"CURRENT_RATIO":1.191138401611,"COMMON_ACS":5000000000,"CURRENTDEBT_DEBT":42.288930406717,"ISSUED_COMMON_SHARES":2139735000,"HK_COMMON_SHARES":2139735000,"PER_SHARES":1000,"TOTAL_MARKET_CAP":641920500,"HKSK_MARKET_CAP":641920500,"PE_TTM":3.822621002193,"PB_TTM":0.100471189473,"REPORT_DATE_SQ":"2023-06-30 00:00:00","REPORT_TYPE_SQ":"2023年中报","OPERATE_INCOME_SQ":1093082000,"DPS_HKD":null,"OPERATE_INCOME_QOQ_SQ":-19.619662989813,"NET_PROFIT_RATIO_SQ":7.750379203,"HOLDER_PROFIT_SQ":81801000,"HOLDER_PROFIT_QOQ_SQ":-51.013454741407,"ROE_AVG_SQ":1.448821921152,"PE_TTM_SQ":4.874617233834,"PB_TTM_SQ":0.091900784644,"ROA_SQ":0.429205244383,"START_DATE":"2024-01-01 00:00:00","FISCAL_YEAR":"12-31","CURRENCY":"HKD","IS_CNY_CODE":0,"DPS_HKD_LY":null,"ORG_TYPE":"一般企业","PREMIUM_INCOME":null,"PREMIUM_INCOME_YOY":null,"NET_INTEREST_INCOME":null,"NET_INTEREST_INCOME_YOY":null,"FEE_COMMISSION_INCOME":null,"FEE_COMMISSION_INCOME_YOY":null,"ACCOUNTS_RECE_TDAYS":0.379134904589,"INVENTORY_TDAYS":32.198477586693,"CURRENT_ASSETS_TDAYS":0.167596501317,"TOTAL_ASSETS_TDAYS":0.058039098039,"PREMIUM_EXPENSE":null,"LOAN_DEPOSIT":null,"LOAN_EQUITY":null,"LOAN_ASSETS":null,"DEPOSIT_EQUITY":null,"DEPOSIT_ASSETS":null,"EQUITY_MULTIPLIER":3.250478369251,"EQUITY_RATIO":2.281161146137},{"SECUCODE":"06136.HK","SECURITY_CODE":"06136","SECURITY_NAME_ABBR":"康达环保","ORG_CODE":"10401101","STD_REPORT_DATE":"2023-12-31 00:00:00","REPORT_DATE":"2023-12-31 00:00:00","DATE_TYPE_CODE":"001","REPORT_TYPE":"2023年年报","PER_NETCASH_OPERATE":0.136896391376,"PER_OI":1.035820323545,"BPS":2.669390835781,"BASIC_EPS":0.0583,"DILUTED_EPS":0.0583,"OPERATE_INCOME":2216381000,"OPERATE_INCOME_YOY":-23.4830692238,"GROSS_PROFIT":1075994000,"GROSS_PROFIT_YOY":-15.185705716405,"HOLDER_PROFIT":124753000,"HOLDER_PROFIT_YOY":-47.0665608731,"GROSS_PROFIT_RATIO":48.547339108213,"EPS_TTM":0.058303014158,"OPERATE_INCOME_QOQ":-4.806407111148,"NET_PROFIT_RATIO":5.8757045833,"ROE_AVG":2.205046934997,"GROSS_PROFIT_QOQ":-1.737053830313,"ROA":0.653274862755,"HOLDER_PROFIT_QOQ":8.05709781639,"ROE_YEARLY":2.205046934997,"ROIC_YEARLY":0.665839426663,"TOTAL_ASSETS":19227362000,"TOTAL_LIABILITIES":13377330000,"TAX_EBT":44.336066064269,"OCF_SALES":13.216229520105,"TOTAL_PARENT_EQUITY":5711789000,"DEBT_ASSET_RATIO":69.5744429215,"OPERATE_PROFIT":808302000,"PRETAX_PROFIT":233954000,"NETCASH_OPERATE":292922000,"NETCASH_INVEST":12804000,"NETCASH_FINANCE":-257108000,"END_CASH":248360000,"DIVI_RATIO":null,"DIVIDEND_RATE":null,"CURRENT_RATIO":1.145540400686,"COMMON_ACS":5000000000,"CURRENTDEBT_DEBT":43.143504720299,"ISSUED_COMMON_SHARES":2139735000,"HK_COMMON_SHARES":2139735000,"PER_SHARES":1000,"TOTAL_MARKET_CAP":641920500,"HKSK_MARKET_CAP":641920500,"PE_TTM":3.822621002193,"PB_TTM":0.100471189473,"REPORT_DATE_SQ":"2022-12-31 00:00:00","REPORT_TYPE_SQ":"2022年年报","OPERATE_INCOME_SQ":2896589000,"DPS_HKD":null,"OPERATE_INCOME_QOQ_SQ":-6.708323751624,"NET_PROFIT_RATIO_SQ":8.28429577,"HOLDER_PROFIT_SQ":235679000,"HOLDER_PROFIT_QOQ_SQ":-37.652872535455,"ROE_AVG_SQ":4.334947878965,"PE_TTM_SQ":4.3227737734,"PB_TTM_SQ":0.081496922232,"ROA_SQ":1.265487154752,"START_DATE":"2023-01-01 00:00:00","FISCAL_YEAR":"12-31","CURRENCY":"HKD","IS_CNY_CODE":0,"DPS_HKD_LY":null,"ORG_TYPE":"一般企业","PREMIUM_INCOME":null,"PREMIUM_INCOME_YOY":null,"NET_INTEREST_INCOME":null,"NET_INTEREST_INCOME_YOY":null,"FEE_COMMISSION_INCOME":null,"FEE_COMMISSION_INCOME_YOY":null,"ACCOUNTS_RECE_TDAYS":0.845148249212,"INVENTORY_TDAYS":64.113509866757,"CURRENT_ASSETS_TDAYS":0.350505381887,"TOTAL_ASSETS_TDAYS":0.116061817639,"PREMIUM_EXPENSE":null,"LOAN_DEPOSIT":null,"LOAN_EQUITY":null,"LOAN_ASSETS":null,"DEPOSIT_EQUITY":null,"DEPOSIT_ASSETS":null,"EQUITY_MULTIPLIER":3.286710568421,"EQUITY_RATIO":2.342056052841},{"SECUCODE":"06136.HK","SECURITY_CODE":"06136","SECURITY_NAME_ABBR":"康达环保","ORG_CODE":"10401101","STD_REPORT_DATE":"2023-06-30 00:00:00","REPORT_DATE":"2023-06-30 00:00:00","DATE_TYPE_CODE":"002","REPORT_TYPE":"2023年中报","PER_NETCASH_OPERATE":0.004675812659,"PER_OI":0.510849240677,"BPS":2.658570336981,"BASIC_EPS":0.0382,"DILUTED_EPS":0.0382,"OPERATE_INCOME":1093082000,"OPERATE_INCOME_YOY":-34.2065014509,"GROSS_PROFIT":544825000,"GROSS_PROFIT_YOY":-24.16734752393,"HOLDER_PROFIT":81801000,"HOLDER_PROFIT_YOY":-59.5102683278,"GROSS_PROFIT_RATIO":49.843012692552,"EPS_TTM":0.053955746857,"OPERATE_INCOME_QOQ":-19.619662989813,"NET_PROFIT_RATIO":7.750379203,"ROE_AVG":1.448821921152,"GROSS_PROFIT_QOQ":-13.686391880484,"ROA":0.429205244383,"HOLDER_PROFIT_QOQ":-51.013454741407,"ROE_YEARLY":2.897643842303,"ROIC_YEARLY":0.873166136694,"TOTAL_ASSETS":19151678000,"TOTAL_LIABILITIES":13322952000,"TAX_EBT":35.491288986355,"OCF_SALES":0.915301871223,"TOTAL_PARENT_EQUITY":5688636000,"DEBT_ASSET_RATIO":69.5654553089,"OPERATE_PROFIT":422030000,"PRETAX_PROFIT":131328000,"NETCASH_OPERATE":10005000,"NETCASH_INVEST":14496000,"NETCASH_FINANCE":-54475000,"END_CASH":169946000,"DIVI_RATIO":null,"DIVIDEND_RATE":null,"CURRENT_RATIO":1.144039585153,"COMMON_ACS":5000000000,"CURRENTDEBT_DEBT":40.857724324159,"ISSUED_COMMON_SHARES":2139735000,"HK_COMMON_SHARES":2139735000,"PER_SHARES":1000,"TOTAL_MARKET_CAP":641920500,"HKSK_MARKET_CAP":641920500,"PE_TTM":3.822621002193,"PB_TTM":0.100471189473,"REPORT_DATE_SQ":"2022-06-30 00:00:00","REPORT_TYPE_SQ":"2022年中报","OPERATE_INCOME_SQ":1661383000,"DPS_HKD":null,"OPERATE_INCOME_QOQ_SQ":6.369259167141,"NET_PROFIT_RATIO_SQ":12.1829824911,"HOLDER_PROFIT_SQ":202029000,"HOLDER_PROFIT_QOQ_SQ":-8.41691863395,"ROE_AVG_SQ":3.748413298983,"PE_TTM_SQ":4.3227737734,"PB_TTM_SQ":0.081496922232,"ROA_SQ":1.080183128919,"START_DATE":"2023-01-01 00:00:00","FISCAL_YEAR":"12-31","CURRENCY":"HKD","IS_CNY_CODE":0,"DPS_HKD_LY":null,"ORG_TYPE":"一般企业","PREMIUM_INCOME":null,"PREMIUM_INCOME_YOY":null,"NET_INTEREST_INCOME":null,"NET_INTEREST_INCOME_YOY":null,"FEE_COMMISSION_INCOME":null,"FEE_COMMISSION_INCOME_YOY":null,"ACCOUNTS_RECE_TDAYS":0.424889752685,"INVENTORY_TDAYS":29.56360204907,"CURRENT_ASSETS_TDAYS":0.178275025763,"TOTAL_ASSETS_TDAYS":0.057353397506,"PREMIUM_EXPENSE":null,"LOAN_DEPOSIT":null,"LOAN_EQUITY":null,"LOAN_ASSETS":null,"DEPOSIT_EQUITY":null,"DEPOSIT_ASSETS":null,"EQUITY_MULTIPLIER":3.285739971304,"EQUITY_RATIO":2.34202926677},{"SECUCODE":"06136.HK","SECURITY_CODE":"06136","SECURITY_NAME_ABBR":"康达环保","ORG_CODE":"10401101","STD_REPORT_DATE":"2022-12-31 00:00:00","REPORT_DATE":"2022-12-31 00:00:00","DATE_TYPE_CODE":"001","REPORT_TYPE":"2022年年报","PER_NETCASH_OPERATE":0.172175059061,"PER_OI":1.353713894478,"BPS":2.618751854786,"BASIC_EPS":0.1101,"DILUTED_EPS":0.1101,"OPERATE_INCOME":2896589000,"OPERATE_INCOME_YOY":-0.76633511,"GROSS_PROFIT":1268647000,"GROSS_PROFIT_YOY":-4.990047016427,"HOLDER_PROFIT":235679000,"HOLDER_PROFIT_YOY":-42.9005795248,"GROSS_PROFIT_RATIO":43.797963742871,"EPS_TTM":0.110144013161,"OPERATE_INCOME_QOQ":-6.708323751624,"NET_PROFIT_RATIO":8.28429577,"ROE_AVG":4.334947878965,"GROSS_PROFIT_QOQ":-7.959743492452,"ROA":1.265487154752,"HOLDER_PROFIT_QOQ":-37.652872535455,"ROE_YEARLY":4.334947878965,"ROIC_YEARLY":1.291903799462,"TOTAL_ASSETS":18965750000,"TOTAL_LIABILITIES":13225142000,"TAX_EBT":35.897483844944,"OCF_SALES":12.718718465064,"TOTAL_PARENT_EQUITY":5603435000,"DEBT_ASSET_RATIO":69.7317111108,"OPERATE_PROFIT":941591000,"PRETAX_PROFIT":374341000,"NETCASH_OPERATE":368409000,"NETCASH_INVEST":101982000,"NETCASH_FINANCE":-563029000,"END_CASH":196938000,"DIVI_RATIO":null,"DIVIDEND_RATE":null,"CURRENT_RATIO":1.105690656248,"COMMON_ACS":5000000000,"CURRENTDEBT_DEBT":41.273197671526,"ISSUED_COMMON_SHARES":2139735000,"HK_COMMON_SHARES":2139735000,"PER_SHARES":1000,"TOTAL_MARKET_CAP":641920500,"HKSK_MARKET_CAP":641920500,"PE_TTM":3.822621002193,"PB_TTM":0.100471189473,"REPORT_DATE_SQ":"2021-12-31 00:00:00","REPORT_TYPE_SQ":"2021年年报","OPERATE_INCOME_SQ":2918958000,"DPS_HKD":null,"OPERATE_INCOME_QOQ_SQ":-5.169921766496,"NET_PROFIT_RATIO_SQ":14.326379482,"HOLDER_PROFIT_SQ":412752000,"HOLDER_PROFIT_QOQ_SQ":-14.373910878765,"ROE_AVG_SQ":8.102123757059,"PE_TTM_SQ":4.3227737734,"PB_TTM_SQ":0.081496922232,"ROA_SQ":2.29771072299,"START_DATE":"2022-01-01 00:00:00","FISCAL_YEAR":"12-31","CURRENCY":"HKD","IS_CNY_CODE":0,"DPS_HKD_LY":null,"ORG_TYPE":"一般企业","PREMIUM_INCOME":null,"PREMIUM_INCOME_YOY":null,"NET_INTEREST_INCOME":null,"NET_INTEREST_INCOME_YOY":null,"FEE_COMMISSION_INCOME":null,"FEE_COMMISSION_INCOME_YOY":null,"ACCOUNTS_RECE_TDAYS":1.375072246635,"INVENTORY_TDAYS":94.21233253277,"CURRENT_ASSETS_TDAYS":0.507400568572,"TOTAL_ASSETS_TDAYS":0.155533423517,"PREMIUM_EXPENSE":null,"LOAN_DEPOSIT":null,"LOAN_EQUITY":null,"LOAN_ASSETS":null,"DEPOSIT_EQUITY":null,"DEPOSIT_ASSETS":null,"EQUITY_MULTIPLIER":3.303787682418,"EQUITY_RATIO":2.360184779515},{"SECUCODE":"06136.HK","SECURITY_CODE":"06136","SECURITY_NAME_ABBR":"康达环保","ORG_CODE":"10401101","STD_REPORT_DATE":"2022-06-30 00:00:00","REPORT_DATE":"2022-06-30 00:00:00","DATE_TYPE_CODE":"002","REPORT_TYPE":"2022年中报","PER_NETCASH_OPERATE":0.065496895644,"PER_OI":0.77644334462,"BPS":2.574821181128,"BASIC_EPS":0.0944,"DILUTED_EPS":0.0944,"OPERATE_INCOME":1661383000,"OPERATE_INCOME_YOY":12.6004851345,"GROSS_PROFIT":718457000,"GROSS_PROFIT_YOY":6.379132154925,"HOLDER_PROFIT":202029000,"HOLDER_PROFIT_YOY":-14.6728893019,"GROSS_PROFIT_RATIO":43.244513757514,"EPS_TTM":0.17666253064,"OPERATE_INCOME_QOQ":6.369259167141,"NET_PROFIT_RATIO":12.1829824911,"ROE_AVG":3.748413298983,"GROSS_PROFIT_QOQ":3.226519121861,"ROA":1.080183128919,"HOLDER_PROFIT_QOQ":-8.41691863395,"ROE_YEARLY":7.496826597966,"ROIC_YEARLY":2.227468394611,"TOTAL_ASSETS":19125027000,"TOTAL_LIABILITIES":13477600000,"TAX_EBT":26.576437684324,"OCF_SALES":8.435502229167,"TOTAL_PARENT_EQUITY":5509435000,"DEBT_ASSET_RATIO":70.4710116226,"OPERATE_PROFIT":558818000,"PRETAX_PROFIT":275669000,"NETCASH_OPERATE":140146000,"NETCASH_INVEST":71466000,"NETCASH_FINANCE":60106000,"END_CASH":561358000,"DIVI_RATIO":null,"DIVIDEND_RATE":null,"CURRENT_RATIO":1.000072771405,"COMMON_ACS":5000000000,"CURRENTDEBT_DEBT":44.862074850122,"ISSUED_COMMON_SHARES":2139735000,"HK_COMMON_SHARES":2139735000,"PER_SHARES":1000,"TOTAL_MARKET_CAP":641920500,"HKSK_MARKET_CAP":641920500,"PE_TTM":3.822621002193,"PB_TTM":0.100471189473,"REPORT_DATE_SQ":"2021-06-30 00:00:00","REPORT_TYPE_SQ":"2021年中报","OPERATE_INCOME_SQ":1475467000,"DPS_HKD":null,"OPERATE_INCOME_QOQ_SQ":-7.632233756008,"NET_PROFIT_RATIO_SQ":16.2663075487,"HOLDER_PROFIT_SQ":236770000,"HOLDER_PROFIT_QOQ_SQ":2.455322983796,"ROE_AVG_SQ":4.726182054521,"PE_TTM_SQ":4.3227737734,"PB_TTM_SQ":0.081496922232,"ROA_SQ":1.327648989726,"START_DATE":"2022-01-01 00:00:00","FISCAL_YEAR":"12-31","CURRENCY":"HKD","IS_CNY_CODE":0,"DPS_HKD_LY":null,"ORG_TYPE":"一般企业","PREMIUM_INCOME":null,"PREMIUM_INCOME_YOY":null,"NET_INTEREST_INCOME":null,"NET_INTEREST_INCOME_YOY":null,"FEE_COMMISSION_INCOME":null,"FEE_COMMISSION_INCOME_YOY":null,"ACCOUNTS_RECE_TDAYS":0.863350091421,"INVENTORY_TDAYS":53.960113307963,"CURRENT_ASSETS_TDAYS":0.290736413787,"TOTAL_ASSETS_TDAYS":0.088828726929,"PREMIUM_EXPENSE":null,"LOAN_DEPOSIT":null,"LOAN_EQUITY":null,"LOAN_ASSETS":null,"DEPOSIT_EQUITY":null,"DEPOSIT_ASSETS":null,"EQUITY_MULTIPLIER":3.386502738324,"EQUITY_RATIO":2.446276251558},{"SECUCODE":"06136.HK","SECURITY_CODE":"06136","SECURITY_NAME_ABBR":"康达环保","ORG_CODE":"10401101","STD_REPORT_DATE":"2021-12-31 00:00:00","REPORT_DATE":"2021-12-31 00:00:00","DATE_TYPE_CODE":"001","REPORT_TYPE":"2021年年报","PER_NETCASH_OPERATE":0.149628341827,"PER_OI":1.364167992765,"BPS":2.462924614497,"BASIC_EPS":0.1929,"DILUTED_EPS":0.1929,"OPERATE_INCOME":2918958000,"OPERATE_INCOME_YOY":-12.4075750083,"GROSS_PROFIT":1335278000,"GROSS_PROFIT_YOY":0.727273001583,"HOLDER_PROFIT":412752000,"HOLDER_PROFIT_YOY":-12.2715138324,"GROSS_PROFIT_RATIO":45.745022710159,"EPS_TTM":0.192898653338,"OPERATE_INCOME_QOQ":-5.169921766496,"NET_PROFIT_RATIO":14.326379482,"ROE_AVG":8.102123757059,"GROSS_PROFIT_QOQ":-1.93813621372,"ROA":2.29771072299,"HOLDER_PROFIT_QOQ":-14.373910878765,"ROE_YEARLY":8.102123757059,"ROIC_YEARLY":2.367376307338,"TOTAL_ASSETS":18281408000,"TOTAL_LIABILITIES":12873787000,"TAX_EBT":24.000945033576,"OCF_SALES":10.96846888513,"TOTAL_PARENT_EQUITY":5270006000,"DEBT_ASSET_RATIO":70.4201065914,"OPERATE_PROFIT":1118353000,"PRETAX_PROFIT":550245000,"NETCASH_OPERATE":320165000,"NETCASH_INVEST":-122083000,"NETCASH_FINANCE":-337877000,"END_CASH":289898000,"DIVI_RATIO":null,"DIVIDEND_RATE":null,"CURRENT_RATIO":0.966692351629,"COMMON_ACS":5000000000,"CURRENTDEBT_DEBT":43.246482173427,"ISSUED_COMMON_SHARES":2139735000,"HK_COMMON_SHARES":2139735000,"PER_SHARES":1000,"TOTAL_MARKET_CAP":641920500,"HKSK_MARKET_CAP":641920500,"PE_TTM":3.822621002193,"PB_TTM":0.100471189473,"REPORT_DATE_SQ":"2020-12-31 00:00:00","REPORT_TYPE_SQ":"2020年年报","OPERATE_INCOME_SQ":3332432000,"DPS_HKD":null,"OPERATE_INCOME_QOQ_SQ":6.384509716225,"NET_PROFIT_RATIO_SQ":14.1115257566,"HOLDER_PROFIT_SQ":470488000,"HOLDER_PROFIT_QOQ_SQ":12.42487891018,"ROE_AVG_SQ":10.102995201116,"PE_TTM_SQ":4.3227737734,"PB_TTM_SQ":0.081496922232,"ROA_SQ":2.739829970725,"START_DATE":"2021-01-01 00:00:00","FISCAL_YEAR":"12-31","CURRENCY":"HKD","IS_CNY_CODE":0,"DPS_HKD_LY":null,"ORG_TYPE":"一般企业","PREMIUM_INCOME":null,"PREMIUM_INCOME_YOY":null,"NET_INTEREST_INCOME":null,"NET_INTEREST_INCOME_YOY":null,"FEE_COMMISSION_INCOME":null,"FEE_COMMISSION_INCOME_YOY":null,"ACCOUNTS_RECE_TDAYS":1.767146761562,"INVENTORY_TDAYS":99.256055905487,"CURRENT_ASSETS_TDAYS":0.569220744309,"TOTAL_ASSETS_TDAYS":0.16249275828,"PREMIUM_EXPENSE":null,"LOAN_DEPOSIT":null,"LOAN_EQUITY":null,"LOAN_ASSETS":null,"DEPOSIT_EQUITY":null,"DEPOSIT_ASSETS":null,"EQUITY_MULTIPLIER":3.380674792118,"EQUITY_RATIO":2.442841051794},{"SECUCODE":"06136.HK","SECURITY_CODE":"06136","SECURITY_NAME_ABBR":"康达环保","ORG_CODE":"10401101","STD_REPORT_DATE":"2021-06-30 00:00:00","REPORT_DATE":"2021-06-30 00:00:00","DATE_TYPE_CODE":"002","REPORT_TYPE":"2021年中报","PER_NETCASH_OPERATE":0.014613491858,"PER_OI":0.689555949685,"BPS":2.383834446789,"BASIC_EPS":0.1107,"DILUTED_EPS":0.1107,"OPERATE_INCOME":1475467000,"OPERATE_INCOME_YOY":-14.7033251128,"GROSS_PROFIT":675374000,"GROSS_PROFIT_YOY":5.635794301016,"HOLDER_PROFIT":236770000,"HOLDER_PROFIT_YOY":5.1292525464,"GROSS_PROFIT_RATIO":45.773575417139,"EPS_TTM":0.2252802333,"OPERATE_INCOME_QOQ":-7.632233756008,"NET_PROFIT_RATIO":16.2663075487,"ROE_AVG":4.726182054521,"GROSS_PROFIT_QOQ":2.718089492071,"ROA":1.327648989726,"HOLDER_PROFIT_QOQ":2.455322983796,"ROE_YEARLY":9.452364109042,"ROIC_YEARLY":2.757420992077,"TOTAL_ASSETS":18021730000,"TOTAL_LIABILITIES":12747078000,"TAX_EBT":23.121472455523,"OCF_SALES":2.119261223735,"TOTAL_PARENT_EQUITY":5100774000,"DEBT_ASSET_RATIO":70.7317111065,"OPERATE_PROFIT":599122000,"PRETAX_PROFIT":312186000,"NETCASH_OPERATE":31269000,"NETCASH_INVEST":116393000,"NETCASH_FINANCE":-60457000,"END_CASH":517365000,"DIVI_RATIO":null,"DIVIDEND_RATE":null,"CURRENT_RATIO":1.060176539602,"COMMON_ACS":5000000000,"CURRENTDEBT_DEBT":37.698788694946,"ISSUED_COMMON_SHARES":2139735000,"HK_COMMON_SHARES":2139735000,"PER_SHARES":1000,"TOTAL_MARKET_CAP":641920500,"HKSK_MARKET_CAP":641920500,"PE_TTM":3.822621002193,"PB_TTM":0.100471189473,"REPORT_DATE_SQ":"2020-06-30 00:00:00","REPORT_TYPE_SQ":"2020年中报","OPERATE_INCOME_SQ":1729806000,"DPS_HKD":null,"OPERATE_INCOME_QOQ_SQ":11.268743319753,"NET_PROFIT_RATIO_SQ":13.4330670607,"HOLDER_PROFIT_SQ":225218000,"HOLDER_PROFIT_QOQ_SQ":11.04445057686,"ROE_AVG_SQ":4.955222297774,"PE_TTM_SQ":4.3227737734,"PB_TTM_SQ":0.081496922232,"ROA_SQ":1.316963206275,"START_DATE":"2021-01-01 00:00:00","FISCAL_YEAR":"12-31","CURRENCY":"HKD","IS_CNY_CODE":0,"DPS_HKD_LY":null,"ORG_TYPE":"一般企业","PREMIUM_INCOME":null,"PREMIUM_INCOME_YOY":null,"NET_INTEREST_INCOME":null,"NET_INTEREST_INCOME_YOY":null,"FEE_COMMISSION_INCOME":null,"FEE_COMMISSION_INCOME_YOY":null,"ACCOUNTS_RECE_TDAYS":0.888008517369,"INVENTORY_TDAYS":54.817786303998,"CURRENT_ASSETS_TDAYS":0.29602202108,"TOTAL_ASSETS_TDAYS":0.082734395064,"PREMIUM_EXPENSE":null,"LOAN_DEPOSIT":null,"LOAN_EQUITY":null,"LOAN_ASSETS":null,"DEPOSIT_EQUITY":null,"DEPOSIT_ASSETS":null,"EQUITY_MULTIPLIER":3.41666710903,"EQUITY_RATIO":2.49904779157},{"SECUCODE":"06136.HK","SECURITY_CODE":"06136","SECURITY_NAME_ABBR":"康达环保","ORG_CODE":"10401101","STD_REPORT_DATE":"2020-12-31 00:00:00","REPORT_DATE":"2020-12-31 00:00:00","DATE_TYPE_CODE":"001","REPORT_TYPE":"2020年年报","PER_NETCASH_OPERATE":0.113904759234,"PER_OI":1.557404071065,"BPS":2.298756621731,"BASIC_EPS":0.2239,"DILUTED_EPS":0.2239,"OPERATE_INCOME":3332432000,"OPERATE_INCOME_YOY":18.3727070481,"GROSS_PROFIT":1325637000,"GROSS_PROFIT_YOY":14.023187622946,"HOLDER_PROFIT":470488000,"HOLDER_PROFIT_YOY":24.8415890975,"GROSS_PROFIT_RATIO":39.779866475895,"EPS_TTM":0.219881433916,"OPERATE_INCOME_QOQ":6.384509716225,"NET_PROFIT_RATIO":14.1115257566,"ROE_AVG":10.102995201116,"GROSS_PROFIT_QOQ":9.858205986674,"ROA":2.739829970725,"HOLDER_PROFIT_QOQ":12.42487891018,"ROE_YEARLY":10.102995201116,"ROIC_YEARLY":2.82661370641,"TOTAL_ASSETS":17645830000,"TOTAL_LIABILITIES":12527632000,"TAX_EBT":22.596409448612,"OCF_SALES":7.313757640066,"TOTAL_PARENT_EQUITY":4918730000,"DEBT_ASSET_RATIO":70.9948582753,"OPERATE_PROFIT":1212671000,"PRETAX_PROFIT":607539000,"NETCASH_OPERATE":243726000,"NETCASH_INVEST":337174000,"NETCASH_FINANCE":-380765000,"END_CASH":430262000,"DIVI_RATIO":null,"DIVIDEND_RATE":null,"CURRENT_RATIO":1.064151137837,"COMMON_ACS":5000000000,"CURRENTDEBT_DEBT":36.560277313382,"ISSUED_COMMON_SHARES":2139735000,"HK_COMMON_SHARES":2139735000,"PER_SHARES":1000,"TOTAL_MARKET_CAP":641920500,"HKSK_MARKET_CAP":641920500,"PE_TTM":3.822621002193,"PB_TTM":0.100471189473,"REPORT_DATE_SQ":"2019-12-31 00:00:00","REPORT_TYPE_SQ":"2019年年报","OPERATE_INCOME_SQ":2815203000,"DPS_HKD":null,"OPERATE_INCOME_QOQ_SQ":-0.396439579848,"NET_PROFIT_RATIO_SQ":13.6427461892,"HOLDER_PROFIT_SQ":376868000,"HOLDER_PROFIT_QOQ_SQ":24.261997790857,"ROE_AVG_SQ":8.857317278817,"PE_TTM_SQ":4.3227737734,"PB_TTM_SQ":0.081496922232,"ROA_SQ":2.26866842537,"START_DATE":"2020-01-01 00:00:00","FISCAL_YEAR":"12-31","CURRENCY":"HKD","IS_CNY_CODE":0,"DPS_HKD_LY":null,"ORG_TYPE":"一般企业","PREMIUM_INCOME":null,"PREMIUM_INCOME_YOY":null,"NET_INTEREST_INCOME":null,"NET_INTEREST_INCOME_YOY":null,"FEE_COMMISSION_INCOME":null,"FEE_COMMISSION_INCOME_YOY":null,"ACCOUNTS_RECE_TDAYS":2.305682681081,"INVENTORY_TDAYS":141.502961500494,"CURRENT_ASSETS_TDAYS":0.675581414797,"TOTAL_ASSETS_TDAYS":0.194060147528,"PREMIUM_EXPENSE":null,"LOAN_DEPOSIT":null,"LOAN_EQUITY":null,"LOAN_ASSETS":null,"DEPOSIT_EQUITY":null,"DEPOSIT_ASSETS":null,"EQUITY_MULTIPLIER":3.447664588201,"EQUITY_RATIO":2.546924104393},{"SECUCODE":"06136.HK","SECURITY_CODE":"06136","SECURITY_NAME_ABBR":"康达环保","ORG_CODE":"10401101","STD_REPORT_DATE":"2020-06-30 00:00:00","REPORT_DATE":"2020-06-30 00:00:00","DATE_TYPE_CODE":"002","REPORT_TYPE":"2020年中报","PER_NETCASH_OPERATE":-0.015314980593,"PER_OI":0.808420668915,"BPS":2.194208628639,"BASIC_EPS":0.1093,"DILUTED_EPS":0.1093,"OPERATE_INCOME":1729806000,"OPERATE_INCOME_YOY":22.4582462579,"GROSS_PROFIT":639342000,"GROSS_PROFIT_YOY":7.404601312021,"HOLDER_PROFIT":225218000,"HOLDER_PROFIT_YOY":22.6710967074,"GROSS_PROFIT_RATIO":36.960329655464,"EPS_TTM":0.195580761169,"OPERATE_INCOME_QOQ":11.268743319753,"NET_PROFIT_RATIO":13.4330670607,"ROE_AVG":4.955222297774,"GROSS_PROFIT_QOQ":3.791233980989,"ROA":1.316963206275,"HOLDER_PROFIT_QOQ":11.04445057686,"ROE_YEARLY":9.910444595549,"ROIC_YEARLY":2.750755122391,"TOTAL_ASSETS":17504135000,"TOTAL_LIABILITIES":12603363000,"TAX_EBT":24.239430604054,"OCF_SALES":-1.894432092385,"TOTAL_PARENT_EQUITY":4695025000,"DEBT_ASSET_RATIO":72.0022040506,"OPERATE_PROFIT":612120000,"PRETAX_PROFIT":306711000,"NETCASH_OPERATE":-32770000,"NETCASH_INVEST":511684000,"NETCASH_FINANCE":117726000,"END_CASH":822168000,"DIVI_RATIO":null,"DIVIDEND_RATE":null,"CURRENT_RATIO":0.948334694294,"COMMON_ACS":5000000000,"CURRENTDEBT_DEBT":42.617244302176,"ISSUED_COMMON_SHARES":2139735000,"HK_COMMON_SHARES":2139735000,"PER_SHARES":1000,"TOTAL_MARKET_CAP":641920500,"HKSK_MARKET_CAP":641920500,"PE_TTM":3.822621002193,"PB_TTM":0.100471189473,"REPORT_DATE_SQ":"2019-06-30 00:00:00","REPORT_TYPE_SQ":"2019年中报","OPERATE_INCOME_SQ":1412568000,"DPS_HKD":null,"OPERATE_INCOME_QOQ_SQ":-6.451436736242,"NET_PROFIT_RATIO_SQ":13.3753560891,"HOLDER_PROFIT_SQ":183595000,"HOLDER_PROFIT_QOQ_SQ":-0.021427394099,"ROE_AVG_SQ":4.422790808824,"PE_TTM_SQ":4.3227737734,"PB_TTM_SQ":0.081496922232,"ROA_SQ":1.117662405077,"START_DATE":"2020-01-01 00:00:00","FISCAL_YEAR":"12-31","CURRENCY":"HKD","IS_CNY_CODE":0,"DPS_HKD_LY":null,"ORG_TYPE":"一般企业","PREMIUM_INCOME":null,"PREMIUM_INCOME_YOY":null,"NET_INTEREST_INCOME":null,"NET_INTEREST_INCOME_YOY":null,"FEE_COMMISSION_INCOME":null,"FEE_COMMISSION_INCOME_YOY":null,"ACCOUNTS_RECE_TDAYS":1.235190158501,"INVENTORY_TDAYS":80.26970923813,"CURRENT_ASSETS_TDAYS":0.343041301054,"TOTAL_ASSETS_TDAYS":0.101150478914,"PREMIUM_EXPENSE":null,"LOAN_DEPOSIT":null,"LOAN_EQUITY":null,"LOAN_ASSETS":null,"DEPOSIT_EQUITY":null,"DEPOSIT_ASSETS":null,"EQUITY_MULTIPLIER":3.571709722463,"EQUITY_RATIO":2.684408070245}],"count":25},"success":true,"message":"ok","code":0}