{"version":"4c70d5eef046ea9c8d7f98aeaf2d30fb","result":{"pages":3,"data":[{"SECUCODE":"06133.HK","SECURITY_CODE":"06133","SECURITY_NAME_ABBR":"维太创科","ORG_CODE":"10430994","STD_REPORT_DATE":"2024-06-30 00:00:00","REPORT_DATE":"2024-06-30 00:00:00","DATE_TYPE_CODE":"002","REPORT_TYPE":"2024年中报","PER_NETCASH_OPERATE":-0.005823529412,"PER_OI":0.58268,"BPS":0.581171764706,"BASIC_EPS":-0.011,"DILUTED_EPS":-0.011,"OPERATE_INCOME":495278000,"OPERATE_INCOME_YOY":40.7947739025,"GROSS_PROFIT":2060000,"GROSS_PROFIT_YOY":53.502235469449,"HOLDER_PROFIT":-9317000,"HOLDER_PROFIT_YOY":-5.4197782304,"GROSS_PROFIT_RATIO":0.415928024261,"EPS_TTM":-0.02508,"OPERATE_INCOME_QOQ":17.173784264096,"NET_PROFIT_RATIO":-1.8819733564,"ROE_AVG":-1.868427939585,"GROSS_PROFIT_QOQ":23.877618889258,"ROA":-1.485616609822,"HOLDER_PROFIT_QOQ":-2.298574787658,"ROE_YEARLY":-3.736855879171,"ROIC_YEARLY":-3.060928643764,"TOTAL_ASSETS":625432000,"TOTAL_LIABILITIES":131436000,"TAX_EBT":null,"OCF_SALES":-0.999438699074,"TOTAL_PARENT_EQUITY":493996000,"DEBT_ASSET_RATIO":21.0152342701,"OPERATE_PROFIT":-8333000,"PRETAX_PROFIT":-9321000,"NETCASH_OPERATE":-4950000,"NETCASH_INVEST":-11000,"NETCASH_FINANCE":-6918000,"END_CASH":12470000,"DIVI_RATIO":null,"DIVIDEND_RATE":null,"CURRENT_RATIO":4.762658855478,"COMMON_ACS":1000000000,"CURRENTDEBT_DEBT":99.739797315804,"ISSUED_COMMON_SHARES":850000000,"HK_COMMON_SHARES":850000000,"PER_SHARES":1000,"TOTAL_MARKET_CAP":126650000,"HKSK_MARKET_CAP":126650000,"PE_TTM":-5.362429557934,"PB_TTM":0.233991615317,"REPORT_DATE_SQ":"2023-06-30 00:00:00","REPORT_TYPE_SQ":"2023年中报","OPERATE_INCOME_SQ":351773000,"DPS_HKD":null,"OPERATE_INCOME_QOQ_SQ":-31.783373008606,"NET_PROFIT_RATIO_SQ":-2.5132684999,"HOLDER_PROFIT_SQ":-8838000,"HOLDER_PROFIT_QOQ_SQ":-0.15387245683,"ROE_AVG_SQ":-1.700488520067,"PE_TTM_SQ":-11.676765297194,"PB_TTM_SQ":0.395404704704,"ROA_SQ":-1.419719124362,"START_DATE":"2024-01-01 00:00:00","FISCAL_YEAR":"12-31","CURRENCY":"HKD","IS_CNY_CODE":0,"DPS_HKD_LY":null,"ORG_TYPE":"一般企业","PREMIUM_INCOME":null,"PREMIUM_INCOME_YOY":null,"NET_INTEREST_INCOME":null,"NET_INTEREST_INCOME_YOY":null,"FEE_COMMISSION_INCOME":null,"FEE_COMMISSION_INCOME_YOY":null,"ACCOUNTS_RECE_TDAYS":183.266604995375,"INVENTORY_TDAYS":42.619831497084,"CURRENT_ASSETS_TDAYS":0.790767108503,"TOTAL_ASSETS_TDAYS":0.789731912933,"PREMIUM_EXPENSE":null,"LOAN_DEPOSIT":null,"LOAN_EQUITY":null,"LOAN_ASSETS":null,"DEPOSIT_EQUITY":null,"DEPOSIT_ASSETS":null,"EQUITY_MULTIPLIER":1.266066931716,"EQUITY_RATIO":0.266066931716},{"SECUCODE":"06133.HK","SECURITY_CODE":"06133","SECURITY_NAME_ABBR":"维太创科","ORG_CODE":"10430994","STD_REPORT_DATE":"2023-12-31 00:00:00","REPORT_DATE":"2023-12-31 00:00:00","DATE_TYPE_CODE":"001","REPORT_TYPE":"2023年年报","PER_NETCASH_OPERATE":-0.047638823529,"PER_OI":0.983064705882,"BPS":0.592132941176,"BASIC_EPS":-0.0245,"DILUTED_EPS":-0.0245,"OPERATE_INCOME":835605000,"OPERATE_INCOME_YOY":-23.4934078008,"GROSS_PROFIT":3007000,"GROSS_PROFIT_YOY":-36.034886194427,"HOLDER_PROFIT":-20839000,"HOLDER_PROFIT_YOY":-18.7610417735,"GROSS_PROFIT_RATIO":0.3598590243,"EPS_TTM":-0.024516470588,"OPERATE_INCOME_QOQ":12.152411477166,"NET_PROFIT_RATIO":-2.4947193949,"ROE_AVG":-4.056391215273,"GROSS_PROFIT_QOQ":-13.790137614679,"ROA":-3.336180322476,"HOLDER_PROFIT_QOQ":-18.578581996131,"ROE_YEARLY":-4.056391215273,"ROIC_YEARLY":-3.509838630626,"TOTAL_ASSETS":628862000,"TOTAL_LIABILITIES":125613000,"TAX_EBT":null,"OCF_SALES":-4.845949940462,"TOTAL_PARENT_EQUITY":503313000,"DEBT_ASSET_RATIO":19.9746526265,"OPERATE_PROFIT":-19355000,"PRETAX_PROFIT":-20846000,"NETCASH_OPERATE":-40493000,"NETCASH_INVEST":-58000,"NETCASH_FINANCE":26849000,"END_CASH":24349000,"DIVI_RATIO":null,"DIVIDEND_RATE":null,"CURRENT_RATIO":5.001838981634,"COMMON_ACS":1000000000,"CURRENTDEBT_DEBT":100,"ISSUED_COMMON_SHARES":850000000,"HK_COMMON_SHARES":850000000,"PER_SHARES":1000,"TOTAL_MARKET_CAP":127500000,"HKSK_MARKET_CAP":127500000,"PE_TTM":-5.398419018054,"PB_TTM":0.235562028842,"REPORT_DATE_SQ":"2022-12-31 00:00:00","REPORT_TYPE_SQ":"2022年年报","OPERATE_INCOME_SQ":1092200000,"DPS_HKD":null,"OPERATE_INCOME_QOQ_SQ":4.407842537449,"NET_PROFIT_RATIO_SQ":-1.6074894708,"HOLDER_PROFIT_SQ":-17547000,"HOLDER_PROFIT_QOQ_SQ":13.706107996459,"ROE_AVG_SQ":-3.292580294994,"PE_TTM_SQ":-11.676765297194,"PB_TTM_SQ":0.395404704704,"ROA_SQ":-2.783093346318,"START_DATE":"2023-01-01 00:00:00","FISCAL_YEAR":"12-31","CURRENCY":"HKD","IS_CNY_CODE":0,"DPS_HKD_LY":null,"ORG_TYPE":"一般企业","PREMIUM_INCOME":null,"PREMIUM_INCOME_YOY":null,"NET_INTEREST_INCOME":null,"NET_INTEREST_INCOME_YOY":null,"FEE_COMMISSION_INCOME":null,"FEE_COMMISSION_INCOME_YOY":null,"ACCOUNTS_RECE_TDAYS":281.53807277628,"INVENTORY_TDAYS":180.509051490515,"CURRENT_ASSETS_TDAYS":1.340277950426,"TOTAL_ASSETS_TDAYS":1.337746033093,"PREMIUM_EXPENSE":null,"LOAN_DEPOSIT":null,"LOAN_EQUITY":null,"LOAN_ASSETS":null,"DEPOSIT_EQUITY":null,"DEPOSIT_ASSETS":null,"EQUITY_MULTIPLIER":1.249604072736,"EQUITY_RATIO":0.249572333717},{"SECUCODE":"06133.HK","SECURITY_CODE":"06133","SECURITY_NAME_ABBR":"维太创科","ORG_CODE":"10430994","STD_REPORT_DATE":"2023-06-30 00:00:00","REPORT_DATE":"2023-06-30 00:00:00","DATE_TYPE_CODE":"002","REPORT_TYPE":"2023年中报","PER_NETCASH_OPERATE":-0.041690588235,"PER_OI":0.413850588235,"BPS":0.606251764706,"BASIC_EPS":-0.0104,"DILUTED_EPS":-0.0104,"OPERATE_INCOME":351773000,"OPERATE_INCOME_YOY":-49.6684127164,"GROSS_PROFIT":1342000,"GROSS_PROFIT_YOY":-47.47553816047,"HOLDER_PROFIT":-8838000,"HOLDER_PROFIT_YOY":-0.3064351379,"GROSS_PROFIT_RATIO":0.381496021582,"EPS_TTM":-0.020675294118,"OPERATE_INCOME_QOQ":-31.783373008606,"NET_PROFIT_RATIO":-2.5132684999,"ROE_AVG":-1.700488520067,"GROSS_PROFIT_QOQ":-25.803020633908,"ROA":-1.419719124362,"HOLDER_PROFIT_QOQ":-0.15387245683,"ROE_YEARLY":-3.400977040134,"ROIC_YEARLY":-2.97460579237,"TOTAL_ASSETS":624624000,"TOTAL_LIABILITIES":109370000,"TAX_EBT":null,"OCF_SALES":-10.073826018484,"TOTAL_PARENT_EQUITY":515314000,"DEBT_ASSET_RATIO":17.5097338559,"OPERATE_PROFIT":-8450000,"PRETAX_PROFIT":-8841000,"NETCASH_OPERATE":-35437000,"NETCASH_INVEST":-133000,"NETCASH_FINANCE":16211000,"END_CASH":19109000,"DIVI_RATIO":null,"DIVIDEND_RATE":null,"CURRENT_RATIO":5.709451724864,"COMMON_ACS":1000000000,"CURRENTDEBT_DEBT":99.841821340404,"ISSUED_COMMON_SHARES":850000000,"HK_COMMON_SHARES":850000000,"PER_SHARES":1000,"TOTAL_MARKET_CAP":127500000,"HKSK_MARKET_CAP":127500000,"PE_TTM":-5.398419018054,"PB_TTM":0.235562028842,"REPORT_DATE_SQ":"2022-06-30 00:00:00","REPORT_TYPE_SQ":"2022年中报","OPERATE_INCOME_SQ":698911000,"DPS_HKD":null,"OPERATE_INCOME_QOQ_SQ":55.517497186505,"NET_PROFIT_RATIO_SQ":-1.2608186164,"HOLDER_PROFIT_SQ":-8811000,"HOLDER_PROFIT_QOQ_SQ":0.833942940746,"ROE_AVG_SQ":-1.639885835209,"PE_TTM_SQ":-11.676765297194,"PB_TTM_SQ":0.395404704704,"ROA_SQ":-1.390786336483,"START_DATE":"2023-01-01 00:00:00","FISCAL_YEAR":"12-31","CURRENCY":"HKD","IS_CNY_CODE":0,"DPS_HKD_LY":null,"ORG_TYPE":"一般企业","PREMIUM_INCOME":null,"PREMIUM_INCOME_YOY":null,"NET_INTEREST_INCOME":null,"NET_INTEREST_INCOME_YOY":null,"FEE_COMMISSION_INCOME":null,"FEE_COMMISSION_INCOME_YOY":null,"ACCOUNTS_RECE_TDAYS":123.82013375572,"INVENTORY_TDAYS":45.745186345539,"CURRENT_ASSETS_TDAYS":0.566429321328,"TOTAL_ASSETS_TDAYS":0.565081302935,"PREMIUM_EXPENSE":null,"LOAN_DEPOSIT":null,"LOAN_EQUITY":null,"LOAN_ASSETS":null,"DEPOSIT_EQUITY":null,"DEPOSIT_ASSETS":null,"EQUITY_MULTIPLIER":1.21226424249,"EQUITY_RATIO":0.212239527744},{"SECUCODE":"06133.HK","SECURITY_CODE":"06133","SECURITY_NAME_ABBR":"维太创科","ORG_CODE":"10430994","STD_REPORT_DATE":"2022-12-31 00:00:00","REPORT_DATE":"2022-12-31 00:00:00","DATE_TYPE_CODE":"001","REPORT_TYPE":"2022年年报","PER_NETCASH_OPERATE":0.018190588235,"PER_OI":1.284941176471,"BPS":0.616649411765,"BASIC_EPS":-0.0206,"DILUTED_EPS":-0.0206,"OPERATE_INCOME":1092200000,"OPERATE_INCOME_YOY":62.3724635807,"GROSS_PROFIT":4701000,"GROSS_PROFIT_YOY":1067.28395061728,"HOLDER_PROFIT":-17547000,"HOLDER_PROFIT_YOY":14.4257498171,"GROSS_PROFIT_RATIO":0.430415674785,"EPS_TTM":-0.020643529412,"OPERATE_INCOME_QOQ":4.407842537449,"NET_PROFIT_RATIO":-1.6074894708,"ROE_AVG":-3.292580294994,"GROSS_PROFIT_QOQ":353.326904532305,"ROA":-2.783093346318,"HOLDER_PROFIT_QOQ":13.706107996459,"ROE_YEARLY":-3.292580294994,"ROIC_YEARLY":-2.932221516661,"TOTAL_ASSETS":620411000,"TOTAL_LIABILITIES":96316000,"TAX_EBT":null,"OCF_SALES":1.415674784838,"TOTAL_PARENT_EQUITY":524152000,"DEBT_ASSET_RATIO":15.5245474371,"OPERATE_PROFIT":-16728000,"PRETAX_PROFIT":-17557000,"NETCASH_OPERATE":15462000,"NETCASH_INVEST":-219000,"NETCASH_FINANCE":-7052000,"END_CASH":37583000,"DIVI_RATIO":null,"DIVIDEND_RATE":null,"CURRENT_RATIO":6.460549538918,"COMMON_ACS":1000000000,"CURRENTDEBT_DEBT":99.415465758545,"ISSUED_COMMON_SHARES":850000000,"HK_COMMON_SHARES":850000000,"PER_SHARES":1000,"TOTAL_MARKET_CAP":127500000,"HKSK_MARKET_CAP":127500000,"PE_TTM":-5.398419018054,"PB_TTM":0.235562028842,"REPORT_DATE_SQ":"2021-12-31 00:00:00","REPORT_TYPE_SQ":"2021年年报","OPERATE_INCOME_SQ":672651000,"DPS_HKD":null,"OPERATE_INCOME_QOQ_SQ":-21.014011141276,"NET_PROFIT_RATIO_SQ":-3.0576034229,"HOLDER_PROFIT_SQ":-20505000,"HOLDER_PROFIT_QOQ_SQ":41.864421195883,"ROE_AVG_SQ":-3.715000321586,"PE_TTM_SQ":-11.676765297194,"PB_TTM_SQ":0.395404704704,"ROA_SQ":-3.035169780041,"START_DATE":"2022-01-01 00:00:00","FISCAL_YEAR":"12-31","CURRENCY":"HKD","IS_CNY_CODE":0,"DPS_HKD_LY":null,"ORG_TYPE":"一般企业","PREMIUM_INCOME":null,"PREMIUM_INCOME_YOY":null,"NET_INTEREST_INCOME":null,"NET_INTEREST_INCOME_YOY":null,"FEE_COMMISSION_INCOME":null,"FEE_COMMISSION_INCOME_YOY":null,"ACCOUNTS_RECE_TDAYS":114.175203846958,"INVENTORY_TDAYS":84.25326360643,"CURRENT_ASSETS_TDAYS":1.739037669861,"TOTAL_ASSETS_TDAYS":1.732315810594,"PREMIUM_EXPENSE":null,"LOAN_DEPOSIT":null,"LOAN_EQUITY":null,"LOAN_ASSETS":null,"DEPOSIT_EQUITY":null,"DEPOSIT_ASSETS":null,"EQUITY_MULTIPLIER":1.183775842166,"EQUITY_RATIO":0.18375585708},{"SECUCODE":"06133.HK","SECURITY_CODE":"06133","SECURITY_NAME_ABBR":"维太创科","ORG_CODE":"10430994","STD_REPORT_DATE":"2022-06-30 00:00:00","REPORT_DATE":"2022-06-30 00:00:00","DATE_TYPE_CODE":"002","REPORT_TYPE":"2022年中报","PER_NETCASH_OPERATE":0.042288235294,"PER_OI":0.822248235294,"BPS":0.626927058824,"BASIC_EPS":-0.0104,"DILUTED_EPS":-0.0104,"OPERATE_INCOME":698911000,"OPERATE_INCOME_YOY":114.7376732868,"GROSS_PROFIT":2555000,"GROSS_PROFIT_YOY":147.577519379845,"HOLDER_PROFIT":-8811000,"HOLDER_PROFIT_YOY":1.9038076152,"GROSS_PROFIT_RATIO":0.365568720481,"EPS_TTM":-0.023922352941,"OPERATE_INCOME_QOQ":55.517497186505,"NET_PROFIT_RATIO":-1.2608186164,"ROE_AVG":-1.639885835209,"GROSS_PROFIT_QOQ":313.374485596708,"ROA":-1.390786336483,"HOLDER_PROFIT_QOQ":0.833942940746,"ROE_YEARLY":-3.279771670419,"ROIC_YEARLY":-3.020369756195,"TOTAL_ASSETS":626493000,"TOTAL_LIABILITIES":93653000,"TAX_EBT":null,"OCF_SALES":5.14300104019,"TOTAL_PARENT_EQUITY":532888000,"DEBT_ASSET_RATIO":14.9487703773,"OPERATE_PROFIT":-8519000,"PRETAX_PROFIT":-8812000,"NETCASH_OPERATE":35945000,"NETCASH_INVEST":36000,"NETCASH_FINANCE":10230000,"END_CASH":73619000,"DIVI_RATIO":null,"DIVIDEND_RATE":null,"CURRENT_RATIO":7.007399672124,"COMMON_ACS":1000000000,"CURRENTDEBT_DEBT":95.093590167961,"ISSUED_COMMON_SHARES":850000000,"HK_COMMON_SHARES":850000000,"PER_SHARES":1000,"TOTAL_MARKET_CAP":127500000,"HKSK_MARKET_CAP":127500000,"PE_TTM":-5.398419018054,"PB_TTM":0.235562028842,"REPORT_DATE_SQ":"2021-06-30 00:00:00","REPORT_TYPE_SQ":"2021年中报","OPERATE_INCOME_SQ":325472000,"DPS_HKD":null,"OPERATE_INCOME_QOQ_SQ":-3.351238229696,"NET_PROFIT_RATIO_SQ":-2.7599916429,"HOLDER_PROFIT_SQ":-8982000,"HOLDER_PROFIT_QOQ_SQ":63.870934699104,"ROE_AVG_SQ":-1.610505761924,"PE_TTM_SQ":-11.676765297194,"PB_TTM_SQ":0.395404704704,"ROA_SQ":-1.309182497008,"START_DATE":"2022-01-01 00:00:00","FISCAL_YEAR":"12-31","CURRENCY":"HKD","IS_CNY_CODE":0,"DPS_HKD_LY":null,"ORG_TYPE":"一般企业","PREMIUM_INCOME":null,"PREMIUM_INCOME_YOY":null,"NET_INTEREST_INCOME":null,"NET_INTEREST_INCOME_YOY":null,"FEE_COMMISSION_INCOME":null,"FEE_COMMISSION_INCOME_YOY":null,"ACCOUNTS_RECE_TDAYS":74.630112119594,"INVENTORY_TDAYS":52.764235650691,"CURRENT_ASSETS_TDAYS":1.10802389134,"TOTAL_ASSETS_TDAYS":1.103207206013,"PREMIUM_EXPENSE":null,"LOAN_DEPOSIT":null,"LOAN_EQUITY":null,"LOAN_ASSETS":null,"DEPOSIT_EQUITY":null,"DEPOSIT_ASSETS":null,"EQUITY_MULTIPLIER":1.175761954808,"EQUITY_RATIO":0.175746123013},{"SECUCODE":"06133.HK","SECURITY_CODE":"06133","SECURITY_NAME_ABBR":"维太创科","ORG_CODE":"10430994","STD_REPORT_DATE":"2021-12-31 00:00:00","REPORT_DATE":"2021-12-31 00:00:00","DATE_TYPE_CODE":"001","REPORT_TYPE":"2021年年报","PER_NETCASH_OPERATE":-0.023204705882,"PER_OI":0.791354117647,"BPS":0.637292941176,"BASIC_EPS":-0.0241,"DILUTED_EPS":-0.0241,"OPERATE_INCOME":672651000,"OPERATE_INCOME_YOY":-23.661019796,"GROSS_PROFIT":-486000,"GROSS_PROFIT_YOY":99.389201689121,"HOLDER_PROFIT":-20505000,"HOLDER_PROFIT_YOY":78.9961587708,"GROSS_PROFIT_RATIO":-0.072251434994,"EPS_TTM":-0.024123529412,"OPERATE_INCOME_QOQ":-21.014011141276,"NET_PROFIT_RATIO":-3.0576034229,"ROE_AVG":-3.715000321586,"GROSS_PROFIT_QOQ":97.216494845361,"ROA":-3.035169780041,"HOLDER_PROFIT_QOQ":41.864421195883,"ROE_YEARLY":-3.715000321586,"ROIC_YEARLY":-3.228699127913,"TOTAL_ASSETS":640560000,"TOTAL_LIABILITIES":98908000,"TAX_EBT":null,"OCF_SALES":-2.932278402916,"TOTAL_PARENT_EQUITY":541699000,"DEBT_ASSET_RATIO":15.4408642438,"OPERATE_PROFIT":-21428000,"PRETAX_PROFIT":-20567000,"NETCASH_OPERATE":-22809000,"NETCASH_INVEST":137000,"NETCASH_FINANCE":-5997000,"END_CASH":26652000,"DIVI_RATIO":null,"DIVIDEND_RATE":null,"CURRENT_RATIO":6.566881277363,"COMMON_ACS":1000000000,"CURRENTDEBT_DEBT":98.146762648117,"ISSUED_COMMON_SHARES":850000000,"HK_COMMON_SHARES":850000000,"PER_SHARES":1000,"TOTAL_MARKET_CAP":127500000,"HKSK_MARKET_CAP":127500000,"PE_TTM":-5.398419018054,"PB_TTM":0.235562028842,"REPORT_DATE_SQ":"2020-12-31 00:00:00","REPORT_TYPE_SQ":"2020年年报","OPERATE_INCOME_SQ":881137000,"DPS_HKD":null,"OPERATE_INCOME_QOQ_SQ":12.706046679398,"NET_PROFIT_RATIO_SQ":-11.0777325206,"HOLDER_PROFIT_SQ":-97625000,"HOLDER_PROFIT_QOQ_SQ":-23.218770904593,"ROE_AVG_SQ":-15.977473603413,"PE_TTM_SQ":-11.676765297194,"PB_TTM_SQ":0.395404704704,"ROA_SQ":-13.363521316955,"START_DATE":"2021-01-01 00:00:00","FISCAL_YEAR":"12-31","CURRENCY":"HKD","IS_CNY_CODE":0,"DPS_HKD_LY":null,"ORG_TYPE":"一般企业","PREMIUM_INCOME":null,"PREMIUM_INCOME_YOY":null,"NET_INTEREST_INCOME":null,"NET_INTEREST_INCOME_YOY":null,"FEE_COMMISSION_INCOME":null,"FEE_COMMISSION_INCOME_YOY":null,"ACCOUNTS_RECE_TDAYS":60.270686797187,"INVENTORY_TDAYS":29.983162958509,"CURRENT_ASSETS_TDAYS":0.998488872132,"TOTAL_ASSETS_TDAYS":0.995664466088,"PREMIUM_EXPENSE":null,"LOAN_DEPOSIT":null,"LOAN_EQUITY":null,"LOAN_ASSETS":null,"DEPOSIT_EQUITY":null,"DEPOSIT_ASSETS":null,"EQUITY_MULTIPLIER":1.182604328979,"EQUITY_RATIO":0.182588485487},{"SECUCODE":"06133.HK","SECURITY_CODE":"06133","SECURITY_NAME_ABBR":"维太创科","ORG_CODE":"10430994","STD_REPORT_DATE":"2021-06-30 00:00:00","REPORT_DATE":"2021-06-30 00:00:00","DATE_TYPE_CODE":"002","REPORT_TYPE":"2021年中报","PER_NETCASH_OPERATE":0.060303529412,"PER_OI":0.382908235294,"BPS":0.650849411765,"BASIC_EPS":-0.0106,"DILUTED_EPS":-0.0106,"OPERATE_INCOME":325472000,"OPERATE_INCOME_YOY":-8.318004738,"GROSS_PROFIT":1032000,"GROSS_PROFIT_YOY":101.689698081079,"HOLDER_PROFIT":-8982000,"HOLDER_PROFIT_YOY":87.408881911,"GROSS_PROFIT_RATIO":0.317077966768,"EPS_TTM":-0.041495294118,"OPERATE_INCOME_QOQ":-3.351238229696,"NET_PROFIT_RATIO":-2.7599916429,"ROE_AVG":-1.610505761924,"GROSS_PROFIT_QOQ":78.05650512769,"ROA":-1.309182497008,"HOLDER_PROFIT_QOQ":63.870934699104,"ROE_YEARLY":-3.221011523848,"ROIC_YEARLY":-2.944951827316,"TOTAL_ASSETS":661554000,"TOTAL_LIABILITIES":108318000,"TAX_EBT":null,"OCF_SALES":15.748820175007,"TOTAL_PARENT_EQUITY":553222000,"DEBT_ASSET_RATIO":16.3732665814,"OPERATE_PROFIT":-8872000,"PRETAX_PROFIT":-8983000,"NETCASH_OPERATE":51258000,"NETCASH_INVEST":49000,"NETCASH_FINANCE":-7906000,"END_CASH":97770000,"DIVI_RATIO":null,"DIVIDEND_RATE":null,"CURRENT_RATIO":6.147329289767,"COMMON_ACS":1000000000,"CURRENTDEBT_DEBT":99.088794106243,"ISSUED_COMMON_SHARES":850000000,"HK_COMMON_SHARES":850000000,"PER_SHARES":1000,"TOTAL_MARKET_CAP":127500000,"HKSK_MARKET_CAP":127500000,"PE_TTM":-5.398419018054,"PB_TTM":0.235562028842,"REPORT_DATE_SQ":"2020-06-30 00:00:00","REPORT_TYPE_SQ":"2020年中报","OPERATE_INCOME_SQ":355001000,"DPS_HKD":null,"OPERATE_INCOME_QOQ_SQ":-4.184008628085,"NET_PROFIT_RATIO_SQ":-20.0945912828,"HOLDER_PROFIT_SQ":-71336000,"HOLDER_PROFIT_QOQ_SQ":-1321.40294223179,"ROE_AVG_SQ":-11.429102427098,"PE_TTM_SQ":-11.676765297194,"PB_TTM_SQ":0.395404704704,"ROA_SQ":-9.936960699164,"START_DATE":"2021-01-01 00:00:00","FISCAL_YEAR":"12-31","CURRENCY":"HKD","IS_CNY_CODE":0,"DPS_HKD_LY":null,"ORG_TYPE":"一般企业","PREMIUM_INCOME":null,"PREMIUM_INCOME_YOY":null,"NET_INTEREST_INCOME":null,"NET_INTEREST_INCOME_YOY":null,"FEE_COMMISSION_INCOME":null,"FEE_COMMISSION_INCOME_YOY":null,"ACCOUNTS_RECE_TDAYS":null,"INVENTORY_TDAYS":10.178350143527,"CURRENT_ASSETS_TDAYS":0.475260594441,"TOTAL_ASSETS_TDAYS":0.474395731091,"PREMIUM_EXPENSE":null,"LOAN_DEPOSIT":null,"LOAN_EQUITY":null,"LOAN_ASSETS":null,"DEPOSIT_EQUITY":null,"DEPOSIT_ASSETS":null,"EQUITY_MULTIPLIER":1.195789861831,"EQUITY_RATIO":0.195794816547},{"SECUCODE":"06133.HK","SECURITY_CODE":"06133","SECURITY_NAME_ABBR":"维太创科","ORG_CODE":"10430994","STD_REPORT_DATE":"2020-12-31 00:00:00","REPORT_DATE":"2020-12-31 00:00:00","DATE_TYPE_CODE":"001","REPORT_TYPE":"2020年年报","PER_NETCASH_OPERATE":0.004597647059,"PER_OI":1.036631764706,"BPS":0.661416470588,"BASIC_EPS":-0.1148,"DILUTED_EPS":-0.1148,"OPERATE_INCOME":881137000,"OPERATE_INCOME_YOY":7.990415962,"GROSS_PROFIT":-79568000,"GROSS_PROFIT_YOY":-1135.90678297097,"HOLDER_PROFIT":-97625000,"HOLDER_PROFIT_YOY":-1651.4352350197,"GROSS_PROFIT_RATIO":-9.030150816502,"EPS_TTM":-0.114852941176,"OPERATE_INCOME_QOQ":12.706046679398,"NET_PROFIT_RATIO":-11.0777325206,"ROE_AVG":-15.977473603413,"GROSS_PROFIT_QOQ":-37.406531162036,"ROA":-13.363521316955,"HOLDER_PROFIT_QOQ":-23.218770904593,"ROE_YEARLY":-15.977473603413,"ROIC_YEARLY":-14.404533905433,"TOTAL_ASSETS":710600000,"TOTAL_LIABILITIES":148381000,"TAX_EBT":null,"OCF_SALES":0.443517863851,"TOTAL_PARENT_EQUITY":562204000,"DEBT_ASSET_RATIO":20.8810864059,"OPERATE_PROFIT":-96923000,"PRETAX_PROFIT":-97610000,"NETCASH_OPERATE":3908000,"NETCASH_INVEST":12000,"NETCASH_FINANCE":-758000,"END_CASH":54369000,"DIVI_RATIO":null,"DIVIDEND_RATE":null,"CURRENT_RATIO":4.793066893539,"COMMON_ACS":1000000000,"CURRENTDEBT_DEBT":99.811296594578,"ISSUED_COMMON_SHARES":850000000,"HK_COMMON_SHARES":850000000,"PER_SHARES":1000,"TOTAL_MARKET_CAP":127500000,"HKSK_MARKET_CAP":127500000,"PE_TTM":-5.398419018054,"PB_TTM":0.235562028842,"REPORT_DATE_SQ":"2019-12-31 00:00:00","REPORT_TYPE_SQ":"2019年年报","OPERATE_INCOME_SQ":815940000,"DPS_HKD":null,"OPERATE_INCOME_QOQ_SQ":-7.777233995178,"NET_PROFIT_RATIO_SQ":-0.6831384661,"HOLDER_PROFIT_SQ":-5574000,"HOLDER_PROFIT_QOQ_SQ":-178.484933821459,"ROE_AVG_SQ":-0.796153780231,"PE_TTM_SQ":-11.676765297194,"PB_TTM_SQ":0.395404704704,"ROA_SQ":-0.68324146224,"START_DATE":"2020-01-01 00:00:00","FISCAL_YEAR":"12-31","CURRENCY":"HKD","IS_CNY_CODE":0,"DPS_HKD_LY":null,"ORG_TYPE":"一般企业","PREMIUM_INCOME":null,"PREMIUM_INCOME_YOY":null,"NET_INTEREST_INCOME":null,"NET_INTEREST_INCOME_YOY":null,"FEE_COMMISSION_INCOME":null,"FEE_COMMISSION_INCOME_YOY":null,"ACCOUNTS_RECE_TDAYS":207.668395003535,"INVENTORY_TDAYS":59.149427410417,"CURRENT_ASSETS_TDAYS":1.208155771646,"TOTAL_ASSETS_TDAYS":1.206155501425,"PREMIUM_EXPENSE":null,"LOAN_DEPOSIT":null,"LOAN_EQUITY":null,"LOAN_ASSETS":null,"DEPOSIT_EQUITY":null,"DEPOSIT_ASSETS":null,"EQUITY_MULTIPLIER":1.263920287291,"EQUITY_RATIO":0.26392732887},{"SECUCODE":"06133.HK","SECURITY_CODE":"06133","SECURITY_NAME_ABBR":"维太创科","ORG_CODE":"10430994","STD_REPORT_DATE":"2020-06-30 00:00:00","REPORT_DATE":"2020-06-30 00:00:00","DATE_TYPE_CODE":"002","REPORT_TYPE":"2020年中报","PER_NETCASH_OPERATE":0.034128235294,"PER_OI":0.417648235294,"BPS":0.692344705882,"BASIC_EPS":-0.0839,"DILUTED_EPS":-0.0839,"OPERATE_INCOME":355001000,"OPERATE_INCOME_YOY":-8.7729351904,"GROSS_PROFIT":-61076000,"GROSS_PROFIT_YOY":-1453.63475177305,"HOLDER_PROFIT":-71336000,"HOLDER_PROFIT_YOY":-3176.1535144459,"GROSS_PROFIT_RATIO":-17.20445857899,"EPS_TTM":-0.093210588235,"OPERATE_INCOME_QOQ":-4.184008628085,"NET_PROFIT_RATIO":-20.0945912828,"ROE_AVG":-11.429102427098,"GROSS_PROFIT_QOQ":-853.89923187085,"ROA":-9.936960699164,"HOLDER_PROFIT_QOQ":-1321.40294223179,"ROE_YEARLY":-22.858204854196,"ROIC_YEARLY":-21.857652254178,"TOTAL_ASSETS":685304000,"TOTAL_LIABILITIES":96811000,"TAX_EBT":null,"OCF_SALES":8.171526277391,"TOTAL_PARENT_EQUITY":588493000,"DEBT_ASSET_RATIO":14.1267233228,"OPERATE_PROFIT":-70949000,"PRETAX_PROFIT":-71336000,"NETCASH_OPERATE":29009000,"NETCASH_INVEST":3000,"NETCASH_FINANCE":-1484000,"END_CASH":79099000,"DIVI_RATIO":null,"DIVIDEND_RATE":null,"CURRENT_RATIO":7.070839057545,"COMMON_ACS":1000000000,"CURRENTDEBT_DEBT":100,"ISSUED_COMMON_SHARES":850000000,"HK_COMMON_SHARES":850000000,"PER_SHARES":1000,"TOTAL_MARKET_CAP":127500000,"HKSK_MARKET_CAP":127500000,"PE_TTM":-5.398419018054,"PB_TTM":0.235562028842,"REPORT_DATE_SQ":"2019-06-30 00:00:00","REPORT_TYPE_SQ":"2019年中报","OPERATE_INCOME_SQ":389140000,"DPS_HKD":null,"OPERATE_INCOME_QOQ_SQ":-2.929294924121,"NET_PROFIT_RATIO_SQ":0.5959294855,"HOLDER_PROFIT_SQ":2319000,"HOLDER_PROFIT_QOQ_SQ":-51.185648498179,"ROE_AVG_SQ":0.312718078382,"PE_TTM_SQ":-11.676765297194,"PB_TTM_SQ":0.395404704704,"ROA_SQ":0.26897060461,"START_DATE":"2020-01-01 00:00:00","FISCAL_YEAR":"12-31","CURRENCY":"HKD","IS_CNY_CODE":0,"DPS_HKD_LY":null,"ORG_TYPE":"一般企业","PREMIUM_INCOME":null,"PREMIUM_INCOME_YOY":null,"NET_INTEREST_INCOME":null,"NET_INTEREST_INCOME_YOY":null,"FEE_COMMISSION_INCOME":null,"FEE_COMMISSION_INCOME_YOY":null,"ACCOUNTS_RECE_TDAYS":52.733363042187,"INVENTORY_TDAYS":111.623608316566,"CURRENT_ASSETS_TDAYS":0.495353112518,"TOTAL_ASSETS_TDAYS":0.494509221875,"PREMIUM_EXPENSE":null,"LOAN_DEPOSIT":null,"LOAN_EQUITY":null,"LOAN_ASSETS":null,"DEPOSIT_EQUITY":null,"DEPOSIT_ASSETS":null,"EQUITY_MULTIPLIER":1.164506629646,"EQUITY_RATIO":0.164506629646}],"count":24},"success":true,"message":"ok","code":0}