{"version":"1c8703f86920e5e8c13212276b6aeba0","result":{"pages":4,"data":[{"SECUCODE":"06138.HK","SECURITY_CODE":"06138","SECURITY_NAME_ABBR":"哈尔滨银行","ORG_CODE":"10032115","STD_REPORT_DATE":"2024-06-30 00:00:00","REPORT_DATE":"2024-06-30 00:00:00","DATE_TYPE_CODE":"002","REPORT_TYPE":"2024年中报","PER_NETCASH_OPERATE":3.081141672785,"PER_OI":0.654688265547,"BPS":4.628814168311,"BASIC_EPS":0.03,"DILUTED_EPS":0.03,"OPERATE_INCOME":7198690000,"OPERATE_INCOME_YOY":8.1687529254,"GROSS_PROFIT":null,"GROSS_PROFIT_YOY":null,"HOLDER_PROFIT":763098000,"HOLDER_PROFIT_YOY":29.6343862439,"GROSS_PROFIT_RATIO":null,"EPS_TTM":0.083163905305,"OPERATE_INCOME_QOQ":4.10545786086,"NET_PROFIT_RATIO":11.7508046603,"ROE_AVG":1.22882273023,"GROSS_PROFIT_QOQ":null,"ROA":0.089979134697,"HOLDER_PROFIT_QOQ":23.573736508318,"ROE_YEARLY":2.45764546046,"ROIC_YEARLY":0.199837694102,"TOTAL_ASSETS":882837842000,"TOTAL_LIABILITIES":817875498000,"TAX_EBT":-15.265877428216,"OCF_SALES":470.627294688339,"TOTAL_PARENT_EQUITY":62595594000,"DEBT_ASSET_RATIO":92.6416448288,"OPERATE_PROFIT":733872000,"PRETAX_PROFIT":733872000,"NETCASH_OPERATE":33879000000,"NETCASH_INVEST":-8880069000,"NETCASH_FINANCE":707993000,"END_CASH":82725532000,"DIVI_RATIO":null,"DIVIDEND_RATE":null,"CURRENT_RATIO":null,"COMMON_ACS":null,"CURRENTDEBT_DEBT":null,"ISSUED_COMMON_SHARES":10995599553,"HK_COMMON_SHARES":3023570000,"PER_SHARES":1000,"TOTAL_MARKET_CAP":3848459843.55,"HKSK_MARKET_CAP":1058249500,"PE_TTM":3.794536932902,"PB_TTM":0.069010763531,"REPORT_DATE_SQ":"2023-06-30 00:00:00","REPORT_TYPE_SQ":"2023年中报","OPERATE_INCOME_SQ":6655055000,"DPS_HKD":null,"OPERATE_INCOME_QOQ_SQ":-2.62724612602,"NET_PROFIT_RATIO_SQ":10.5236696015,"HOLDER_PROFIT_SQ":588654000,"HOLDER_PROFIT_QOQ_SQ":16.949757466621,"ROE_AVG_SQ":0.958121777012,"PE_TTM_SQ":3.874278625359,"PB_TTM_SQ":0.04865800435,"ROA_SQ":0.078489642179,"START_DATE":"2024-01-01 00:00:00","FISCAL_YEAR":"12-31","CURRENCY":"HKD","IS_CNY_CODE":0,"DPS_HKD_LY":null,"ORG_TYPE":"银行","PREMIUM_INCOME":null,"PREMIUM_INCOME_YOY":null,"NET_INTEREST_INCOME":4978729000,"NET_INTEREST_INCOME_YOY":12.613436674622,"FEE_COMMISSION_INCOME":207566000,"FEE_COMMISSION_INCOME_YOY":null,"ACCOUNTS_RECE_TDAYS":null,"INVENTORY_TDAYS":null,"CURRENT_ASSETS_TDAYS":null,"TOTAL_ASSETS_TDAYS":0.008488187587,"PREMIUM_EXPENSE":null,"LOAN_DEPOSIT":48.851278006026,"LOAN_EQUITY":5.177572733521,"LOAN_ASSETS":38.098419097898,"DEPOSIT_EQUITY":10.59864336176,"DEPOSIT_ASSETS":77.988582188574,"EQUITY_MULTIPLIER":13.589993643062,"EQUITY_RATIO":13.066023432895},{"SECUCODE":"06138.HK","SECURITY_CODE":"06138","SECURITY_NAME_ABBR":"哈尔滨银行","ORG_CODE":"10032115","STD_REPORT_DATE":"2023-12-31 00:00:00","REPORT_DATE":"2023-12-31 00:00:00","DATE_TYPE_CODE":"001","REPORT_TYPE":"2023年年报","PER_NETCASH_OPERATE":4.190695357529,"PER_OI":1.20427839666,"BPS":4.538656556148,"BASIC_EPS":0.02,"DILUTED_EPS":0.02,"OPERATE_INCOME":13241763000,"OPERATE_INCOME_YOY":2.8842126315,"GROSS_PROFIT":null,"GROSS_PROFIT_YOY":null,"HOLDER_PROFIT":739993000,"HOLDER_PROFIT_YOY":33.3875901501,"GROSS_PROFIT_RATIO":null,"EPS_TTM":0.067299013249,"OPERATE_INCOME_QOQ":5.66016522922,"NET_PROFIT_RATIO":6.7068637311,"ROE_AVG":1.205408857539,"GROSS_PROFIT_QOQ":null,"ROA":0.096980739598,"HOLDER_PROFIT_QOQ":14.055465389233,"ROE_YEARLY":1.205408857539,"ROIC_YEARLY":0.107169040489,"TOTAL_ASSETS":813328725000,"TOTAL_LIABILITIES":749440524000,"TAX_EBT":-94.20325032582,"OCF_SALES":347.983935371748,"TOTAL_PARENT_EQUITY":61604257000,"DEBT_ASSET_RATIO":92.1448488125,"OPERATE_PROFIT":457308000,"PRETAX_PROFIT":457308000,"NETCASH_OPERATE":46079208000,"NETCASH_INVEST":-39937579000,"NETCASH_FINANCE":-6432279000,"END_CASH":57031629000,"DIVI_RATIO":null,"DIVIDEND_RATE":null,"CURRENT_RATIO":null,"COMMON_ACS":null,"CURRENTDEBT_DEBT":null,"ISSUED_COMMON_SHARES":10995599553,"HK_COMMON_SHARES":3023570000,"PER_SHARES":1000,"TOTAL_MARKET_CAP":4013393836.845,"HKSK_MARKET_CAP":1103603050,"PE_TTM":3.957159944313,"PB_TTM":0.071968367683,"REPORT_DATE_SQ":"2022-12-31 00:00:00","REPORT_TYPE_SQ":"2022年年报","OPERATE_INCOME_SQ":12870549000,"DPS_HKD":null,"OPERATE_INCOME_QOQ_SQ":-2.335278627386,"NET_PROFIT_RATIO_SQ":5.5358710806,"HOLDER_PROFIT_SQ":554769000,"HOLDER_PROFIT_QOQ_SQ":773.206159670902,"ROE_AVG_SQ":0.909690981219,"PE_TTM_SQ":3.874278625359,"PB_TTM_SQ":0.04865800435,"ROA_SQ":0.081717113908,"START_DATE":"2023-01-01 00:00:00","FISCAL_YEAR":"12-31","CURRENCY":"HKD","IS_CNY_CODE":0,"DPS_HKD_LY":null,"ORG_TYPE":"银行","PREMIUM_INCOME":null,"PREMIUM_INCOME_YOY":null,"NET_INTEREST_INCOME":9548982000,"NET_INTEREST_INCOME_YOY":6.015258720907,"FEE_COMMISSION_INCOME":null,"FEE_COMMISSION_INCOME_YOY":null,"ACCOUNTS_RECE_TDAYS":null,"INVENTORY_TDAYS":null,"CURRENT_ASSETS_TDAYS":null,"TOTAL_ASSETS_TDAYS":0.017354163746,"PREMIUM_EXPENSE":null,"LOAN_DEPOSIT":46.947365917124,"LOAN_EQUITY":4.827790878006,"LOAN_ASSETS":37.9230272483,"DEPOSIT_EQUITY":10.283411611481,"DEPOSIT_ASSETS":80.777752931326,"EQUITY_MULTIPLIER":12.730499720888,"EQUITY_RATIO":12.165401556584},{"SECUCODE":"06138.HK","SECURITY_CODE":"06138","SECURITY_NAME_ABBR":"哈尔滨银行","ORG_CODE":"10032115","STD_REPORT_DATE":"2023-06-30 00:00:00","REPORT_DATE":"2023-06-30 00:00:00","DATE_TYPE_CODE":"002","REPORT_TYPE":"2023年中报","PER_NETCASH_OPERATE":3.861072949716,"PER_OI":0.605247123444,"BPS":4.547560117934,"BASIC_EPS":0.02,"DILUTED_EPS":0.02,"OPERATE_INCOME":6655055000,"OPERATE_INCOME_YOY":-4.8352856119,"GROSS_PROFIT":null,"GROSS_PROFIT_YOY":null,"HOLDER_PROFIT":588654000,"HOLDER_PROFIT_YOY":19.0108810364,"GROSS_PROFIT_RATIO":null,"EPS_TTM":0.059005513694,"OPERATE_INCOME_QOQ":-2.62724612602,"NET_PROFIT_RATIO":10.5236696015,"ROE_AVG":0.958121777012,"GROSS_PROFIT_QOQ":null,"ROA":0.078489642179,"HOLDER_PROFIT_QOQ":16.949757466621,"ROE_YEARLY":1.916243554024,"ROIC_YEARLY":0.178225829122,"TOTAL_ASSETS":787220274000,"TOTAL_LIABILITIES":723270862000,"TAX_EBT":-40.104825158038,"OCF_SALES":637.933300325843,"TOTAL_PARENT_EQUITY":61702157000,"DEBT_ASSET_RATIO":91.8765542362,"OPERATE_PROFIT":499880000,"PRETAX_PROFIT":499880000,"NETCASH_OPERATE":42454812000,"NETCASH_INVEST":-25802019000,"NETCASH_FINANCE":-8781704000,"END_CASH":65315168000,"DIVI_RATIO":null,"DIVIDEND_RATE":null,"CURRENT_RATIO":null,"COMMON_ACS":null,"CURRENTDEBT_DEBT":null,"ISSUED_COMMON_SHARES":10995599553,"HK_COMMON_SHARES":3023570000,"PER_SHARES":1000,"TOTAL_MARKET_CAP":4013393836.845,"HKSK_MARKET_CAP":1103603050,"PE_TTM":3.957159944313,"PB_TTM":0.071968367683,"REPORT_DATE_SQ":"2022-06-30 00:00:00","REPORT_TYPE_SQ":"2022年中报","OPERATE_INCOME_SQ":6993196000,"DPS_HKD":null,"OPERATE_INCOME_QOQ_SQ":6.97072406449,"NET_PROFIT_RATIO_SQ":8.4088305261,"HOLDER_PROFIT_SQ":494622000,"HOLDER_PROFIT_QOQ_SQ":-130.060955813419,"ROE_AVG_SQ":0.813872998398,"PE_TTM_SQ":3.874278625359,"PB_TTM_SQ":0.04865800435,"ROA_SQ":0.075705453581,"START_DATE":"2023-01-01 00:00:00","FISCAL_YEAR":"12-31","CURRENCY":"HKD","IS_CNY_CODE":0,"DPS_HKD_LY":null,"ORG_TYPE":"银行","PREMIUM_INCOME":null,"PREMIUM_INCOME_YOY":null,"NET_INTEREST_INCOME":4421079000,"NET_INTEREST_INCOME_YOY":-16.874886247919,"FEE_COMMISSION_INCOME":356259000,"FEE_COMMISSION_INCOME_YOY":null,"ACCOUNTS_RECE_TDAYS":null,"INVENTORY_TDAYS":null,"CURRENT_ASSETS_TDAYS":null,"TOTAL_ASSETS_TDAYS":0.008873682768,"PREMIUM_EXPENSE":null,"LOAN_DEPOSIT":45.256422164726,"LOAN_EQUITY":4.601426593258,"LOAN_ASSETS":37.379439366421,"DEPOSIT_EQUITY":10.167455519372,"DEPOSIT_ASSETS":82.594773467432,"EQUITY_MULTIPLIER":12.310047104103,"EQUITY_RATIO":11.721970465311},{"SECUCODE":"06138.HK","SECURITY_CODE":"06138","SECURITY_NAME_ABBR":"哈尔滨银行","ORG_CODE":"10032115","STD_REPORT_DATE":"2022-12-31 00:00:00","REPORT_DATE":"2022-12-31 00:00:00","DATE_TYPE_CODE":"001","REPORT_TYPE":"2022年年报","PER_NETCASH_OPERATE":5.261328290572,"PER_OI":1.170518163922,"BPS":4.499572011651,"BASIC_EPS":0,"DILUTED_EPS":0,"OPERATE_INCOME":12870549000,"OPERATE_INCOME_YOY":4.4726596079,"GROSS_PROFIT":null,"GROSS_PROFIT_YOY":null,"HOLDER_PROFIT":554769000,"HOLDER_PROFIT_YOY":102.3722061919,"GROSS_PROFIT_RATIO":null,"EPS_TTM":0.050453728996,"OPERATE_INCOME_QOQ":-2.335278627386,"NET_PROFIT_RATIO":5.5358710806,"ROE_AVG":0.909690981219,"GROSS_PROFIT_QOQ":null,"ROA":0.081717113908,"HOLDER_PROFIT_QOQ":773.206159670902,"ROE_YEARLY":0.909690981219,"ROIC_YEARLY":0.091549911591,"TOTAL_ASSETS":712733054000,"TOTAL_LIABILITIES":649412427000,"TAX_EBT":28.83448879975,"OCF_SALES":449.487112010529,"TOTAL_PARENT_EQUITY":61174499000,"DEBT_ASSET_RATIO":91.1158004186,"OPERATE_PROFIT":1001183000,"PRETAX_PROFIT":1001183000,"NETCASH_OPERATE":57851459000,"NETCASH_INVEST":-40764764000,"NETCASH_FINANCE":8404406000,"END_CASH":57460581000,"DIVI_RATIO":null,"DIVIDEND_RATE":null,"CURRENT_RATIO":null,"COMMON_ACS":null,"CURRENTDEBT_DEBT":null,"ISSUED_COMMON_SHARES":10995599553,"HK_COMMON_SHARES":3023570000,"PER_SHARES":1000,"TOTAL_MARKET_CAP":4013393836.845,"HKSK_MARKET_CAP":1103603050,"PE_TTM":3.957159944313,"PB_TTM":0.071968367683,"REPORT_DATE_SQ":"2021-12-31 00:00:00","REPORT_TYPE_SQ":"2021年年报","OPERATE_INCOME_SQ":12319538000,"DPS_HKD":null,"OPERATE_INCOME_QOQ_SQ":-4.498639364656,"NET_PROFIT_RATIO_SQ":3.2362252546,"HOLDER_PROFIT_SQ":274133000,"HOLDER_PROFIT_QOQ_SQ":205.033008042238,"ROE_AVG_SQ":0.498236575706,"PE_TTM_SQ":3.874278625359,"PB_TTM_SQ":0.04865800435,"ROA_SQ":0.044085240321,"START_DATE":"2022-01-01 00:00:00","FISCAL_YEAR":"12-31","CURRENCY":"HKD","IS_CNY_CODE":0,"DPS_HKD_LY":null,"ORG_TYPE":"银行","PREMIUM_INCOME":null,"PREMIUM_INCOME_YOY":null,"NET_INTEREST_INCOME":9007177000,"NET_INTEREST_INCOME_YOY":-10.474434428111,"FEE_COMMISSION_INCOME":null,"FEE_COMMISSION_INCOME_YOY":null,"ACCOUNTS_RECE_TDAYS":null,"INVENTORY_TDAYS":null,"CURRENT_ASSETS_TDAYS":null,"TOTAL_ASSETS_TDAYS":0.018958235206,"PREMIUM_EXPENSE":null,"LOAN_DEPOSIT":48.053566792555,"LOAN_EQUITY":4.292200407302,"LOAN_ASSETS":38.132765061854,"DEPOSIT_EQUITY":8.932116164927,"DEPOSIT_ASSETS":79.3547026935,"EQUITY_MULTIPLIER":11.255938037385,"EQUITY_RATIO":10.615737564111},{"SECUCODE":"06138.HK","SECURITY_CODE":"06138","SECURITY_NAME_ABBR":"哈尔滨银行","ORG_CODE":"10032115","STD_REPORT_DATE":"2022-06-30 00:00:00","REPORT_DATE":"2022-06-30 00:00:00","DATE_TYPE_CODE":"002","REPORT_TYPE":"2022年中报","PER_NETCASH_OPERATE":0.597585967762,"PER_OI":0.63599951656,"BPS":4.524923698811,"BASIC_EPS":0.01,"DILUTED_EPS":0.01,"OPERATE_INCOME":6993196000,"OPERATE_INCOME_YOY":13.999023545,"GROSS_PROFIT":null,"GROSS_PROFIT_YOY":null,"HOLDER_PROFIT":494622000,"HOLDER_PROFIT_YOY":-41.8886181479,"GROSS_PROFIT_RATIO":null,"EPS_TTM":-0.007494543577,"OPERATE_INCOME_QOQ":6.97072406449,"NET_PROFIT_RATIO":8.4088305261,"ROE_AVG":0.813872998398,"GROSS_PROFIT_QOQ":null,"ROA":0.075705453581,"HOLDER_PROFIT_QOQ":-130.060955813419,"ROE_YEARLY":1.627745996796,"ROIC_YEARLY":0.167927061331,"TOTAL_ASSETS":661654931000,"TOTAL_LIABILITIES":598822308000,"TAX_EBT":38.05118804945,"OCF_SALES":93.960129245627,"TOTAL_PARENT_EQUITY":60753539000,"DEBT_ASSET_RATIO":90.5037172616,"OPERATE_PROFIT":949245000,"PRETAX_PROFIT":949245000,"NETCASH_OPERATE":6570816000,"NETCASH_INVEST":-13290365000,"NETCASH_FINANCE":12402571000,"END_CASH":37724658000,"DIVI_RATIO":null,"DIVIDEND_RATE":null,"CURRENT_RATIO":null,"COMMON_ACS":null,"CURRENTDEBT_DEBT":null,"ISSUED_COMMON_SHARES":10995599553,"HK_COMMON_SHARES":3023570000,"PER_SHARES":1000,"TOTAL_MARKET_CAP":4013393836.845,"HKSK_MARKET_CAP":1103603050,"PE_TTM":3.957159944313,"PB_TTM":0.071968367683,"REPORT_DATE_SQ":"2021-06-30 00:00:00","REPORT_TYPE_SQ":"2021年中报","OPERATE_INCOME_SQ":6134435000,"DPS_HKD":null,"OPERATE_INCOME_QOQ_SQ":-11.683173197392,"NET_PROFIT_RATIO_SQ":15.3278011748,"HOLDER_PROFIT_SQ":851162000,"HOLDER_PROFIT_QOQ_SQ":-135.001394707621,"ROE_AVG_SQ":1.586459263892,"PE_TTM_SQ":3.874278625359,"PB_TTM_SQ":0.04865800435,"ROA_SQ":0.138297175187,"START_DATE":"2022-01-01 00:00:00","FISCAL_YEAR":"12-31","CURRENCY":"HKD","IS_CNY_CODE":0,"DPS_HKD_LY":null,"ORG_TYPE":"银行","PREMIUM_INCOME":null,"PREMIUM_INCOME_YOY":null,"NET_INTEREST_INCOME":5318584000,"NET_INTEREST_INCOME_YOY":5.197944454543,"FEE_COMMISSION_INCOME":375857000,"FEE_COMMISSION_INCOME_YOY":null,"ACCOUNTS_RECE_TDAYS":null,"INVENTORY_TDAYS":null,"CURRENT_ASSETS_TDAYS":null,"TOTAL_ASSETS_TDAYS":0.01070358931,"PREMIUM_EXPENSE":null,"LOAN_DEPOSIT":53.299488875221,"LOAN_EQUITY":4.375197642155,"LOAN_ASSETS":41.548113846068,"DEPOSIT_EQUITY":8.208704688327,"DEPOSIT_ASSETS":77.952180635982,"EQUITY_MULTIPLIER":10.53043625119,"EQUITY_RATIO":9.856583136663},{"SECUCODE":"06138.HK","SECURITY_CODE":"06138","SECURITY_NAME_ABBR":"哈尔滨银行","ORG_CODE":"10032115","STD_REPORT_DATE":"2021-12-31 00:00:00","REPORT_DATE":"2021-12-31 00:00:00","DATE_TYPE_CODE":"001","REPORT_TYPE":"2021年年报","PER_NETCASH_OPERATE":3.337382906964,"PER_OI":1.120406208012,"BPS":4.528619086207,"BASIC_EPS":0.02,"DILUTED_EPS":0.02,"OPERATE_INCOME":12319538000,"OPERATE_INCOME_YOY":-15.6562287335,"GROSS_PROFIT":null,"GROSS_PROFIT_YOY":null,"HOLDER_PROFIT":274133000,"HOLDER_PROFIT_YOY":-63.2369822818,"GROSS_PROFIT_RATIO":null,"EPS_TTM":0.024931155293,"OPERATE_INCOME_QOQ":-4.498639364656,"NET_PROFIT_RATIO":3.2362252546,"ROE_AVG":0.498236575706,"GROSS_PROFIT_QOQ":null,"ROA":0.044085240321,"HOLDER_PROFIT_QOQ":205.033008042238,"ROE_YEARLY":0.498236575706,"ROIC_YEARLY":0.049299715217,"TOTAL_ASSETS":645046176000,"TOTAL_LIABILITIES":582266344000,"TAX_EBT":28.964149602048,"OCF_SALES":297.872582559508,"TOTAL_PARENT_EQUITY":60794172000,"DEBT_ASSET_RATIO":90.2673894776,"OPERATE_PROFIT":561249000,"PRETAX_PROFIT":561249000,"NETCASH_OPERATE":36696526000,"NETCASH_INVEST":-20670682000,"NETCASH_FINANCE":-4428025000,"END_CASH":32008169000,"DIVI_RATIO":null,"DIVIDEND_RATE":null,"CURRENT_RATIO":null,"COMMON_ACS":null,"CURRENTDEBT_DEBT":null,"ISSUED_COMMON_SHARES":10995599553,"HK_COMMON_SHARES":3023570000,"PER_SHARES":1000,"TOTAL_MARKET_CAP":4013393836.845,"HKSK_MARKET_CAP":1103603050,"PE_TTM":3.957159944313,"PB_TTM":0.071968367683,"REPORT_DATE_SQ":"2020-12-31 00:00:00","REPORT_TYPE_SQ":"2020年年报","OPERATE_INCOME_SQ":14606340000,"DPS_HKD":null,"OPERATE_INCOME_QOQ_SQ":-6.012444599564,"NET_PROFIT_RATIO_SQ":5.4485381006,"HOLDER_PROFIT_SQ":745676000,"HOLDER_PROFIT_QOQ_SQ":-76.98976864978,"ROE_AVG_SQ":1.505294063724,"PE_TTM_SQ":3.874278625359,"PB_TTM_SQ":0.04865800435,"ROA_SQ":0.126204685192,"START_DATE":"2021-01-01 00:00:00","FISCAL_YEAR":"12-31","CURRENCY":"HKD","IS_CNY_CODE":0,"DPS_HKD_LY":null,"ORG_TYPE":"银行","PREMIUM_INCOME":null,"PREMIUM_INCOME_YOY":null,"NET_INTEREST_INCOME":10061011000,"NET_INTEREST_INCOME_YOY":-18.264152163532,"FEE_COMMISSION_INCOME":697009000,"FEE_COMMISSION_INCOME_YOY":null,"ACCOUNTS_RECE_TDAYS":null,"INVENTORY_TDAYS":null,"CURRENT_ASSETS_TDAYS":null,"TOTAL_ASSETS_TDAYS":0.019811908576,"PREMIUM_EXPENSE":null,"LOAN_DEPOSIT":55.968483014914,"LOAN_EQUITY":4.517964431635,"LOAN_ASSETS":43.971588167356,"DEPOSIT_EQUITY":8.072336765731,"DEPOSIT_ASSETS":78.564909746864,"EQUITY_MULTIPLIER":10.274735618963,"EQUITY_RATIO":9.577667148752},{"SECUCODE":"06138.HK","SECURITY_CODE":"06138","SECURITY_NAME_ABBR":"哈尔滨银行","ORG_CODE":"10032115","STD_REPORT_DATE":"2021-06-30 00:00:00","REPORT_DATE":"2021-06-30 00:00:00","DATE_TYPE_CODE":"002","REPORT_TYPE":"2021年中报","PER_NETCASH_OPERATE":2.548986698261,"PER_OI":0.557899091398,"BPS":4.552387230794,"BASIC_EPS":0.08,"DILUTED_EPS":0.08,"OPERATE_INCOME":6134435000,"OPERATE_INCOME_YOY":-21.7638264086,"GROSS_PROFIT":null,"GROSS_PROFIT_YOY":null,"HOLDER_PROFIT":851162000,"HOLDER_PROFIT_YOY":-54.1852747957,"GROSS_PROFIT_RATIO":null,"EPS_TTM":-0.023736495563,"OPERATE_INCOME_QOQ":-11.683173197392,"NET_PROFIT_RATIO":15.3278011748,"ROE_AVG":1.586459263892,"GROSS_PROFIT_QOQ":null,"ROA":0.138297175187,"HOLDER_PROFIT_QOQ":-135.001394707621,"ROE_YEARLY":3.172918527784,"ROIC_YEARLY":0.311762335716,"TOTAL_ASSETS":632313788000,"TOTAL_LIABILITIES":572306444000,"TAX_EBT":25.07347035049,"OCF_SALES":456.890275958585,"TOTAL_PARENT_EQUITY":58056227000,"DEBT_ASSET_RATIO":90.5098789337,"OPERATE_PROFIT":1254928000,"PRETAX_PROFIT":1254928000,"NETCASH_OPERATE":28027637000,"NETCASH_INVEST":-7481586000,"NETCASH_FINANCE":-8792776000,"END_CASH":32253147000,"DIVI_RATIO":null,"DIVIDEND_RATE":null,"CURRENT_RATIO":null,"COMMON_ACS":null,"CURRENTDEBT_DEBT":null,"ISSUED_COMMON_SHARES":10995599553,"HK_COMMON_SHARES":3023570000,"PER_SHARES":1000,"TOTAL_MARKET_CAP":4013393836.845,"HKSK_MARKET_CAP":1103603050,"PE_TTM":3.957159944313,"PB_TTM":0.071968367683,"REPORT_DATE_SQ":"2020-06-30 00:00:00","REPORT_TYPE_SQ":"2020年中报","OPERATE_INCOME_SQ":7840919000,"DPS_HKD":null,"OPERATE_INCOME_QOQ_SQ":2.752618285684,"NET_PROFIT_RATIO_SQ":23.6367191142,"HOLDER_PROFIT_SQ":1857835000,"HOLDER_PROFIT_QOQ_SQ":-8.93139619615,"ROE_AVG_SQ":3.70402521146,"PE_TTM_SQ":3.874278625359,"PB_TTM_SQ":0.04865800435,"ROA_SQ":0.304205069626,"START_DATE":"2021-01-01 00:00:00","FISCAL_YEAR":"12-31","CURRENCY":"HKD","IS_CNY_CODE":0,"DPS_HKD_LY":null,"ORG_TYPE":"银行","PREMIUM_INCOME":null,"PREMIUM_INCOME_YOY":null,"NET_INTEREST_INCOME":5055787000,"NET_INTEREST_INCOME_YOY":-19.974880297574,"FEE_COMMISSION_INCOME":300334000,"FEE_COMMISSION_INCOME_YOY":null,"ACCOUNTS_RECE_TDAYS":null,"INVENTORY_TDAYS":null,"CURRENT_ASSETS_TDAYS":null,"TOTAL_ASSETS_TDAYS":0.009967256901,"PREMIUM_EXPENSE":null,"LOAN_DEPOSIT":57.616632306653,"LOAN_EQUITY":4.745369416783,"LOAN_ASSETS":45.034130269511,"DEPOSIT_EQUITY":8.236110350093,"DEPOSIT_ASSETS":78.16168433765,"EQUITY_MULTIPLIER":10.537273371054,"EQUITY_RATIO":9.857796029356},{"SECUCODE":"06138.HK","SECURITY_CODE":"06138","SECURITY_NAME_ABBR":"哈尔滨银行","ORG_CODE":"10032115","STD_REPORT_DATE":"2020-12-31 00:00:00","REPORT_DATE":"2020-12-31 00:00:00","DATE_TYPE_CODE":"001","REPORT_TYPE":"2020年年报","PER_NETCASH_OPERATE":-0.185225552293,"PER_OI":1.328380497088,"BPS":4.478803248756,"BASIC_EPS":0.07,"DILUTED_EPS":0.07,"OPERATE_INCOME":14606340000,"OPERATE_INCOME_YOY":-3.4253259633,"GROSS_PROFIT":null,"GROSS_PROFIT_YOY":null,"HOLDER_PROFIT":745676000,"HOLDER_PROFIT_YOY":-79.0449035773,"GROSS_PROFIT_RATIO":null,"EPS_TTM":0.067815856371,"OPERATE_INCOME_QOQ":-6.012444599564,"NET_PROFIT_RATIO":5.4485381006,"ROE_AVG":1.505294063724,"GROSS_PROFIT_QOQ":null,"ROA":0.126204685192,"HOLDER_PROFIT_QOQ":-76.98976864978,"ROE_YEARLY":1.505294063724,"ROIC_YEARLY":0.140301384034,"TOTAL_ASSETS":598603617000,"TOTAL_LIABILITIES":547494485000,"TAX_EBT":43.513465939095,"OCF_SALES":-13.943712114055,"TOTAL_PARENT_EQUITY":49247127000,"DEBT_ASSET_RATIO":91.4619406652,"OPERATE_PROFIT":1408888000,"PRETAX_PROFIT":1408888000,"NETCASH_OPERATE":-2036666000,"NETCASH_INVEST":21424170000,"NETCASH_FINANCE":-15219010000,"END_CASH":20522212000,"DIVI_RATIO":null,"DIVIDEND_RATE":null,"CURRENT_RATIO":null,"COMMON_ACS":null,"CURRENTDEBT_DEBT":null,"ISSUED_COMMON_SHARES":10995599553,"HK_COMMON_SHARES":3023570000,"PER_SHARES":1000,"TOTAL_MARKET_CAP":4013393836.845,"HKSK_MARKET_CAP":1103603050,"PE_TTM":3.957159944313,"PB_TTM":0.071968367683,"REPORT_DATE_SQ":"2019-12-31 00:00:00","REPORT_TYPE_SQ":"2019年年报","OPERATE_INCOME_SQ":15124400000,"DPS_HKD":null,"OPERATE_INCOME_QOQ_SQ":-0.577475503783,"NET_PROFIT_RATIO_SQ":24.0345203777,"HOLDER_PROFIT_SQ":3558447000,"HOLDER_PROFIT_QOQ_SQ":-30.478306994082,"ROE_AVG_SQ":7.405611541347,"PE_TTM_SQ":3.874278625359,"PB_TTM_SQ":0.04865800435,"ROA_SQ":0.593728630128,"START_DATE":"2020-01-01 00:00:00","FISCAL_YEAR":"12-31","CURRENCY":"HKD","IS_CNY_CODE":0,"DPS_HKD_LY":0.10934,"ORG_TYPE":"银行","PREMIUM_INCOME":null,"PREMIUM_INCOME_YOY":null,"NET_INTEREST_INCOME":12309178000,"NET_INTEREST_INCOME_YOY":5.249577006964,"FEE_COMMISSION_INCOME":880007000,"FEE_COMMISSION_INCOME_YOY":null,"ACCOUNTS_RECE_TDAYS":null,"INVENTORY_TDAYS":null,"CURRENT_ASSETS_TDAYS":null,"TOTAL_ASSETS_TDAYS":0.024721038916,"PREMIUM_EXPENSE":null,"LOAN_DEPOSIT":57.176496804687,"LOAN_EQUITY":5.328805075383,"LOAN_ASSETS":45.49765391745,"DEPOSIT_EQUITY":9.319922298817,"DEPOSIT_ASSETS":79.574049583466,"EQUITY_MULTIPLIER":11.712263417099,"EQUITY_RATIO":11.117287816607},{"SECUCODE":"06138.HK","SECURITY_CODE":"06138","SECURITY_NAME_ABBR":"哈尔滨银行","ORG_CODE":"10032115","STD_REPORT_DATE":"2020-06-30 00:00:00","REPORT_DATE":"2020-06-30 00:00:00","DATE_TYPE_CODE":"002","REPORT_TYPE":"2020年中报","PER_NETCASH_OPERATE":2.373551153277,"PER_OI":0.713096085594,"BPS":4.591628747177,"BASIC_EPS":0.17,"DILUTED_EPS":0.17,"OPERATE_INCOME":7840919000,"OPERATE_INCOME_YOY":5.6072635274,"GROSS_PROFIT":null,"GROSS_PROFIT_YOY":null,"HOLDER_PROFIT":1857835000,"HOLDER_PROFIT_YOY":-14.607975349,"GROSS_PROFIT_RATIO":null,"EPS_TTM":0.294720445609,"OPERATE_INCOME_QOQ":2.752618285684,"NET_PROFIT_RATIO":23.6367191142,"ROE_AVG":3.70402521146,"GROSS_PROFIT_QOQ":null,"ROA":0.304205069626,"HOLDER_PROFIT_QOQ":-8.93139619615,"ROE_YEARLY":7.408050422919,"ROIC_YEARLY":0.687614474626,"TOTAL_ASSETS":638346485000,"TOTAL_LIABILITIES":586048780000,"TAX_EBT":23.418968983901,"OCF_SALES":332.851519063008,"TOTAL_PARENT_EQUITY":50487711000,"DEBT_ASSET_RATIO":91.8073168367,"OPERATE_PROFIT":2420098000,"PRETAX_PROFIT":2420098000,"NETCASH_OPERATE":26098618000,"NETCASH_INVEST":2864947000,"NETCASH_FINANCE":-4032111000,"END_CASH":41339013000,"DIVI_RATIO":null,"DIVIDEND_RATE":null,"CURRENT_RATIO":null,"COMMON_ACS":null,"CURRENTDEBT_DEBT":null,"ISSUED_COMMON_SHARES":10995599553,"HK_COMMON_SHARES":3023570000,"PER_SHARES":1000,"TOTAL_MARKET_CAP":4013393836.845,"HKSK_MARKET_CAP":1103603050,"PE_TTM":3.957159944313,"PB_TTM":0.071968367683,"REPORT_DATE_SQ":"2019-06-30 00:00:00","REPORT_TYPE_SQ":"2019年中报","OPERATE_INCOME_SQ":7424602000,"DPS_HKD":null,"OPERATE_INCOME_QOQ_SQ":6.190671846833,"NET_PROFIT_RATIO_SQ":29.7512647816,"HOLDER_PROFIT_SQ":2175654000,"HOLDER_PROFIT_QOQ_SQ":-7.752743824525,"ROE_AVG_SQ":4.600045136664,"PE_TTM_SQ":3.874278625359,"PB_TTM_SQ":0.04865800435,"ROA_SQ":0.351188591661,"START_DATE":"2020-01-01 00:00:00","FISCAL_YEAR":"12-31","CURRENCY":"HKD","IS_CNY_CODE":0,"DPS_HKD_LY":0.10934,"ORG_TYPE":"银行","PREMIUM_INCOME":null,"PREMIUM_INCOME_YOY":null,"NET_INTEREST_INCOME":6317750000,"NET_INTEREST_INCOME_YOY":22.065095459146,"FEE_COMMISSION_INCOME":572849000,"FEE_COMMISSION_INCOME_YOY":null,"ACCOUNTS_RECE_TDAYS":null,"INVENTORY_TDAYS":null,"CURRENT_ASSETS_TDAYS":null,"TOTAL_ASSETS_TDAYS":0.012838854421,"PREMIUM_EXPENSE":null,"LOAN_DEPOSIT":54.527535793609,"LOAN_EQUITY":5.24307665126,"LOAN_ASSETS":42.954865804579,"DEPOSIT_EQUITY":9.615465975037,"DEPOSIT_ASSETS":78.776466200797,"EQUITY_MULTIPLIER":12.206013342242,"EQUITY_RATIO":11.607751042625}],"count":30},"success":true,"message":"ok","code":0}