{"version":"39d358b2381a0165c005c6e5fe7d4cb6","result":{"pages":3,"data":[{"SECUCODE":"06158.HK","SECURITY_CODE":"06158","SECURITY_NAME_ABBR":"正荣地产","ORG_CODE":"10726033","STD_REPORT_DATE":"2024-06-30 00:00:00","REPORT_DATE":"2024-06-30 00:00:00","DATE_TYPE_CODE":"002","REPORT_TYPE":"2024年中报","PER_NETCASH_OPERATE":-0.034402791731,"PER_OI":5.645553689354,"BPS":-1.468655758243,"BASIC_EPS":-0.54,"DILUTED_EPS":-0.54,"OPERATE_INCOME":24658401000,"OPERATE_INCOME_YOY":33.2814928755,"GROSS_PROFIT":1314126000,"GROSS_PROFIT_YOY":-1.505605547536,"HOLDER_PROFIT":-2343441000,"HOLDER_PROFIT_YOY":-60.0348145093,"GROSS_PROFIT_RATIO":5.329323665391,"EPS_TTM":-2.14001217101,"OPERATE_INCOME_QOQ":15.879864144195,"NET_PROFIT_RATIO":-10.1724763094,"ROE_AVG":45.487399517823,"GROSS_PROFIT_QOQ":-0.922007137202,"ROA":-1.675662205609,"HOLDER_PROFIT_QOQ":-10.381613383748,"ROE_YEARLY":90.974799035647,"ROIC_YEARLY":-3.68183260365,"TOTAL_ASSETS":126515642000,"TOTAL_LIABILITIES":123449288000,"TAX_EBT":5.186995600615,"OCF_SALES":-0.609378523774,"TOTAL_PARENT_EQUITY":-6414730000,"DEBT_ASSET_RATIO":97.5763044383,"OPERATE_PROFIT":-1085481000,"PRETAX_PROFIT":-2645597000,"NETCASH_OPERATE":-150263000,"NETCASH_INVEST":1153000,"NETCASH_FINANCE":-332246000,"END_CASH":1235843000,"DIVI_RATIO":null,"DIVIDEND_RATE":null,"CURRENT_RATIO":0.938623978961,"COMMON_ACS":5000000000,"CURRENTDEBT_DEBT":93.419288088563,"ISSUED_COMMON_SHARES":4367756000,"HK_COMMON_SHARES":4367756000,"PER_SHARES":1000,"TOTAL_MARKET_CAP":209652288,"HKSK_MARKET_CAP":209652288,"PE_TTM":-0.020307968864,"PB_TTM":-0.029829073119,"REPORT_DATE_SQ":"2023-06-30 00:00:00","REPORT_TYPE_SQ":"2023年中报","OPERATE_INCOME_SQ":18500994000,"DPS_HKD":null,"OPERATE_INCOME_QOQ_SQ":21.752060340419,"NET_PROFIT_RATIO_SQ":-8.5655235605,"HOLDER_PROFIT_SQ":-1464332000,"HOLDER_PROFIT_QOQ_SQ":8.905295515757,"ROE_AVG_SQ":-38.957205209505,"PE_TTM_SQ":-0.026306364509,"PB_TTM_SQ":0.11385927727,"ROA_SQ":-0.790641484448,"START_DATE":"2024-01-01 00:00:00","FISCAL_YEAR":"12-31","CURRENCY":"HKD","IS_CNY_CODE":0,"DPS_HKD_LY":null,"ORG_TYPE":"一般企业","PREMIUM_INCOME":null,"PREMIUM_INCOME_YOY":null,"NET_INTEREST_INCOME":null,"NET_INTEREST_INCOME_YOY":null,"FEE_COMMISSION_INCOME":null,"FEE_COMMISSION_INCOME_YOY":null,"ACCOUNTS_RECE_TDAYS":50.758129855373,"INVENTORY_TDAYS":0.281290239415,"CURRENT_ASSETS_TDAYS":0.203090204662,"TOTAL_ASSETS_TDAYS":0.176318288391,"PREMIUM_EXPENSE":null,"LOAN_DEPOSIT":null,"LOAN_EQUITY":null,"LOAN_ASSETS":null,"DEPOSIT_EQUITY":null,"DEPOSIT_ASSETS":null,"EQUITY_MULTIPLIER":41.259307307498,"EQUITY_RATIO":-19.24465846575},{"SECUCODE":"06158.HK","SECURITY_CODE":"06158","SECURITY_NAME_ABBR":"正荣地产","ORG_CODE":"10726033","STD_REPORT_DATE":"2023-12-31 00:00:00","REPORT_DATE":"2023-12-31 00:00:00","DATE_TYPE_CODE":"001","REPORT_TYPE":"2023年年报","PER_NETCASH_OPERATE":0.500827656124,"PER_OI":8.877541465228,"BPS":-0.890380094492,"BASIC_EPS":-1.94,"DILUTED_EPS":-1.94,"OPERATE_INCOME":38774935000,"OPERATE_INCOME_YOY":49.7363168967,"GROSS_PROFIT":2178725000,"GROSS_PROFIT_YOY":24.545970066322,"HOLDER_PROFIT":-8467942000,"HOLDER_PROFIT_YOY":34.2400267888,"GROSS_PROFIT_RATIO":5.618900457215,"EPS_TTM":-1.938739709819,"OPERATE_INCOME_QOQ":22.984626689729,"NET_PROFIT_RATIO":-24.4631280491,"ROE_AVG":-1946.7182239408,"GROSS_PROFIT_QOQ":21.436024288041,"ROA":-4.871477920135,"HOLDER_PROFIT_QOQ":27.811420451315,"ROE_YEARLY":-1946.7182239408,"ROIC_YEARLY":-5.294024908314,"TOTAL_ASSETS":153187629000,"TOTAL_LIABILITIES":147036100000,"TAX_EBT":-5.345012517378,"OCF_SALES":5.641513003181,"TOTAL_PARENT_EQUITY":-3888963000,"DEBT_ASSET_RATIO":95.9843173759,"OPERATE_PROFIT":-6237514000,"PRETAX_PROFIT":-9004282000,"NETCASH_OPERATE":2187493000,"NETCASH_INVEST":129466000,"NETCASH_FINANCE":-3871144000,"END_CASH":1716960000,"DIVI_RATIO":null,"DIVIDEND_RATE":null,"CURRENT_RATIO":0.965471688343,"COMMON_ACS":5000000000,"CURRENTDEBT_DEBT":94.805258028471,"ISSUED_COMMON_SHARES":4367756000,"HK_COMMON_SHARES":4367756000,"PER_SHARES":1000,"TOTAL_MARKET_CAP":353788236,"HKSK_MARKET_CAP":353788236,"PE_TTM":-0.034269697457,"PB_TTM":-0.050336560889,"REPORT_DATE_SQ":"2022-12-31 00:00:00","REPORT_TYPE_SQ":"2022年年报","OPERATE_INCOME_SQ":25895478000,"DPS_HKD":null,"OPERATE_INCOME_QOQ_SQ":-23.498103765853,"NET_PROFIT_RATIO_SQ":-56.4470097829,"HOLDER_PROFIT_SQ":-12877046000,"HOLDER_PROFIT_QOQ_SQ":-333.832917144509,"ROE_AVG_SQ":-100.938184029241,"PE_TTM_SQ":-0.032714325095,"PB_TTM_SQ":0.141594229425,"ROA_SQ":-5.744733053978,"START_DATE":"2023-01-01 00:00:00","FISCAL_YEAR":"12-31","CURRENCY":"HKD","IS_CNY_CODE":0,"DPS_HKD_LY":null,"ORG_TYPE":"一般企业","PREMIUM_INCOME":null,"PREMIUM_INCOME_YOY":null,"NET_INTEREST_INCOME":null,"NET_INTEREST_INCOME_YOY":null,"FEE_COMMISSION_INCOME":null,"FEE_COMMISSION_INCOME_YOY":null,"ACCOUNTS_RECE_TDAYS":58.654720899873,"INVENTORY_TDAYS":0.336516952471,"CURRENT_ASSETS_TDAYS":0.25170599583,"TOTAL_ASSETS_TDAYS":0.22306628896,"PREMIUM_EXPENSE":null,"LOAN_DEPOSIT":null,"LOAN_EQUITY":null,"LOAN_ASSETS":null,"DEPOSIT_EQUITY":null,"DEPOSIT_ASSETS":null,"EQUITY_MULTIPLIER":24.902366387187,"EQUITY_RATIO":-37.808562333969},{"SECUCODE":"06158.HK","SECURITY_CODE":"06158","SECURITY_NAME_ABBR":"正荣地产","ORG_CODE":"10726033","STD_REPORT_DATE":"2023-06-30 00:00:00","REPORT_DATE":"2023-06-30 00:00:00","DATE_TYPE_CODE":"002","REPORT_TYPE":"2023年中报","PER_NETCASH_OPERATE":0.465306441111,"PER_OI":4.235812165332,"BPS":0.631608084334,"BASIC_EPS":-0.34,"DILUTED_EPS":-0.34,"OPERATE_INCOME":18500994000,"OPERATE_INCOME_YOY":43.7730422777,"GROSS_PROFIT":1334214000,"GROSS_PROFIT_YOY":3.474446531525,"HOLDER_PROFIT":-1464332000,"HOLDER_PROFIT_YOY":43.9183384902,"GROSS_PROFIT_RATIO":7.211580091318,"EPS_TTM":-2.685659867447,"OPERATE_INCOME_QOQ":21.752060340419,"NET_PROFIT_RATIO":-8.5655235605,"ROE_AVG":-38.957205209505,"GROSS_PROFIT_QOQ":2.560974633775,"ROA":-0.790641484448,"HOLDER_PROFIT_QOQ":8.905295515757,"ROE_YEARLY":-77.914410419009,"ROIC_YEARLY":-1.752887077823,"TOTAL_ASSETS":175949890000,"TOTAL_LIABILITIES":160841232000,"TAX_EBT":-34.991839363232,"OCF_SALES":10.985058424428,"TOTAL_PARENT_EQUITY":2758710000,"DEBT_ASSET_RATIO":91.4130903975,"OPERATE_PROFIT":-470771000,"PRETAX_PROFIT":-1173928000,"NETCASH_OPERATE":2020871000,"NETCASH_INVEST":530566000,"NETCASH_FINANCE":-2735372000,"END_CASH":3088484000,"DIVI_RATIO":null,"DIVIDEND_RATE":null,"CURRENT_RATIO":0.993147358154,"COMMON_ACS":5000000000,"CURRENTDEBT_DEBT":97.842984067667,"ISSUED_COMMON_SHARES":4367756000,"HK_COMMON_SHARES":4367756000,"PER_SHARES":1000,"TOTAL_MARKET_CAP":353788236,"HKSK_MARKET_CAP":353788236,"PE_TTM":-0.034269697457,"PB_TTM":-0.050336560889,"REPORT_DATE_SQ":"2022-06-30 00:00:00","REPORT_TYPE_SQ":"2022年中报","OPERATE_INCOME_SQ":12868194000,"DPS_HKD":null,"OPERATE_INCOME_QOQ_SQ":-8.496101141727,"NET_PROFIT_RATIO_SQ":-17.5066679909,"HOLDER_PROFIT_SQ":-2611071000,"HOLDER_PROFIT_QOQ_SQ":-466.89563105296,"ROE_AVG_SQ":-14.232324469206,"PE_TTM_SQ":-0.032714325095,"PB_TTM_SQ":0.141594229425,"ROA_SQ":-1.100187986719,"START_DATE":"2023-01-01 00:00:00","FISCAL_YEAR":"12-31","CURRENCY":"HKD","IS_CNY_CODE":0,"DPS_HKD_LY":null,"ORG_TYPE":"一般企业","PREMIUM_INCOME":null,"PREMIUM_INCOME_YOY":null,"NET_INTEREST_INCOME":null,"NET_INTEREST_INCOME_YOY":null,"FEE_COMMISSION_INCOME":null,"FEE_COMMISSION_INCOME_YOY":null,"ACCOUNTS_RECE_TDAYS":25.01163519313,"INVENTORY_TDAYS":0.146869617121,"CURRENT_ASSETS_TDAYS":0.112193294075,"TOTAL_ASSETS_TDAYS":0.099893011694,"PREMIUM_EXPENSE":null,"LOAN_DEPOSIT":null,"LOAN_EQUITY":null,"LOAN_ASSETS":null,"DEPOSIT_EQUITY":null,"DEPOSIT_ASSETS":null,"EQUITY_MULTIPLIER":11.645633252141,"EQUITY_RATIO":58.303059038464},{"SECUCODE":"06158.HK","SECURITY_CODE":"06158","SECURITY_NAME_ABBR":"正荣地产","ORG_CODE":"10726033","STD_REPORT_DATE":"2022-12-31 00:00:00","REPORT_DATE":"2022-12-31 00:00:00","DATE_TYPE_CODE":"001","REPORT_TYPE":"2022年年报","PER_NETCASH_OPERATE":0.194423635386,"PER_OI":5.928783109679,"BPS":1.089560405847,"BASIC_EPS":-2.95,"DILUTED_EPS":-2.95,"OPERATE_INCOME":25895478000,"OPERATE_INCOME_YOY":-29.9977822452,"GROSS_PROFIT":1749334000,"GROSS_PROFIT_YOY":-67.498936346121,"HOLDER_PROFIT":-12877046000,"HOLDER_PROFIT_YOY":-1691.7140190728,"GROSS_PROFIT_RATIO":6.75536477836,"EPS_TTM":-2.94820635585,"OPERATE_INCOME_QOQ":-23.498103765853,"NET_PROFIT_RATIO":-56.4470097829,"ROE_AVG":-100.938184029241,"GROSS_PROFIT_QOQ":-51.687227205089,"ROA":-5.744733053978,"HOLDER_PROFIT_QOQ":-333.832917144509,"ROE_YEARLY":-100.938184029241,"ROIC_YEARLY":-6.904400033171,"TOTAL_ASSETS":194466292000,"TOTAL_LIABILITIES":176986635000,"TAX_EBT":-13.827923182548,"OCF_SALES":3.279317724894,"TOTAL_PARENT_EQUITY":4758934000,"DEBT_ASSET_RATIO":91.011472055,"OPERATE_PROFIT":-11215751000,"PRETAX_PROFIT":-12841509000,"NETCASH_OPERATE":849195000,"NETCASH_INVEST":2498272000,"NETCASH_FINANCE":-14849646000,"END_CASH":3270111000,"DIVI_RATIO":null,"DIVIDEND_RATE":null,"CURRENT_RATIO":1.018550145479,"COMMON_ACS":5000000000,"CURRENTDEBT_DEBT":96.251445765947,"ISSUED_COMMON_SHARES":4367756000,"HK_COMMON_SHARES":4367756000,"PER_SHARES":1000,"TOTAL_MARKET_CAP":353788236,"HKSK_MARKET_CAP":353788236,"PE_TTM":-0.034269697457,"PB_TTM":-0.050336560889,"REPORT_DATE_SQ":"2021-12-31 00:00:00","REPORT_TYPE_SQ":"2021年年报","OPERATE_INCOME_SQ":36992368000,"DPS_HKD":null,"OPERATE_INCOME_QOQ_SQ":-1.603033741509,"NET_PROFIT_RATIO_SQ":3.2317828369,"HOLDER_PROFIT_SQ":809005000,"HOLDER_PROFIT_QOQ_SQ":-72.492525595564,"ROE_AVG_SQ":3.87540278611,"PE_TTM_SQ":-0.032714325095,"PB_TTM_SQ":0.141594229425,"ROA_SQ":0.340470898265,"START_DATE":"2022-01-01 00:00:00","FISCAL_YEAR":"12-31","CURRENCY":"HKD","IS_CNY_CODE":0,"DPS_HKD_LY":null,"ORG_TYPE":"一般企业","PREMIUM_INCOME":null,"PREMIUM_INCOME_YOY":null,"NET_INTEREST_INCOME":null,"NET_INTEREST_INCOME_YOY":null,"FEE_COMMISSION_INCOME":null,"FEE_COMMISSION_INCOME_YOY":null,"ACCOUNTS_RECE_TDAYS":34.156816398135,"INVENTORY_TDAYS":0.181620728935,"CURRENT_ASSETS_TDAYS":0.129372839281,"TOTAL_ASSETS_TDAYS":0.11552541508,"PREMIUM_EXPENSE":null,"LOAN_DEPOSIT":null,"LOAN_EQUITY":null,"LOAN_ASSETS":null,"DEPOSIT_EQUITY":null,"DEPOSIT_ASSETS":null,"EQUITY_MULTIPLIER":11.125292218247,"EQUITY_RATIO":37.190394949793},{"SECUCODE":"06158.HK","SECURITY_CODE":"06158","SECURITY_NAME_ABBR":"正荣地产","ORG_CODE":"10726033","STD_REPORT_DATE":"2022-06-30 00:00:00","REPORT_DATE":"2022-06-30 00:00:00","DATE_TYPE_CODE":"002","REPORT_TYPE":"2022年中报","PER_NETCASH_OPERATE":0.748912027137,"PER_OI":2.946179685862,"BPS":3.648633302776,"BASIC_EPS":-0.6,"DILUTED_EPS":-0.6,"OPERATE_INCOME":12868194000,"OPERATE_INCOME_YOY":-19.6295595625,"GROSS_PROFIT":1289414000,"GROSS_PROFIT_YOY":-57.737322645522,"HOLDER_PROFIT":-2611071000,"HOLDER_PROFIT_YOY":-323.9075478202,"GROSS_PROFIT_RATIO":10.020162891545,"EPS_TTM":-0.679571844215,"OPERATE_INCOME_QOQ":-8.496101141727,"NET_PROFIT_RATIO":-17.5066679909,"ROE_AVG":-14.232324469206,"GROSS_PROFIT_QOQ":-32.727803076329,"ROA":-1.100187986719,"HOLDER_PROFIT_QOQ":-466.89563105296,"ROE_YEARLY":-28.464648938411,"ROIC_YEARLY":-2.724063705114,"TOTAL_ASSETS":220817458000,"TOTAL_LIABILITIES":187167212000,"TAX_EBT":-19.29684091015,"OCF_SALES":25.41976752915,"TOTAL_PARENT_EQUITY":15936340000,"DEBT_ASSET_RATIO":84.761057253,"OPERATE_PROFIT":-1640336000,"PRETAX_PROFIT":-1888392000,"NETCASH_OPERATE":3271065000,"NETCASH_INVEST":400155000,"NETCASH_FINANCE":-15284582000,"END_CASH":3136802000,"DIVI_RATIO":null,"DIVIDEND_RATE":null,"CURRENT_RATIO":1.284134688699,"COMMON_ACS":5000000000,"CURRENTDEBT_DEBT":81.883262224369,"ISSUED_COMMON_SHARES":4367756000,"HK_COMMON_SHARES":4367756000,"PER_SHARES":1000,"TOTAL_MARKET_CAP":353788236,"HKSK_MARKET_CAP":353788236,"PE_TTM":-0.034269697457,"PB_TTM":-0.050336560889,"REPORT_DATE_SQ":"2021-06-30 00:00:00","REPORT_TYPE_SQ":"2021年中报","OPERATE_INCOME_SQ":16011103000,"DPS_HKD":null,"OPERATE_INCOME_QOQ_SQ":4.066147320846,"NET_PROFIT_RATIO_SQ":9.3913080192,"HOLDER_PROFIT_SQ":1166138000,"HOLDER_PROFIT_QOQ_SQ":10.951378179107,"ROE_AVG_SQ":5.467559442533,"PE_TTM_SQ":-0.032714325095,"PB_TTM_SQ":0.141594229425,"ROA_SQ":0.494407681335,"START_DATE":"2022-01-01 00:00:00","FISCAL_YEAR":"12-31","CURRENCY":"HKD","IS_CNY_CODE":0,"DPS_HKD_LY":null,"ORG_TYPE":"一般企业","PREMIUM_INCOME":null,"PREMIUM_INCOME_YOY":null,"NET_INTEREST_INCOME":null,"NET_INTEREST_INCOME_YOY":null,"FEE_COMMISSION_INCOME":null,"FEE_COMMISSION_INCOME_YOY":null,"ACCOUNTS_RECE_TDAYS":17.199018703049,"INVENTORY_TDAYS":0.084609326913,"CURRENT_ASSETS_TDAYS":0.06075409243,"TOTAL_ASSETS_TDAYS":0.054220786986,"PREMIUM_EXPENSE":null,"LOAN_DEPOSIT":null,"LOAN_EQUITY":null,"LOAN_ASSETS":null,"DEPOSIT_EQUITY":null,"DEPOSIT_ASSETS":null,"EQUITY_MULTIPLIER":6.562135028671,"EQUITY_RATIO":11.744679895133},{"SECUCODE":"06158.HK","SECURITY_CODE":"06158","SECURITY_NAME_ABBR":"正荣地产","ORG_CODE":"10726033","STD_REPORT_DATE":"2021-12-31 00:00:00","REPORT_DATE":"2021-12-31 00:00:00","DATE_TYPE_CODE":"001","REPORT_TYPE":"2021年年报","PER_NETCASH_OPERATE":2.684650653562,"PER_OI":8.469421826677,"BPS":4.431153205445,"BASIC_EPS":0.19,"DILUTED_EPS":0.19,"OPERATE_INCOME":36992368000,"OPERATE_INCOME_YOY":2.3979318658,"GROSS_PROFIT":5382390000,"GROSS_PROFIT_YOY":-22.03819851472,"HOLDER_PROFIT":809005000,"HOLDER_PROFIT_YOY":-69.480078046,"GROSS_PROFIT_RATIO":14.550001232687,"EPS_TTM":0.185222114056,"OPERATE_INCOME_QOQ":-1.603033741509,"NET_PROFIT_RATIO":3.2317828369,"ROE_AVG":3.87540278611,"GROSS_PROFIT_QOQ":-23.115886475162,"ROA":0.340470898265,"HOLDER_PROFIT_QOQ":-72.492525595564,"ROE_YEARLY":3.87540278611,"ROIC_YEARLY":0.454064290453,"TOTAL_ASSETS":253841606000,"TOTAL_LIABILITIES":212899095000,"TAX_EBT":48.611847215291,"OCF_SALES":31.698157306394,"TOTAL_PARENT_EQUITY":20755783000,"DEBT_ASSET_RATIO":83.8708430642,"OPERATE_PROFIT":2700929000,"PRETAX_PROFIT":2326437000,"NETCASH_OPERATE":11725899000,"NETCASH_INVEST":-7512516000,"NETCASH_FINANCE":-24872853000,"END_CASH":14727132000,"DIVI_RATIO":null,"DIVIDEND_RATE":null,"CURRENT_RATIO":1.3222543413,"COMMON_ACS":5000000000,"CURRENTDEBT_DEBT":80.570358929896,"ISSUED_COMMON_SHARES":4367756000,"HK_COMMON_SHARES":4367756000,"PER_SHARES":1000,"TOTAL_MARKET_CAP":353788236,"HKSK_MARKET_CAP":353788236,"PE_TTM":-0.034269697457,"PB_TTM":-0.050336560889,"REPORT_DATE_SQ":"2020-12-31 00:00:00","REPORT_TYPE_SQ":"2020年年报","OPERATE_INCOME_SQ":36126089000,"DPS_HKD":null,"OPERATE_INCOME_QOQ_SQ":7.995733153682,"NET_PROFIT_RATIO_SQ":9.8514234408,"HOLDER_PROFIT_SQ":2650744000,"HOLDER_PROFIT_QOQ_SQ":8.245944162403,"ROE_AVG_SQ":13.652716896812,"PE_TTM_SQ":-0.032714325095,"PB_TTM_SQ":0.141594229425,"ROA_SQ":1.357251423422,"START_DATE":"2021-01-01 00:00:00","FISCAL_YEAR":"12-31","CURRENCY":"HKD","IS_CNY_CODE":0,"DPS_HKD_LY":0.15,"ORG_TYPE":"一般企业","PREMIUM_INCOME":null,"PREMIUM_INCOME_YOY":null,"NET_INTEREST_INCOME":null,"NET_INTEREST_INCOME_YOY":null,"FEE_COMMISSION_INCOME":null,"FEE_COMMISSION_INCOME_YOY":null,"ACCOUNTS_RECE_TDAYS":82.827666117727,"INVENTORY_TDAYS":0.242859886516,"CURRENT_ASSETS_TDAYS":0.173652416004,"TOTAL_ASSETS_TDAYS":0.155682903837,"PREMIUM_EXPENSE":null,"LOAN_DEPOSIT":null,"LOAN_EQUITY":null,"LOAN_ASSETS":null,"DEPOSIT_EQUITY":null,"DEPOSIT_ASSETS":null,"EQUITY_MULTIPLIER":6.199952074249,"EQUITY_RATIO":10.257338641476},{"SECUCODE":"06158.HK","SECURITY_CODE":"06158","SECURITY_NAME_ABBR":"正荣地产","ORG_CODE":"10726033","STD_REPORT_DATE":"2021-06-30 00:00:00","REPORT_DATE":"2021-06-30 00:00:00","DATE_TYPE_CODE":"002","REPORT_TYPE":"2021年中报","PER_NETCASH_OPERATE":0.364841122077,"PER_OI":3.665750330376,"BPS":4.634985791331,"BASIC_EPS":0.27,"DILUTED_EPS":0.27,"OPERATE_INCOME":16011103000,"OPERATE_INCOME_YOY":10.1012483494,"GROSS_PROFIT":3050952000,"GROSS_PROFIT_YOY":3.275765186955,"HOLDER_PROFIT":1166138000,"HOLDER_PROFIT_YOY":33.1443348994,"GROSS_PROFIT_RATIO":19.055226863508,"EPS_TTM":0.673351945484,"OPERATE_INCOME_QOQ":4.066147320846,"NET_PROFIT_RATIO":9.3913080192,"ROE_AVG":5.467559442533,"GROSS_PROFIT_QOQ":1.401704345715,"ROA":0.494407681335,"HOLDER_PROFIT_QOQ":10.951378179107,"ROE_YEARLY":10.935118885067,"ROIC_YEARLY":1.36262238386,"TOTAL_ASSETS":250345843000,"TOTAL_LIABILITIES":203304982000,"TAX_EBT":37.071998928637,"OCF_SALES":9.952699698453,"TOTAL_PARENT_EQUITY":21661645000,"DEBT_ASSET_RATIO":81.2096496446,"OPERATE_PROFIT":2683650000,"PRETAX_PROFIT":2389480000,"NETCASH_OPERATE":1593537000,"NETCASH_INVEST":-3461051000,"NETCASH_FINANCE":1462628000,"END_CASH":34981716000,"DIVI_RATIO":null,"DIVIDEND_RATE":null,"CURRENT_RATIO":1.511682266119,"COMMON_ACS":5000000000,"CURRENTDEBT_DEBT":73.640533806496,"ISSUED_COMMON_SHARES":4367756000,"HK_COMMON_SHARES":4367756000,"PER_SHARES":1000,"TOTAL_MARKET_CAP":353788236,"HKSK_MARKET_CAP":353788236,"PE_TTM":-0.034269697457,"PB_TTM":-0.050336560889,"REPORT_DATE_SQ":"2020-06-30 00:00:00","REPORT_TYPE_SQ":"2020年中报","OPERATE_INCOME_SQ":14542163000,"DPS_HKD":null,"OPERATE_INCOME_QOQ_SQ":2.745111288711,"NET_PROFIT_RATIO_SQ":8.7643564441,"HOLDER_PROFIT_SQ":875845000,"HOLDER_PROFIT_QOQ_SQ":-2.29767336085,"ROE_AVG_SQ":4.857372347598,"PE_TTM_SQ":-0.032714325095,"PB_TTM_SQ":0.141594229425,"ROA_SQ":0.484405737952,"START_DATE":"2021-01-01 00:00:00","FISCAL_YEAR":"12-31","CURRENCY":"HKD","IS_CNY_CODE":0,"DPS_HKD_LY":0.15,"ORG_TYPE":"一般企业","PREMIUM_INCOME":null,"PREMIUM_INCOME_YOY":null,"NET_INTEREST_INCOME":null,"NET_INTEREST_INCOME_YOY":null,"FEE_COMMISSION_INCOME":null,"FEE_COMMISSION_INCOME_YOY":null,"ACCOUNTS_RECE_TDAYS":126.647073712853,"INVENTORY_TDAYS":0.104329486389,"CURRENT_ASSETS_TDAYS":0.075247034953,"TOTAL_ASSETS_TDAYS":0.067882294461,"PREMIUM_EXPENSE":null,"LOAN_DEPOSIT":null,"LOAN_EQUITY":null,"LOAN_ASSETS":null,"DEPOSIT_EQUITY":null,"DEPOSIT_ASSETS":null,"EQUITY_MULTIPLIER":5.321880545525,"EQUITY_RATIO":9.385482127512},{"SECUCODE":"06158.HK","SECURITY_CODE":"06158","SECURITY_NAME_ABBR":"正荣地产","ORG_CODE":"10726033","STD_REPORT_DATE":"2020-12-31 00:00:00","REPORT_DATE":"2020-12-31 00:00:00","DATE_TYPE_CODE":"001","REPORT_TYPE":"2020年年报","PER_NETCASH_OPERATE":-0.690867575936,"PER_OI":8.271086800636,"BPS":4.481996475994,"BASIC_EPS":0.61,"DILUTED_EPS":0.61,"OPERATE_INCOME":36126089000,"OPERATE_INCOME_YOY":10.9603362158,"GROSS_PROFIT":6903881000,"GROSS_PROFIT_YOY":6.248583186734,"HOLDER_PROFIT":2650744000,"HOLDER_PROFIT_YOY":5.7588059392,"GROSS_PROFIT_RATIO":19.110513180655,"EPS_TTM":0.606889212676,"OPERATE_INCOME_QOQ":7.995733153682,"NET_PROFIT_RATIO":9.8514234408,"ROE_AVG":13.652716896812,"GROSS_PROFIT_QOQ":3.377139602273,"ROA":1.357251423422,"HOLDER_PROFIT_QOQ":8.245944162403,"ROE_YEARLY":13.652716896812,"ROIC_YEARLY":1.831688757111,"TOTAL_ASSETS":221385501000,"TOTAL_LIABILITIES":183782547000,"TAX_EBT":38.922395336804,"OCF_SALES":-8.352802873292,"TOTAL_PARENT_EQUITY":20994974000,"DEBT_ASSET_RATIO":83.0147169394,"OPERATE_PROFIT":5913992000,"PRETAX_PROFIT":5826905000,"NETCASH_OPERATE":1895204000,"NETCASH_INVEST":-2002451000,"NETCASH_FINANCE":7681172000,"END_CASH":35477942000,"DIVI_RATIO":null,"DIVIDEND_RATE":null,"CURRENT_RATIO":1.506441099698,"COMMON_ACS":5000000000,"CURRENTDEBT_DEBT":71.964694775941,"ISSUED_COMMON_SHARES":4367756000,"HK_COMMON_SHARES":4367756000,"PER_SHARES":1000,"TOTAL_MARKET_CAP":353788236,"HKSK_MARKET_CAP":353788236,"PE_TTM":-0.034269697457,"PB_TTM":-0.050336560889,"REPORT_DATE_SQ":"2019-12-31 00:00:00","REPORT_TYPE_SQ":"2019年年报","OPERATE_INCOME_SQ":32557660000,"DPS_HKD":null,"OPERATE_INCOME_QOQ_SQ":17.16918621915,"NET_PROFIT_RATIO_SQ":9.5030908241,"HOLDER_PROFIT_SQ":2506405000,"HOLDER_PROFIT_QOQ_SQ":13.217114071526,"ROE_AVG_SQ":14.583471340444,"PE_TTM_SQ":-0.032714325095,"PB_TTM_SQ":0.141594229425,"ROA_SQ":1.613819729414,"START_DATE":"2020-01-01 00:00:00","FISCAL_YEAR":"12-31","CURRENCY":"HKD","IS_CNY_CODE":0,"DPS_HKD_LY":0.1,"ORG_TYPE":"一般企业","PREMIUM_INCOME":null,"PREMIUM_INCOME_YOY":null,"NET_INTEREST_INCOME":null,"NET_INTEREST_INCOME_YOY":null,"FEE_COMMISSION_INCOME":null,"FEE_COMMISSION_INCOME_YOY":null,"ACCOUNTS_RECE_TDAYS":378.050094705889,"INVENTORY_TDAYS":0.286399381526,"CURRENT_ASSETS_TDAYS":0.205988933006,"TOTAL_ASSETS_TDAYS":0.184975183261,"PREMIUM_EXPENSE":null,"LOAN_DEPOSIT":null,"LOAN_EQUITY":null,"LOAN_ASSETS":null,"DEPOSIT_EQUITY":null,"DEPOSIT_ASSETS":null,"EQUITY_MULTIPLIER":5.887449720044,"EQUITY_RATIO":8.753644896155},{"SECUCODE":"06158.HK","SECURITY_CODE":"06158","SECURITY_NAME_ABBR":"正荣地产","ORG_CODE":"10726033","STD_REPORT_DATE":"2020-06-30 00:00:00","REPORT_DATE":"2020-06-30 00:00:00","DATE_TYPE_CODE":"002","REPORT_TYPE":"2020年中报","PER_NETCASH_OPERATE":-0.330141610475,"PER_OI":3.329435756027,"BPS":3.846224926484,"BASIC_EPS":0.2,"DILUTED_EPS":0.2,"OPERATE_INCOME":14542163000,"OPERATE_INCOME_YOY":6.5483335469,"GROSS_PROFIT":2954180000,"GROSS_PROFIT_YOY":6.507100821901,"HOLDER_PROFIT":875845000,"HOLDER_PROFIT_YOY":-6.1695845662,"GROSS_PROFIT_RATIO":20.314584563521,"EPS_TTM":0.560657692417,"OPERATE_INCOME_QOQ":2.745111288711,"NET_PROFIT_RATIO":8.7643564441,"ROE_AVG":4.857372347598,"GROSS_PROFIT_QOQ":2.777638843083,"ROA":0.484405737952,"HOLDER_PROFIT_QOQ":-2.29767336085,"ROE_YEARLY":9.714744695196,"ROIC_YEARLY":1.29069679018,"TOTAL_ASSETS":192397068000,"TOTAL_LIABILITIES":159161437000,"TAX_EBT":46.510924214573,"OCF_SALES":-9.915842643216,"TOTAL_PARENT_EQUITY":18226465000,"DEBT_ASSET_RATIO":82.7255002659,"OPERATE_PROFIT":2323468000,"PRETAX_PROFIT":2382780000,"NETCASH_OPERATE":1028949000,"NETCASH_INVEST":-1927036000,"NETCASH_FINANCE":5910470000,"END_CASH":33581358000,"DIVI_RATIO":null,"DIVIDEND_RATE":null,"CURRENT_RATIO":1.542264346752,"COMMON_ACS":5000000000,"CURRENTDEBT_DEBT":70.38934374537,"ISSUED_COMMON_SHARES":4367756000,"HK_COMMON_SHARES":4367756000,"PER_SHARES":1000,"TOTAL_MARKET_CAP":353788236,"HKSK_MARKET_CAP":353788236,"PE_TTM":-0.034269697457,"PB_TTM":-0.050336560889,"REPORT_DATE_SQ":"2019-06-30 00:00:00","REPORT_TYPE_SQ":"2019年中报","OPERATE_INCOME_SQ":13648419000,"DPS_HKD":null,"OPERATE_INCOME_QOQ_SQ":5.042027956944,"NET_PROFIT_RATIO_SQ":8.640077653,"HOLDER_PROFIT_SQ":933434000,"HOLDER_PROFIT_QOQ_SQ":4.388574899068,"ROE_AVG_SQ":5.339062597371,"PE_TTM_SQ":-0.032714325095,"PB_TTM_SQ":0.141594229425,"ROA_SQ":0.629270983727,"START_DATE":"2020-01-01 00:00:00","FISCAL_YEAR":"12-31","CURRENCY":"HKD","IS_CNY_CODE":0,"DPS_HKD_LY":0.1,"ORG_TYPE":"一般企业","PREMIUM_INCOME":null,"PREMIUM_INCOME_YOY":null,"NET_INTEREST_INCOME":null,"NET_INTEREST_INCOME_YOY":null,"FEE_COMMISSION_INCOME":null,"FEE_COMMISSION_INCOME_YOY":null,"ACCOUNTS_RECE_TDAYS":205.283252987387,"INVENTORY_TDAYS":0.127063311142,"CURRENT_ASSETS_TDAYS":0.089682877358,"TOTAL_ASSETS_TDAYS":0.080428696852,"PREMIUM_EXPENSE":null,"LOAN_DEPOSIT":null,"LOAN_EQUITY":null,"LOAN_ASSETS":null,"DEPOSIT_EQUITY":null,"DEPOSIT_ASSETS":null,"EQUITY_MULTIPLIER":5.788879651467,"EQUITY_RATIO":8.732435883755}],"count":19},"success":true,"message":"ok","code":0}