{"version":"c9b41673ac6b35bfa6434e86a96d8e6b","result":{"pages":3,"data":[{"SECUCODE":"06169.HK","SECURITY_CODE":"06169","SECURITY_NAME_ABBR":"宇华教育","ORG_CODE":"10571357","STD_REPORT_DATE":"2024-06-30 00:00:00","REPORT_DATE":"2024-02-29 00:00:00","DATE_TYPE_CODE":"002","REPORT_TYPE":"2024年中报","PER_NETCASH_OPERATE":0.30275193203,"PER_OI":0.347485641145,"BPS":1.980640734009,"BASIC_EPS":0.05,"DILUTED_EPS":0.05,"OPERATE_INCOME":1253307000,"OPERATE_INCOME_YOY":5.429332122,"GROSS_PROFIT":431432000,"GROSS_PROFIT_YOY":-22.671489332719,"HOLDER_PROFIT":193255000,"HOLDER_PROFIT_YOY":-67.0634291665,"GROSS_PROFIT_RATIO":34.423489216928,"EPS_TTM":0.2055102834,"OPERATE_INCOME_QOQ":0,"NET_PROFIT_RATIO":15.5858061911,"ROE_AVG":2.741706569938,"GROSS_PROFIT_QOQ":0,"ROA":1.599405111178,"HOLDER_PROFIT_QOQ":0,"ROE_YEARLY":5.483413139876,"ROIC_YEARLY":3.797658708182,"TOTAL_ASSETS":12179488000,"TOTAL_LIABILITIES":4993755000,"TAX_EBT":-2.414369825882,"OCF_SALES":87.126458242075,"TOTAL_PARENT_EQUITY":7143751000,"DEBT_ASSET_RATIO":41.0013540799,"OPERATE_PROFIT":205410000,"PRETAX_PROFIT":190733000,"NETCASH_OPERATE":1091962000,"NETCASH_INVEST":-1889200000,"NETCASH_FINANCE":-213838000,"END_CASH":1357840000,"DIVI_RATIO":null,"DIVIDEND_RATE":null,"CURRENT_RATIO":0.340304751306,"COMMON_ACS":50000000000,"CURRENTDEBT_DEBT":83.99889461938,"ISSUED_COMMON_SHARES":3606787883,"HK_COMMON_SHARES":3606787883,"PER_SHARES":2000,"TOTAL_MARKET_CAP":1334511516.71,"HKSK_MARKET_CAP":1334511516.71,"PE_TTM":1.688498480659,"PB_TTM":0.169534077652,"REPORT_DATE_SQ":"2023-06-30 00:00:00","REPORT_TYPE_SQ":"2023年中报","OPERATE_INCOME_SQ":1188765000,"DPS_HKD":null,"OPERATE_INCOME_QOQ_SQ":0,"NET_PROFIT_RATIO_SQ":49.6050943626,"HOLDER_PROFIT_SQ":586749000,"HOLDER_PROFIT_QOQ_SQ":0,"ROE_AVG_SQ":9.636505625479,"PE_TTM_SQ":1.323861072202,"PB_TTM_SQ":0.216032531155,"ROA_SQ":5.285441819099,"START_DATE":"2023-09-01 00:00:00","FISCAL_YEAR":"8-31","CURRENCY":"HKD","IS_CNY_CODE":0,"DPS_HKD_LY":null,"ORG_TYPE":"一般企业","PREMIUM_INCOME":null,"PREMIUM_INCOME_YOY":null,"NET_INTEREST_INCOME":null,"NET_INTEREST_INCOME_YOY":null,"FEE_COMMISSION_INCOME":null,"FEE_COMMISSION_INCOME_YOY":null,"ACCOUNTS_RECE_TDAYS":10.279875490594,"INVENTORY_TDAYS":null,"CURRENT_ASSETS_TDAYS":0.63079482573,"TOTAL_ASSETS_TDAYS":0.103725420904,"PREMIUM_EXPENSE":null,"LOAN_DEPOSIT":null,"LOAN_EQUITY":null,"LOAN_ASSETS":null,"DEPOSIT_EQUITY":null,"DEPOSIT_ASSETS":null,"EQUITY_MULTIPLIER":1.694954154294,"EQUITY_RATIO":0.699038222357},{"SECUCODE":"06169.HK","SECURITY_CODE":"06169","SECURITY_NAME_ABBR":"宇华教育","ORG_CODE":"10571357","STD_REPORT_DATE":"2023-12-31 00:00:00","REPORT_DATE":"2023-08-31 00:00:00","DATE_TYPE_CODE":"001","REPORT_TYPE":"2023年年报","PER_NETCASH_OPERATE":0.116132418536,"PER_OI":0.659943439208,"BPS":1.927940656775,"BASIC_EPS":0.32,"DILUTED_EPS":0.24,"OPERATE_INCOME":2380276000,"OPERATE_INCOME_YOY":-0.0040329831,"GROSS_PROFIT":1147732000,"GROSS_PROFIT_YOY":-19.113536705517,"HOLDER_PROFIT":1134726000,"HOLDER_PROFIT_YOY":0.8013644783,"GROSS_PROFIT_RATIO":48.218441894974,"EPS_TTM":0.314608465152,"OPERATE_INCOME_QOQ":0,"NET_PROFIT_RATIO":47.8979748567,"ROE_AVG":17.810506796741,"GROSS_PROFIT_QOQ":0,"ROA":9.665808104416,"HOLDER_PROFIT_QOQ":0,"ROE_YEARLY":17.810506796741,"ROIC_YEARLY":13.514268976025,"TOTAL_ASSETS":11986372000,"TOTAL_LIABILITIES":4992800000,"TAX_EBT":-0.135697842624,"OCF_SALES":17.597329049236,"TOTAL_PARENT_EQUITY":6953673000,"DEBT_ASSET_RATIO":41.6539716939,"OPERATE_PROFIT":1127706000,"PRETAX_PROFIT":1138559000,"NETCASH_OPERATE":418865000,"NETCASH_INVEST":-2319893000,"NETCASH_FINANCE":-15166000,"END_CASH":2370966000,"DIVI_RATIO":null,"DIVIDEND_RATE":null,"CURRENT_RATIO":0.771675055922,"COMMON_ACS":50000000000,"CURRENTDEBT_DEBT":66.088307162314,"ISSUED_COMMON_SHARES":3606787883,"HK_COMMON_SHARES":3606787883,"PER_SHARES":2000,"TOTAL_MARKET_CAP":1334511516.71,"HKSK_MARKET_CAP":1334511516.71,"PE_TTM":1.688498480659,"PB_TTM":0.169534077652,"REPORT_DATE_SQ":"2022-12-31 00:00:00","REPORT_TYPE_SQ":"2022年年报","OPERATE_INCOME_SQ":2380372000,"DPS_HKD":null,"OPERATE_INCOME_QOQ_SQ":0,"NET_PROFIT_RATIO_SQ":47.6796483911,"HOLDER_PROFIT_SQ":1125705000,"HOLDER_PROFIT_QOQ_SQ":0,"ROE_AVG_SQ":23.585250075976,"PE_TTM_SQ":1.471687675433,"PB_TTM_SQ":0.24689432132,"ROA_SQ":11.03465697166,"START_DATE":"2022-09-01 00:00:00","FISCAL_YEAR":"8-31","CURRENCY":"HKD","IS_CNY_CODE":0,"DPS_HKD_LY":null,"ORG_TYPE":"一般企业","PREMIUM_INCOME":null,"PREMIUM_INCOME_YOY":null,"NET_INTEREST_INCOME":null,"NET_INTEREST_INCOME_YOY":null,"FEE_COMMISSION_INCOME":null,"FEE_COMMISSION_INCOME_YOY":null,"ACCOUNTS_RECE_TDAYS":18.965058143472,"INVENTORY_TDAYS":null,"CURRENT_ASSETS_TDAYS":0.692454603664,"TOTAL_ASSETS_TDAYS":0.202756357496,"PREMIUM_EXPENSE":null,"LOAN_DEPOSIT":null,"LOAN_EQUITY":null,"LOAN_ASSETS":null,"DEPOSIT_EQUITY":null,"DEPOSIT_ASSETS":null,"EQUITY_MULTIPLIER":1.713912718709,"EQUITY_RATIO":0.718009029185},{"SECUCODE":"06169.HK","SECURITY_CODE":"06169","SECURITY_NAME_ABBR":"宇华教育","ORG_CODE":"10571357","STD_REPORT_DATE":"2023-06-30 00:00:00","REPORT_DATE":"2023-02-28 00:00:00","DATE_TYPE_CODE":"002","REPORT_TYPE":"2023年中报","PER_NETCASH_OPERATE":0.090894021573,"PER_OI":0.330718330655,"BPS":1.771408302139,"BASIC_EPS":0.16,"DILUTED_EPS":0.12,"OPERATE_INCOME":1188765000,"OPERATE_INCOME_YOY":-1.2413319853,"GROSS_PROFIT":557921000,"GROSS_PROFIT_YOY":-18.173845068543,"HOLDER_PROFIT":586749000,"HOLDER_PROFIT_YOY":8.1902011871,"GROSS_PROFIT_RATIO":46.932825243004,"EPS_TTM":0.324422460637,"OPERATE_INCOME_QOQ":0,"NET_PROFIT_RATIO":49.6050943626,"ROE_AVG":9.636505625479,"GROSS_PROFIT_QOQ":0,"ROA":5.285441819099,"HOLDER_PROFIT_QOQ":0,"ROE_YEARLY":19.273011250958,"ROIC_YEARLY":15.282078876758,"TOTAL_ASSETS":10709655000,"TOTAL_LIABILITIES":4283101000,"TAX_EBT":-0.804986161896,"OCF_SALES":27.483817238899,"TOTAL_PARENT_EQUITY":6389094000,"DEBT_ASSET_RATIO":39.9928942622,"OPERATE_PROFIT":576105000,"PRETAX_PROFIT":584979000,"NETCASH_OPERATE":326718000,"NETCASH_INVEST":-1051139000,"NETCASH_FINANCE":-986350000,"END_CASH":2531862000,"DIVI_RATIO":null,"DIVIDEND_RATE":null,"CURRENT_RATIO":1.218134506571,"COMMON_ACS":50000000000,"CURRENTDEBT_DEBT":57.800551516296,"ISSUED_COMMON_SHARES":3606787883,"HK_COMMON_SHARES":3606787883,"PER_SHARES":2000,"TOTAL_MARKET_CAP":1334511516.71,"HKSK_MARKET_CAP":1334511516.71,"PE_TTM":1.688498480659,"PB_TTM":0.169534077652,"REPORT_DATE_SQ":"2022-06-30 00:00:00","REPORT_TYPE_SQ":"2022年中报","OPERATE_INCOME_SQ":1203707000,"DPS_HKD":null,"OPERATE_INCOME_QOQ_SQ":0,"NET_PROFIT_RATIO_SQ":45.510992293,"HOLDER_PROFIT_SQ":542331000,"HOLDER_PROFIT_QOQ_SQ":0,"ROE_AVG_SQ":12.106128268292,"PE_TTM_SQ":1.471687675433,"PB_TTM_SQ":0.24689432132,"ROA_SQ":5.611904794919,"START_DATE":"2022-09-01 00:00:00","FISCAL_YEAR":"8-31","CURRENCY":"HKD","IS_CNY_CODE":0,"DPS_HKD_LY":null,"ORG_TYPE":"一般企业","PREMIUM_INCOME":null,"PREMIUM_INCOME_YOY":null,"NET_INTEREST_INCOME":null,"NET_INTEREST_INCOME_YOY":null,"FEE_COMMISSION_INCOME":null,"FEE_COMMISSION_INCOME_YOY":null,"ACCOUNTS_RECE_TDAYS":14.900445597608,"INVENTORY_TDAYS":null,"CURRENT_ASSETS_TDAYS":0.32372394804,"TOTAL_ASSETS_TDAYS":0.107084089518,"PREMIUM_EXPENSE":null,"LOAN_DEPOSIT":null,"LOAN_EQUITY":null,"LOAN_ASSETS":null,"DEPOSIT_EQUITY":null,"DEPOSIT_ASSETS":null,"EQUITY_MULTIPLIER":1.666469308434,"EQUITY_RATIO":0.670376895378},{"SECUCODE":"06169.HK","SECURITY_CODE":"06169","SECURITY_NAME_ABBR":"宇华教育","ORG_CODE":"10571357","STD_REPORT_DATE":"2022-12-31 00:00:00","REPORT_DATE":"2022-08-31 00:00:00","DATE_TYPE_CODE":"001","REPORT_TYPE":"2022年年报","PER_NETCASH_OPERATE":0.607385657462,"PER_OI":0.662227315052,"BPS":1.604900589603,"BASIC_EPS":0.32,"DILUTED_EPS":0.31,"OPERATE_INCOME":2380372000,"OPERATE_INCOME_YOY":5.3922747138,"GROSS_PROFIT":1418942000,"GROSS_PROFIT_YOY":-6.564091487963,"HOLDER_PROFIT":1125705000,"HOLDER_PROFIT_YOY":36.5301815624,"GROSS_PROFIT_RATIO":59.610094556649,"EPS_TTM":0.313174831367,"OPERATE_INCOME_QOQ":0,"NET_PROFIT_RATIO":47.6796483911,"ROE_AVG":23.585250075976,"GROSS_PROFIT_QOQ":0,"ROA":11.03465697166,"HOLDER_PROFIT_QOQ":0,"ROE_YEARLY":23.585250075976,"ROIC_YEARLY":15.584337374417,"TOTAL_ASSETS":11492803000,"TOTAL_LIABILITIES":5669746000,"TAX_EBT":-0.768357247942,"OCF_SALES":91.718605327235,"TOTAL_PARENT_EQUITY":5788536000,"DEBT_ASSET_RATIO":49.3330130169,"OPERATE_PROFIT":1145926000,"PRETAX_PROFIT":1126299000,"NETCASH_OPERATE":2183244000,"NETCASH_INVEST":-294285000,"NETCASH_FINANCE":644308000,"END_CASH":4240783000,"DIVI_RATIO":null,"DIVIDEND_RATE":null,"CURRENT_RATIO":0.949045151564,"COMMON_ACS":50000000000,"CURRENTDEBT_DEBT":80.445191019139,"ISSUED_COMMON_SHARES":3606787883,"HK_COMMON_SHARES":3606787883,"PER_SHARES":2000,"TOTAL_MARKET_CAP":1334511516.71,"HKSK_MARKET_CAP":1334511516.71,"PE_TTM":1.688498480659,"PB_TTM":0.169534077652,"REPORT_DATE_SQ":"2021-12-31 00:00:00","REPORT_TYPE_SQ":"2021年年报","OPERATE_INCOME_SQ":2258583000,"DPS_HKD":null,"OPERATE_INCOME_QOQ_SQ":0,"NET_PROFIT_RATIO_SQ":37.7571247105,"HOLDER_PROFIT_SQ":824510000,"HOLDER_PROFIT_QOQ_SQ":0,"ROE_AVG_SQ":22.321684190578,"PE_TTM_SQ":1.471687675433,"PB_TTM_SQ":0.24689432132,"ROA_SQ":8.851688510229,"START_DATE":"2021-09-01 00:00:00","FISCAL_YEAR":"8-31","CURRENCY":"HKD","IS_CNY_CODE":0,"DPS_HKD_LY":null,"ORG_TYPE":"一般企业","PREMIUM_INCOME":null,"PREMIUM_INCOME_YOY":null,"NET_INTEREST_INCOME":null,"NET_INTEREST_INCOME_YOY":null,"FEE_COMMISSION_INCOME":null,"FEE_COMMISSION_INCOME_YOY":null,"ACCOUNTS_RECE_TDAYS":26.302743676726,"INVENTORY_TDAYS":null,"CURRENT_ASSETS_TDAYS":0.762968599453,"TOTAL_ASSETS_TDAYS":0.23333456354,"PREMIUM_EXPENSE":null,"LOAN_DEPOSIT":null,"LOAN_EQUITY":null,"LOAN_ASSETS":null,"DEPOSIT_EQUITY":null,"DEPOSIT_ASSETS":null,"EQUITY_MULTIPLIER":1.973671732905,"EQUITY_RATIO":0.97947840352},{"SECUCODE":"06169.HK","SECURITY_CODE":"06169","SECURITY_NAME_ABBR":"宇华教育","ORG_CODE":"10571357","STD_REPORT_DATE":"2022-06-30 00:00:00","REPORT_DATE":"2022-02-28 00:00:00","DATE_TYPE_CODE":"002","REPORT_TYPE":"2022年中报","PER_NETCASH_OPERATE":0.275141103574,"PER_OI":0.334875244172,"BPS":1.442365941319,"BASIC_EPS":0.16,"DILUTED_EPS":0.15,"OPERATE_INCOME":1203707000,"OPERATE_INCOME_YOY":4.7904551311,"GROSS_PROFIT":681837000,"GROSS_PROFIT_YOY":-11.673195603849,"HOLDER_PROFIT":542331000,"HOLDER_PROFIT_YOY":-36.1375243312,"GROSS_PROFIT_RATIO":56.64476488049,"EPS_TTM":0.14400469831,"OPERATE_INCOME_QOQ":0,"NET_PROFIT_RATIO":45.510992293,"ROE_AVG":12.106128268292,"GROSS_PROFIT_QOQ":0,"ROA":5.611904794919,"HOLDER_PROFIT_QOQ":0,"ROE_YEARLY":24.212256536584,"ROIC_YEARLY":14.84044491973,"TOTAL_ASSETS":10417598000,"TOTAL_LIABILITIES":5184529000,"TAX_EBT":-0.641526141455,"OCF_SALES":82.162270386398,"TOTAL_PARENT_EQUITY":5202308000,"DEBT_ASSET_RATIO":49.7670288295,"OPERATE_PROFIT":552834000,"PRETAX_PROFIT":544327000,"NETCASH_OPERATE":988993000,"NETCASH_INVEST":-333938000,"NETCASH_FINANCE":704038000,"END_CASH":2998310000,"DIVI_RATIO":null,"DIVIDEND_RATE":null,"CURRENT_RATIO":0.821549610776,"COMMON_ACS":50000000000,"CURRENTDEBT_DEBT":77.514543751226,"ISSUED_COMMON_SHARES":3606787883,"HK_COMMON_SHARES":3606787883,"PER_SHARES":2000,"TOTAL_MARKET_CAP":1334511516.71,"HKSK_MARKET_CAP":1334511516.71,"PE_TTM":1.688498480659,"PB_TTM":0.169534077652,"REPORT_DATE_SQ":"2021-06-30 00:00:00","REPORT_TYPE_SQ":"2021年中报","OPERATE_INCOME_SQ":1148680000,"DPS_HKD":null,"OPERATE_INCOME_QOQ_SQ":0,"NET_PROFIT_RATIO_SQ":64.0208129653,"HOLDER_PROFIT_SQ":849217000,"HOLDER_PROFIT_QOQ_SQ":0,"ROE_AVG_SQ":21.982148533397,"PE_TTM_SQ":1.471687675433,"PB_TTM_SQ":0.24689432132,"ROA_SQ":8.867621086367,"START_DATE":"2021-09-01 00:00:00","FISCAL_YEAR":"8-31","CURRENCY":"HKD","IS_CNY_CODE":0,"DPS_HKD_LY":null,"ORG_TYPE":"一般企业","PREMIUM_INCOME":null,"PREMIUM_INCOME_YOY":null,"NET_INTEREST_INCOME":null,"NET_INTEREST_INCOME_YOY":null,"FEE_COMMISSION_INCOME":null,"FEE_COMMISSION_INCOME_YOY":null,"ACCOUNTS_RECE_TDAYS":11.572436667788,"INVENTORY_TDAYS":null,"CURRENT_ASSETS_TDAYS":0.461832120377,"TOTAL_ASSETS_TDAYS":0.124556573107,"PREMIUM_EXPENSE":null,"LOAN_DEPOSIT":null,"LOAN_EQUITY":null,"LOAN_ASSETS":null,"DEPOSIT_EQUITY":null,"DEPOSIT_ASSETS":null,"EQUITY_MULTIPLIER":1.990724372257,"EQUITY_RATIO":0.996582478392},{"SECUCODE":"06169.HK","SECURITY_CODE":"06169","SECURITY_NAME_ABBR":"宇华教育","ORG_CODE":"10571357","STD_REPORT_DATE":"2021-12-31 00:00:00","REPORT_DATE":"2021-08-31 00:00:00","DATE_TYPE_CODE":"001","REPORT_TYPE":"2021年年报","PER_NETCASH_OPERATE":0.596105977734,"PER_OI":0.673171018629,"BPS":1.041731069828,"BASIC_EPS":0.24,"DILUTED_EPS":0.1,"OPERATE_INCOME":2258583000,"OPERATE_INCOME_YOY":11.1689016119,"GROSS_PROFIT":1518626000,"GROSS_PROFIT_YOY":21.111437202729,"HOLDER_PROFIT":824510000,"HOLDER_PROFIT_YOY":304.4927834849,"GROSS_PROFIT_RATIO":67.237998337896,"EPS_TTM":0.229381392292,"OPERATE_INCOME_QOQ":0,"NET_PROFIT_RATIO":37.7571247105,"ROE_AVG":22.321684190578,"GROSS_PROFIT_QOQ":0,"ROA":8.851688510229,"HOLDER_PROFIT_QOQ":0,"ROE_YEARLY":22.321684190578,"ROIC_YEARLY":11.520413449979,"TOTAL_ASSETS":8910278000,"TOTAL_LIABILITIES":5127702000,"TAX_EBT":-0.507097017345,"OCF_SALES":88.551937210189,"TOTAL_PARENT_EQUITY":3757303000,"DEBT_ASSET_RATIO":57.5481707754,"OPERATE_PROFIT":1761651000,"PRETAX_PROFIT":1708746000,"NETCASH_OPERATE":2000019000,"NETCASH_INVEST":-847971000,"NETCASH_FINANCE":-1667142000,"END_CASH":1655884000,"DIVI_RATIO":null,"DIVIDEND_RATE":null,"CURRENT_RATIO":0.866127176327,"COMMON_ACS":50000000000,"CURRENTDEBT_DEBT":43.0314983203,"ISSUED_COMMON_SHARES":3606787883,"HK_COMMON_SHARES":3606787883,"PER_SHARES":2000,"TOTAL_MARKET_CAP":1334511516.71,"HKSK_MARKET_CAP":1334511516.71,"PE_TTM":1.688498480659,"PB_TTM":0.169534077652,"REPORT_DATE_SQ":"2020-12-31 00:00:00","REPORT_TYPE_SQ":"2020年年报","OPERATE_INCOME_SQ":2031668000,"DPS_HKD":null,"OPERATE_INCOME_QOQ_SQ":0,"NET_PROFIT_RATIO_SQ":13.3292686166,"HOLDER_PROFIT_SQ":203838000,"HOLDER_PROFIT_QOQ_SQ":0,"ROE_AVG_SQ":5.591277039469,"PE_TTM_SQ":1.471687675433,"PB_TTM_SQ":0.24689432132,"ROA_SQ":2.090382444061,"START_DATE":"2020-09-01 00:00:00","FISCAL_YEAR":"8-31","CURRENCY":"HKD","IS_CNY_CODE":0,"DPS_HKD_LY":0.215,"ORG_TYPE":"一般企业","PREMIUM_INCOME":null,"PREMIUM_INCOME_YOY":null,"NET_INTEREST_INCOME":null,"NET_INTEREST_INCOME_YOY":null,"FEE_COMMISSION_INCOME":null,"FEE_COMMISSION_INCOME_YOY":null,"ACCOUNTS_RECE_TDAYS":27.894588636322,"INVENTORY_TDAYS":null,"CURRENT_ASSETS_TDAYS":1.038927411841,"TOTAL_ASSETS_TDAYS":0.242474599344,"PREMIUM_EXPENSE":null,"LOAN_DEPOSIT":null,"LOAN_EQUITY":null,"LOAN_ASSETS":null,"DEPOSIT_EQUITY":null,"DEPOSIT_ASSETS":null,"EQUITY_MULTIPLIER":2.355611096778,"EQUITY_RATIO":1.364729434916},{"SECUCODE":"06169.HK","SECURITY_CODE":"06169","SECURITY_NAME_ABBR":"宇华教育","ORG_CODE":"10571357","STD_REPORT_DATE":"2021-06-30 00:00:00","REPORT_DATE":"2021-02-28 00:00:00","DATE_TYPE_CODE":"002","REPORT_TYPE":"2021年中报","PER_NETCASH_OPERATE":0.336186867229,"PER_OI":0.342364254791,"BPS":1.135692514469,"BASIC_EPS":0.25,"DILUTED_EPS":0.18,"OPERATE_INCOME":1148680000,"OPERATE_INCOME_YOY":8.3375383209,"GROSS_PROFIT":771948000,"GROSS_PROFIT_YOY":5.388845504836,"HOLDER_PROFIT":849217000,"HOLDER_PROFIT_YOY":4827.8535368189,"GROSS_PROFIT_RATIO":62.591660899527,"EPS_TTM":0.308726910128,"OPERATE_INCOME_QOQ":0,"NET_PROFIT_RATIO":64.0208129653,"ROE_AVG":21.982148533397,"GROSS_PROFIT_QOQ":0,"ROA":8.867621086367,"HOLDER_PROFIT_QOQ":0,"ROE_YEARLY":43.964297066793,"ROIC_YEARLY":23.08223165812,"TOTAL_ASSETS":9434047000,"TOTAL_LIABILITIES":5315854000,"TAX_EBT":-0.597908826441,"OCF_SALES":82.60403736374,"TOTAL_PARENT_EQUITY":4096202000,"DEBT_ASSET_RATIO":56.3475462863,"OPERATE_PROFIT":826397000,"PRETAX_PROFIT":796108000,"NETCASH_OPERATE":1127954000,"NETCASH_INVEST":-206431000,"NETCASH_FINANCE":-1295430000,"END_CASH":1780455000,"DIVI_RATIO":null,"DIVIDEND_RATE":null,"CURRENT_RATIO":1.012507259572,"COMMON_ACS":50000000000,"CURRENTDEBT_DEBT":37.541305686725,"ISSUED_COMMON_SHARES":3606787883,"HK_COMMON_SHARES":3606787883,"PER_SHARES":2000,"TOTAL_MARKET_CAP":1334511516.71,"HKSK_MARKET_CAP":1334511516.71,"PE_TTM":1.688498480659,"PB_TTM":0.169534077652,"REPORT_DATE_SQ":"2020-06-30 00:00:00","REPORT_TYPE_SQ":"2020年中报","OPERATE_INCOME_SQ":1260408000,"DPS_HKD":null,"OPERATE_INCOME_QOQ_SQ":0,"NET_PROFIT_RATIO_SQ":6.7431339693,"HOLDER_PROFIT_SQ":17233000,"HOLDER_PROFIT_QOQ_SQ":0,"ROE_AVG_SQ":0.471517425323,"PE_TTM_SQ":1.471687675433,"PB_TTM_SQ":0.24689432132,"ROA_SQ":0.182949718924,"START_DATE":"2020-09-01 00:00:00","FISCAL_YEAR":"8-31","CURRENCY":"HKD","IS_CNY_CODE":0,"DPS_HKD_LY":0.215,"ORG_TYPE":"一般企业","PREMIUM_INCOME":null,"PREMIUM_INCOME_YOY":null,"NET_INTEREST_INCOME":null,"NET_INTEREST_INCOME_YOY":null,"FEE_COMMISSION_INCOME":null,"FEE_COMMISSION_INCOME_YOY":null,"ACCOUNTS_RECE_TDAYS":15.15029214313,"INVENTORY_TDAYS":null,"CURRENT_ASSETS_TDAYS":0.612689379705,"TOTAL_ASSETS_TDAYS":0.142586550379,"PREMIUM_EXPENSE":null,"LOAN_DEPOSIT":null,"LOAN_EQUITY":null,"LOAN_ASSETS":null,"DEPOSIT_EQUITY":null,"DEPOSIT_ASSETS":null,"EQUITY_MULTIPLIER":2.290821969731,"EQUITY_RATIO":1.297751917508},{"SECUCODE":"06169.HK","SECURITY_CODE":"06169","SECURITY_NAME_ABBR":"宇华教育","ORG_CODE":"10571357","STD_REPORT_DATE":"2020-12-31 00:00:00","REPORT_DATE":"2020-08-31 00:00:00","DATE_TYPE_CODE":"001","REPORT_TYPE":"2020年年报","PER_NETCASH_OPERATE":0.302023554853,"PER_OI":0.608349369594,"BPS":1.006497226275,"BASIC_EPS":0.06,"DILUTED_EPS":0.06,"OPERATE_INCOME":2031668000,"OPERATE_INCOME_YOY":40.5291968142,"GROSS_PROFIT":1253908000,"GROSS_PROFIT_YOY":25.404218251353,"HOLDER_PROFIT":203838000,"HOLDER_PROFIT_YOY":-57.9676464827,"GROSS_PROFIT_RATIO":60.954771241396,"EPS_TTM":0.061035916695,"OPERATE_INCOME_QOQ":0,"NET_PROFIT_RATIO":13.3292686166,"ROE_AVG":5.591277039469,"GROSS_PROFIT_QOQ":0,"ROA":2.090382444061,"HOLDER_PROFIT_QOQ":0,"ROE_YEARLY":5.591277039469,"ROIC_YEARLY":2.927295401815,"TOTAL_ASSETS":9719162000,"TOTAL_LIABILITIES":5629750000,"TAX_EBT":-7.020361105964,"OCF_SALES":41.863953461346,"TOTAL_PARENT_EQUITY":3630222000,"DEBT_ASSET_RATIO":57.9242325624,"OPERATE_PROFIT":228544000,"PRETAX_PROFIT":145719000,"NETCASH_OPERATE":987869000,"NETCASH_INVEST":-355219000,"NETCASH_FINANCE":-564135000,"END_CASH":2175197000,"DIVI_RATIO":null,"DIVIDEND_RATE":null,"CURRENT_RATIO":1.18543433283,"COMMON_ACS":50000000000,"CURRENTDEBT_DEBT":36.513184422044,"ISSUED_COMMON_SHARES":3606787883,"HK_COMMON_SHARES":3606787883,"PER_SHARES":2000,"TOTAL_MARKET_CAP":1334511516.71,"HKSK_MARKET_CAP":1334511516.71,"PE_TTM":1.688498480659,"PB_TTM":0.169534077652,"REPORT_DATE_SQ":"2019-12-31 00:00:00","REPORT_TYPE_SQ":"2019年年报","OPERATE_INCOME_SQ":1714485000,"DPS_HKD":null,"OPERATE_INCOME_QOQ_SQ":0,"NET_PROFIT_RATIO_SQ":32.3750280697,"HOLDER_PROFIT_SQ":484955000,"HOLDER_PROFIT_QOQ_SQ":0,"ROE_AVG_SQ":13.590896785357,"PE_TTM_SQ":1.471687675433,"PB_TTM_SQ":0.24689432132,"ROA_SQ":6.09417645522,"START_DATE":"2019-09-01 00:00:00","FISCAL_YEAR":"8-31","CURRENCY":"HKD","IS_CNY_CODE":0,"DPS_HKD_LY":0.155,"ORG_TYPE":"一般企业","PREMIUM_INCOME":null,"PREMIUM_INCOME_YOY":null,"NET_INTEREST_INCOME":null,"NET_INTEREST_INCOME_YOY":null,"FEE_COMMISSION_INCOME":null,"FEE_COMMISSION_INCOME_YOY":null,"ACCOUNTS_RECE_TDAYS":29.350457231187,"INVENTORY_TDAYS":null,"CURRENT_ASSETS_TDAYS":0.914035546957,"TOTAL_ASSETS_TDAYS":0.247081855315,"PREMIUM_EXPENSE":null,"LOAN_DEPOSIT":null,"LOAN_EQUITY":null,"LOAN_ASSETS":null,"DEPOSIT_EQUITY":null,"DEPOSIT_ASSETS":null,"EQUITY_MULTIPLIER":2.376664909281,"EQUITY_RATIO":1.550800474461},{"SECUCODE":"06169.HK","SECURITY_CODE":"06169","SECURITY_NAME_ABBR":"宇华教育","ORG_CODE":"10571357","STD_REPORT_DATE":"2020-06-30 00:00:00","REPORT_DATE":"2020-02-29 00:00:00","DATE_TYPE_CODE":"002","REPORT_TYPE":"2020年中报","PER_NETCASH_OPERATE":0.148252498134,"PER_OI":0.377408322734,"BPS":1.011572656434,"BASIC_EPS":0.01,"DILUTED_EPS":0.01,"OPERATE_INCOME":1260408000,"OPERATE_INCOME_YOY":57.3517533423,"GROSS_PROFIT":732476000,"GROSS_PROFIT_YOY":60.429461289786,"HOLDER_PROFIT":17233000,"HOLDER_PROFIT_YOY":-94.7840588878,"GROSS_PROFIT_RATIO":58.114197942254,"EPS_TTM":0.051441769348,"OPERATE_INCOME_QOQ":0,"NET_PROFIT_RATIO":6.7431339693,"ROE_AVG":0.471517425323,"GROSS_PROFIT_QOQ":0,"ROA":0.182949718924,"HOLDER_PROFIT_QOQ":0,"ROE_YEARLY":0.943034850646,"ROIC_YEARLY":0.500603022863,"TOTAL_ASSETS":9055758000,"TOTAL_LIABILITIES":4856961000,"TAX_EBT":-5.495010178243,"OCF_SALES":39.281724647892,"TOTAL_PARENT_EQUITY":3648528000,"DEBT_ASSET_RATIO":53.6339531158,"OPERATE_PROFIT":130392000,"PRETAX_PROFIT":80564000,"NETCASH_OPERATE":495110000,"NETCASH_INVEST":-39271000,"NETCASH_FINANCE":-992473000,"END_CASH":1577633000,"DIVI_RATIO":null,"DIVIDEND_RATE":null,"CURRENT_RATIO":0.855613354729,"COMMON_ACS":50000000000,"CURRENTDEBT_DEBT":46.189376443418,"ISSUED_COMMON_SHARES":3606787883,"HK_COMMON_SHARES":3606787883,"PER_SHARES":2000,"TOTAL_MARKET_CAP":1334511516.71,"HKSK_MARKET_CAP":1334511516.71,"PE_TTM":1.688498480659,"PB_TTM":0.169534077652,"REPORT_DATE_SQ":"2019-06-30 00:00:00","REPORT_TYPE_SQ":"2019年中报","OPERATE_INCOME_SQ":801013000,"DPS_HKD":null,"OPERATE_INCOME_QOQ_SQ":0,"NET_PROFIT_RATIO_SQ":45.4324711334,"HOLDER_PROFIT_SQ":330391000,"HOLDER_PROFIT_QOQ_SQ":0,"ROE_AVG_SQ":9.302653637341,"PE_TTM_SQ":1.471687675433,"PB_TTM_SQ":0.24689432132,"ROA_SQ":4.880479647225,"START_DATE":"2019-09-01 00:00:00","FISCAL_YEAR":"8-31","CURRENCY":"HKD","IS_CNY_CODE":0,"DPS_HKD_LY":0.155,"ORG_TYPE":"一般企业","PREMIUM_INCOME":null,"PREMIUM_INCOME_YOY":null,"NET_INTEREST_INCOME":null,"NET_INTEREST_INCOME_YOY":null,"FEE_COMMISSION_INCOME":null,"FEE_COMMISSION_INCOME_YOY":null,"ACCOUNTS_RECE_TDAYS":19.455394423049,"INVENTORY_TDAYS":null,"CURRENT_ASSETS_TDAYS":0.530184328744,"TOTAL_ASSETS_TDAYS":0.133807978489,"PREMIUM_EXPENSE":null,"LOAN_DEPOSIT":null,"LOAN_EQUITY":null,"LOAN_ASSETS":null,"DEPOSIT_EQUITY":null,"DEPOSIT_ASSETS":null,"EQUITY_MULTIPLIER":2.15675061214,"EQUITY_RATIO":1.331211107603}],"count":21},"success":true,"message":"ok","code":0}