{"version":"173a99fb4fbb59cb5c9ebb3891e77aa4","result":{"pages":3,"data":[{"SECUCODE":"06163.HK","SECURITY_CODE":"06163","SECURITY_NAME_ABBR":"彭顺国际","ORG_CODE":"10550843","STD_REPORT_DATE":"2024-12-31 00:00:00","REPORT_DATE":"2024-10-31 00:00:00","DATE_TYPE_CODE":"001","REPORT_TYPE":"2024年年报","PER_NETCASH_OPERATE":-0.04141255311,"PER_OI":0.650695803695,"BPS":0.396466379434,"BASIC_EPS":-0.0292125,"DILUTED_EPS":-0.0292125,"OPERATE_INCOME":163561500,"OPERATE_INCOME_YOY":60.9253417455,"GROSS_PROFIT":29960625,"GROSS_PROFIT_YOY":91.030197157095,"HOLDER_PROFIT":-7317375,"HOLDER_PROFIT_YOY":63.1503408683,"GROSS_PROFIT_RATIO":18.317651158739,"EPS_TTM":-0.029110672173,"OPERATE_INCOME_QOQ":19.479285996173,"NET_PROFIT_RATIO":-4.4912005576,"ROE_AVG":-7.405537929045,"GROSS_PROFIT_QOQ":19.397052045464,"ROA":-2.968422573885,"HOLDER_PROFIT_QOQ":55.852436442637,"ROE_YEARLY":-7.405537929045,"ROIC_YEARLY":-3.007056481129,"TOTAL_ASSETS":249681375,"TOTAL_LIABILITIES":150230625,"TAX_EBT":-100.583657587549,"OCF_SALES":-6.364349189754,"TOTAL_PARENT_EQUITY":99657375,"DEBT_ASSET_RATIO":60.1689353081,"OPERATE_PROFIT":1702875,"PRETAX_PROFIT":-3662250,"NETCASH_OPERATE":-10409625,"NETCASH_INVEST":27374250,"NETCASH_FINANCE":-8386125,"END_CASH":-11891625,"DIVI_RATIO":null,"DIVIDEND_RATE":null,"CURRENT_RATIO":1.330950338385,"COMMON_ACS":2000000000,"CURRENTDEBT_DEBT":99.511501067109,"ISSUED_COMMON_SHARES":251364000,"HK_COMMON_SHARES":251364000,"PER_SHARES":2000,"TOTAL_MARKET_CAP":50272800,"HKSK_MARKET_CAP":50272800,"PE_TTM":-6.298239999256,"PB_TTM":0.462450309519,"REPORT_DATE_SQ":"2023-12-31 00:00:00","REPORT_TYPE_SQ":"2023年年报","OPERATE_INCOME_SQ":102392743.5,"DPS_HKD":null,"OPERATE_INCOME_QOQ_SQ":-22.276441004565,"NET_PROFIT_RATIO_SQ":-19.5373291272,"HOLDER_PROFIT_SQ":-20004807.3,"HOLDER_PROFIT_QOQ_SQ":-124.535307610891,"ROE_AVG_SQ":-18.629056515491,"PE_TTM_SQ":-5.672660063657,"PB_TTM_SQ":0.51430351566,"ROA_SQ":-8.003216218933,"START_DATE":"2023-11-01 00:00:00","FISCAL_YEAR":"10-31","CURRENCY":"HKD","IS_CNY_CODE":0,"DPS_HKD_LY":null,"ORG_TYPE":"一般企业","PREMIUM_INCOME":null,"PREMIUM_INCOME_YOY":null,"NET_INTEREST_INCOME":null,"NET_INTEREST_INCOME_YOY":null,"FEE_COMMISSION_INCOME":null,"FEE_COMMISSION_INCOME_YOY":null,"ACCOUNTS_RECE_TDAYS":5.217865666553,"INVENTORY_TDAYS":1.392108096069,"CURRENT_ASSETS_TDAYS":0.830745847356,"TOTAL_ASSETS_TDAYS":0.663516150011,"PREMIUM_EXPENSE":null,"LOAN_DEPOSIT":null,"LOAN_EQUITY":null,"LOAN_ASSETS":null,"DEPOSIT_EQUITY":null,"DEPOSIT_ASSETS":null,"EQUITY_MULTIPLIER":2.510603238289,"EQUITY_RATIO":1.507471223279},{"SECUCODE":"06163.HK","SECURITY_CODE":"06163","SECURITY_NAME_ABBR":"彭顺国际","ORG_CODE":"10550843","STD_REPORT_DATE":"2024-06-30 00:00:00","REPORT_DATE":"2024-04-30 00:00:00","DATE_TYPE_CODE":"002","REPORT_TYPE":"2024年中报","PER_NETCASH_OPERATE":-0.010629878582,"PER_OI":0.249151914753,"BPS":0.409844015452,"BASIC_EPS":0.02060827,"DILUTED_EPS":0.0142126,"OPERATE_INCOME":62627821.9,"OPERATE_INCOME_YOY":116.9620876416,"GROSS_PROFIT":16458190.8,"GROSS_PROFIT_YOY":133.494822825195,"HOLDER_PROFIT":5230236.8,"HOLDER_PROFIT_YOY":183.0769230769,"GROSS_PROFIT_RATIO":26.27936003631,"EPS_TTM":-0.065939476218,"OPERATE_INCOME_QOQ":33.696268622786,"NET_PROFIT_RATIO":8.3399523431,"ROE_AVG":5.211357360334,"GROSS_PROFIT_QOQ":59.995740166478,"ROA":2.208684692255,"HOLDER_PROFIT_QOQ":17.145862734704,"ROE_YEARLY":10.422714720668,"ROIC_YEARLY":4.511877394636,"TOTAL_ASSETS":230912112.2,"TOTAL_LIABILITIES":128076844.9,"TAX_EBT":23.596673596674,"OCF_SALES":-4.266424600023,"TOTAL_PARENT_EQUITY":103020031.1,"DEBT_ASSET_RATIO":55.465624423,"OPERATE_PROFIT":10034095.6,"PRETAX_PROFIT":6836260.6,"NETCASH_OPERATE":-2671968.8,"NETCASH_INVEST":31758054.7,"NETCASH_FINANCE":-16607423.1,"END_CASH":-6630177.9,"DIVI_RATIO":null,"DIVIDEND_RATE":null,"CURRENT_RATIO":1.439104527482,"COMMON_ACS":2000000000,"CURRENTDEBT_DEBT":99.633801253953,"ISSUED_COMMON_SHARES":251364000,"HK_COMMON_SHARES":251364000,"PER_SHARES":2000,"TOTAL_MARKET_CAP":50272800,"HKSK_MARKET_CAP":50272800,"PE_TTM":-6.298239999256,"PB_TTM":0.462450309519,"REPORT_DATE_SQ":"2023-06-30 00:00:00","REPORT_TYPE_SQ":"2023年中报","OPERATE_INCOME_SQ":28125288,"DPS_HKD":null,"OPERATE_INCOME_QOQ_SQ":-33.186570707111,"NET_PROFIT_RATIO_SQ":6.4007877893,"HOLDER_PROFIT_SQ":1800240,"HOLDER_PROFIT_QOQ_SQ":9.846011318485,"ROE_AVG_SQ":1.549648349028,"PE_TTM_SQ":-5.543735971301,"PB_TTM_SQ":0.396034384503,"ROA_SQ":0.725011502586,"START_DATE":"2023-11-01 00:00:00","FISCAL_YEAR":"10-31","CURRENCY":"HKD","IS_CNY_CODE":0,"DPS_HKD_LY":null,"ORG_TYPE":"一般企业","PREMIUM_INCOME":null,"PREMIUM_INCOME_YOY":null,"NET_INTEREST_INCOME":null,"NET_INTEREST_INCOME_YOY":null,"FEE_COMMISSION_INCOME":null,"FEE_COMMISSION_INCOME_YOY":null,"ACCOUNTS_RECE_TDAYS":2.471743093535,"INVENTORY_TDAYS":0.526541859146,"CURRENT_ASSETS_TDAYS":0.331427926742,"TOTAL_ASSETS_TDAYS":0.264471986316,"PREMIUM_EXPENSE":null,"LOAN_DEPOSIT":null,"LOAN_EQUITY":null,"LOAN_ASSETS":null,"DEPOSIT_EQUITY":null,"DEPOSIT_ASSETS":null,"EQUITY_MULTIPLIER":2.245456430103,"EQUITY_RATIO":1.243222735738},{"SECUCODE":"06163.HK","SECURITY_CODE":"06163","SECURITY_NAME_ABBR":"彭顺国际","ORG_CODE":"10550843","STD_REPORT_DATE":"2023-12-31 00:00:00","REPORT_DATE":"2023-10-31 00:00:00","DATE_TYPE_CODE":"001","REPORT_TYPE":"2023年年报","PER_NETCASH_OPERATE":0.040463567973,"PER_OI":0.407348480689,"BPS":0.392613688118,"BASIC_EPS":-0.07967469,"DILUTED_EPS":-0.07967469,"OPERATE_INCOME":102392743.5,"OPERATE_INCOME_YOY":-48.0781830094,"GROSS_PROFIT":15683711.5,"GROSS_PROFIT_YOY":-55.555523722554,"HOLDER_PROFIT":-20004807.3,"HOLDER_PROFIT_YOY":-102.3965141612,"GROSS_PROFIT_RATIO":15.317209954434,"EPS_TTM":-0.079585013367,"OPERATE_INCOME_QOQ":-22.276441004565,"NET_PROFIT_RATIO":-19.5373291272,"ROE_AVG":-18.629056515491,"GROSS_PROFIT_QOQ":-23.24086222281,"ROA":-8.003216218933,"HOLDER_PROFIT_QOQ":-124.535307610891,"ROE_YEARLY":-18.629056515491,"ROIC_YEARLY":-8.178416843959,"TOTAL_ASSETS":245139640.8,"TOTAL_LIABILITIES":146450693.7,"TAX_EBT":3.363384188627,"OCF_SALES":9.933403434981,"TOTAL_PARENT_EQUITY":98688947.1,"DEBT_ASSET_RATIO":59.7417427969,"OPERATE_PROFIT":-13767212.2,"PRETAX_PROFIT":-20701063.6,"NETCASH_OPERATE":10171084.3,"NETCASH_INVEST":5749497.9,"NETCASH_FINANCE":-24706331.8,"END_CASH":-19208060.4,"DIVI_RATIO":null,"DIVIDEND_RATE":null,"CURRENT_RATIO":1.345273827683,"COMMON_ACS":2000000000,"CURRENTDEBT_DEBT":99.607900798902,"ISSUED_COMMON_SHARES":251364000,"HK_COMMON_SHARES":251364000,"PER_SHARES":2000,"TOTAL_MARKET_CAP":50272800,"HKSK_MARKET_CAP":50272800,"PE_TTM":-6.298239999256,"PB_TTM":0.462450309519,"REPORT_DATE_SQ":"2022-12-31 00:00:00","REPORT_TYPE_SQ":"2022年年报","OPERATE_INCOME_SQ":197175403.2,"DPS_HKD":null,"OPERATE_INCOME_QOQ_SQ":5.073355352241,"NET_PROFIT_RATIO_SQ":-5.0120113562,"HOLDER_PROFIT_SQ":-9882453.6,"HOLDER_PROFIT_QOQ_SQ":-244.683166242097,"ROE_AVG_SQ":-7.786699841665,"PE_TTM_SQ":-5.646875245186,"PB_TTM_SQ":0.511965772407,"ROA_SQ":-3.826594414339,"START_DATE":"2022-11-01 00:00:00","FISCAL_YEAR":"10-31","CURRENCY":"HKD","IS_CNY_CODE":0,"DPS_HKD_LY":null,"ORG_TYPE":"一般企业","PREMIUM_INCOME":null,"PREMIUM_INCOME_YOY":null,"NET_INTEREST_INCOME":null,"NET_INTEREST_INCOME_YOY":null,"FEE_COMMISSION_INCOME":null,"FEE_COMMISSION_INCOME_YOY":null,"ACCOUNTS_RECE_TDAYS":4.617999352541,"INVENTORY_TDAYS":0.921961457737,"CURRENT_ASSETS_TDAYS":0.549203049203,"TOTAL_ASSETS_TDAYS":0.409637170302,"PREMIUM_EXPENSE":null,"LOAN_DEPOSIT":null,"LOAN_EQUITY":null,"LOAN_ASSETS":null,"DEPOSIT_EQUITY":null,"DEPOSIT_ASSETS":null,"EQUITY_MULTIPLIER":2.483962469997,"EQUITY_RATIO":1.483962469998},{"SECUCODE":"06163.HK","SECURITY_CODE":"06163","SECURITY_NAME_ABBR":"彭顺国际","ORG_CODE":"10550843","STD_REPORT_DATE":"2023-06-30 00:00:00","REPORT_DATE":"2023-04-30 00:00:00","DATE_TYPE_CODE":"002","REPORT_TYPE":"2023年中报","PER_NETCASH_OPERATE":0.042640760013,"PER_OI":0.111890676469,"BPS":0.478854633122,"BASIC_EPS":0.006924,"DILUTED_EPS":-0.0214644,"OPERATE_INCOME":28125288,"OPERATE_INCOME_YOY":-71.2689206394,"GROSS_PROFIT":7048632,"GROSS_PROFIT_YOY":-67.821205668018,"HOLDER_PROFIT":1800240,"HOLDER_PROFIT_YOY":108,"GROSS_PROFIT_RATIO":25.061546036435,"EPS_TTM":-0.035444320189,"OPERATE_INCOME_QOQ":-33.186570707111,"NET_PROFIT_RATIO":6.4007877893,"ROE_AVG":1.549648349028,"GROSS_PROFIT_QOQ":-42.098781246793,"ROA":0.725011502586,"HOLDER_PROFIT_QOQ":9.846011318485,"ROE_YEARLY":3.099296698057,"ROIC_YEARLY":1.489203276247,"TOTAL_ASSETS":250842672,"TOTAL_LIABILITIES":130475856,"TAX_EBT":53.488372093023,"OCF_SALES":38.109305760709,"TOTAL_PARENT_EQUITY":120366816,"DEBT_ASSET_RATIO":52.0150160097,"OPERATE_PROFIT":7353288,"PRETAX_PROFIT":3870516,"NETCASH_OPERATE":10718352,"NETCASH_INVEST":1336332,"NETCASH_FINANCE":-16389108,"END_CASH":-15952896,"DIVI_RATIO":null,"DIVIDEND_RATE":null,"CURRENT_RATIO":1.62157611863,"COMMON_ACS":2000000000,"CURRENTDEBT_DEBT":81.951814901295,"ISSUED_COMMON_SHARES":251364000,"HK_COMMON_SHARES":251364000,"PER_SHARES":2000,"TOTAL_MARKET_CAP":50272800,"HKSK_MARKET_CAP":50272800,"PE_TTM":-6.298239999256,"PB_TTM":0.462450309519,"REPORT_DATE_SQ":"2022-06-30 00:00:00","REPORT_TYPE_SQ":"2022年中报","OPERATE_INCOME_SQ":93561042.6,"DPS_HKD":null,"OPERATE_INCOME_QOQ_SQ":-12.417565836337,"NET_PROFIT_RATIO_SQ":0.8841420286,"HOLDER_PROFIT_SQ":827212.5,"HOLDER_PROFIT_QOQ_SQ":29.709306423883,"ROE_AVG_SQ":0.655651717808,"PE_TTM_SQ":-5.543735971301,"PB_TTM_SQ":0.396034384503,"ROA_SQ":0.310547433015,"START_DATE":"2022-11-01 00:00:00","FISCAL_YEAR":"10-31","CURRENCY":"HKD","IS_CNY_CODE":0,"DPS_HKD_LY":null,"ORG_TYPE":"一般企业","PREMIUM_INCOME":null,"PREMIUM_INCOME_YOY":null,"NET_INTEREST_INCOME":null,"NET_INTEREST_INCOME_YOY":null,"FEE_COMMISSION_INCOME":null,"FEE_COMMISSION_INCOME_YOY":null,"ACCOUNTS_RECE_TDAYS":1.02835443038,"INVENTORY_TDAYS":0.204000938243,"CURRENT_ASSETS_TDAYS":0.163625377644,"TOTAL_ASSETS_TDAYS":0.11326910475,"PREMIUM_EXPENSE":null,"LOAN_DEPOSIT":null,"LOAN_EQUITY":null,"LOAN_ASSETS":null,"DEPOSIT_EQUITY":null,"DEPOSIT_ASSETS":null,"EQUITY_MULTIPLIER":2.083985273814,"EQUITY_RATIO":1.083985273815},{"SECUCODE":"06163.HK","SECURITY_CODE":"06163","SECURITY_NAME_ABBR":"彭顺国际","ORG_CODE":"10550843","STD_REPORT_DATE":"2022-12-31 00:00:00","REPORT_DATE":"2022-10-31 00:00:00","DATE_TYPE_CODE":"001","REPORT_TYPE":"2022年年报","PER_NETCASH_OPERATE":-0.06435490842,"PER_OI":0.784421807419,"BPS":0.461733619771,"BASIC_EPS":-0.0394724,"DILUTED_EPS":-0.0394724,"OPERATE_INCOME":197175403.2,"OPERATE_INCOME_YOY":-18.0541056462,"GROSS_PROFIT":35288325.6,"GROSS_PROFIT_YOY":1.972756724442,"HOLDER_PROFIT":-9882453.6,"HOLDER_PROFIT_YOY":-267.1116504854,"GROSS_PROFIT_RATIO":17.896920725049,"EPS_TTM":-0.039315310068,"OPERATE_INCOME_QOQ":5.073355352241,"NET_PROFIT_RATIO":-5.0120113562,"ROE_AVG":-7.786699841665,"GROSS_PROFIT_QOQ":-3.543710110107,"ROA":-3.826594414339,"HOLDER_PROFIT_QOQ":-244.683166242097,"ROE_YEARLY":-7.786699841665,"ROIC_YEARLY":-3.973395276363,"TOTAL_ASSETS":254740516,"TOTAL_LIABILITIES":138677306.4,"TAX_EBT":-10.958904109589,"OCF_SALES":-8.204120259154,"TOTAL_PARENT_EQUITY":116063209.6,"DEBT_ASSET_RATIO":54.4386533315,"OPERATE_PROFIT":-2203277.6,"PRETAX_PROFIT":-8906408.8,"NETCASH_OPERATE":-16176507.2,"NETCASH_INVEST":-33020456.8,"NETCASH_FINANCE":44833469.6,"END_CASH":-11131216.8,"DIVI_RATIO":null,"DIVIDEND_RATE":null,"CURRENT_RATIO":1.52532077109,"COMMON_ACS":2000000000,"CURRENTDEBT_DEBT":83.491176318377,"ISSUED_COMMON_SHARES":251364000,"HK_COMMON_SHARES":251364000,"PER_SHARES":2000,"TOTAL_MARKET_CAP":50272800,"HKSK_MARKET_CAP":50272800,"PE_TTM":-6.298239999256,"PB_TTM":0.462450309519,"REPORT_DATE_SQ":"2021-12-31 00:00:00","REPORT_TYPE_SQ":"2021年年报","OPERATE_INCOME_SQ":214260998.9,"DPS_HKD":null,"OPERATE_INCOME_QOQ_SQ":0.707047554719,"NET_PROFIT_RATIO_SQ":2.4577206431,"HOLDER_PROFIT_SQ":5265936.8,"HOLDER_PROFIT_QOQ_SQ":4942.07859455879,"ROE_AVG_SQ":4.213109724921,"PE_TTM_SQ":-5.543735971301,"PB_TTM_SQ":0.396034384503,"ROA_SQ":2.044918724407,"START_DATE":"2021-11-01 00:00:00","FISCAL_YEAR":"10-31","CURRENCY":"HKD","IS_CNY_CODE":0,"DPS_HKD_LY":0.015,"ORG_TYPE":"一般企业","PREMIUM_INCOME":null,"PREMIUM_INCOME_YOY":null,"NET_INTEREST_INCOME":null,"NET_INTEREST_INCOME_YOY":null,"FEE_COMMISSION_INCOME":null,"FEE_COMMISSION_INCOME_YOY":null,"ACCOUNTS_RECE_TDAYS":4.563787375415,"INVENTORY_TDAYS":1.527372448116,"CURRENT_ASSETS_TDAYS":1.036363636364,"TOTAL_ASSETS_TDAYS":0.763484785327,"PREMIUM_EXPENSE":null,"LOAN_DEPOSIT":null,"LOAN_EQUITY":null,"LOAN_ASSETS":null,"DEPOSIT_EQUITY":null,"DEPOSIT_ASSETS":null,"EQUITY_MULTIPLIER":2.194842938414,"EQUITY_RATIO":1.194842938412},{"SECUCODE":"06163.HK","SECURITY_CODE":"06163","SECURITY_NAME_ABBR":"彭顺国际","ORG_CODE":"10550843","STD_REPORT_DATE":"2022-06-30 00:00:00","REPORT_DATE":"2022-04-30 00:00:00","DATE_TYPE_CODE":"002","REPORT_TYPE":"2022年中报","PER_NETCASH_OPERATE":-0.046019873968,"PER_OI":0.37221337423,"BPS":0.498478428892,"BASIC_EPS":0.00330885,"DILUTED_EPS":0.00198531,"OPERATE_INCOME":93561042.6,"OPERATE_INCOME_YOY":-23.911522523,"GROSS_PROFIT":21904587,"GROSS_PROFIT_YOY":9.932746690422,"HOLDER_PROFIT":827212.5,"HOLDER_PROFIT_YOY":209.649122807,"GROSS_PROFIT_RATIO":23.412080916679,"EPS_TTM":0.027173382425,"OPERATE_INCOME_QOQ":-12.417565836337,"NET_PROFIT_RATIO":0.8841420286,"ROE_AVG":0.655651717808,"GROSS_PROFIT_QOQ":5.719136451181,"ROA":0.310547433015,"HOLDER_PROFIT_QOQ":29.709306423883,"ROE_YEARLY":1.311303435615,"ROIC_YEARLY":0.658596662232,"TOTAL_ASSETS":291364095.6,"TOTAL_LIABILITIES":166064563.8,"TAX_EBT":22.360248447205,"OCF_SALES":-12.363842127599,"TOTAL_PARENT_EQUITY":125299531.8,"DEBT_ASSET_RATIO":56.9955482875,"OPERATE_PROFIT":2752963.2,"PRETAX_PROFIT":1065449.7,"NETCASH_OPERATE":-11567739.6,"NETCASH_INVEST":-1568394.9,"NETCASH_FINANCE":32195110.5,"END_CASH":7875063,"DIVI_RATIO":null,"DIVIDEND_RATE":null,"CURRENT_RATIO":1.643644910504,"COMMON_ACS":2000000000,"CURRENTDEBT_DEBT":88.164501474456,"ISSUED_COMMON_SHARES":251364000,"HK_COMMON_SHARES":251364000,"PER_SHARES":2000,"TOTAL_MARKET_CAP":50272800,"HKSK_MARKET_CAP":50272800,"PE_TTM":-6.298239999256,"PB_TTM":0.462450309519,"REPORT_DATE_SQ":"2021-06-30 00:00:00","REPORT_TYPE_SQ":"2021年中报","OPERATE_INCOME_SQ":120167043.2,"DPS_HKD":null,"OPERATE_INCOME_QOQ_SQ":1.583061291252,"NET_PROFIT_RATIO_SQ":-0.6135299499,"HOLDER_PROFIT_SQ":-737260.8,"HOLDER_PROFIT_QOQ_SQ":-96.274762674392,"ROE_AVG_SQ":-0.593827321266,"PE_TTM_SQ":-5.543735971301,"PB_TTM_SQ":0.396034384503,"ROA_SQ":-0.262796943257,"START_DATE":"2021-11-01 00:00:00","FISCAL_YEAR":"10-31","CURRENCY":"HKD","IS_CNY_CODE":0,"DPS_HKD_LY":0.015,"ORG_TYPE":"一般企业","PREMIUM_INCOME":null,"PREMIUM_INCOME_YOY":null,"NET_INTEREST_INCOME":null,"NET_INTEREST_INCOME_YOY":null,"FEE_COMMISSION_INCOME":null,"FEE_COMMISSION_INCOME_YOY":null,"ACCOUNTS_RECE_TDAYS":1.301781685926,"INVENTORY_TDAYS":0.652800385844,"CURRENT_ASSETS_TDAYS":0.436519698654,"TOTAL_ASSETS_TDAYS":0.351241568637,"PREMIUM_EXPENSE":null,"LOAN_DEPOSIT":null,"LOAN_EQUITY":null,"LOAN_ASSETS":null,"DEPOSIT_EQUITY":null,"DEPOSIT_ASSETS":null,"EQUITY_MULTIPLIER":2.325340657022,"EQUITY_RATIO":1.325340657019},{"SECUCODE":"06163.HK","SECURITY_CODE":"06163","SECURITY_NAME_ABBR":"彭顺国际","ORG_CODE":"10550843","STD_REPORT_DATE":"2021-12-31 00:00:00","REPORT_DATE":"2021-10-31 00:00:00","DATE_TYPE_CODE":"001","REPORT_TYPE":"2021年年报","PER_NETCASH_OPERATE":0.120027110883,"PER_OI":0.85239333755,"BPS":0.488040758422,"BASIC_EPS":0.02108931,"DILUTED_EPS":0.02108931,"OPERATE_INCOME":214260998.9,"OPERATE_INCOME_YOY":7.6239085773,"GROSS_PROFIT":34605640.5,"GROSS_PROFIT_YOY":-9.507773605145,"HOLDER_PROFIT":5265936.8,"HOLDER_PROFIT_YOY":97.6019184652,"GROSS_PROFIT_RATIO":16.151161750231,"EPS_TTM":0.020949447017,"OPERATE_INCOME_QOQ":0.707047554719,"NET_PROFIT_RATIO":2.4577206431,"ROE_AVG":4.213109724921,"GROSS_PROFIT_QOQ":5.53822933496,"ROA":2.044918724407,"HOLDER_PROFIT_QOQ":4942.07859455879,"ROE_YEARLY":4.213109724921,"ROIC_YEARLY":2.133747653266,"TOTAL_ASSETS":233100782.5,"TOTAL_LIABILITIES":110424905.3,"TAX_EBT":38.09166040571,"OCF_SALES":14.081188296,"TOTAL_PARENT_EQUITY":122675877.2,"DEBT_ASSET_RATIO":47.372172721,"OPERATE_PROFIT":11643855.4,"PRETAX_PROFIT":8506021.7,"NETCASH_OPERATE":30170494.7,"NETCASH_INVEST":-4122001.5,"NETCASH_FINANCE":-32292207.1,"END_CASH":-10487138.7,"DIVI_RATIO":null,"DIVIDEND_RATE":null,"CURRENT_RATIO":1.650612908848,"COMMON_ACS":2000000000,"CURRENTDEBT_DEBT":99.61803345101,"ISSUED_COMMON_SHARES":251364000,"HK_COMMON_SHARES":251364000,"PER_SHARES":2000,"TOTAL_MARKET_CAP":50272800,"HKSK_MARKET_CAP":50272800,"PE_TTM":-6.298239999256,"PB_TTM":0.462450309519,"REPORT_DATE_SQ":"2020-12-31 00:00:00","REPORT_TYPE_SQ":"2020年年报","OPERATE_INCOME_SQ":209441126.4,"DPS_HKD":null,"OPERATE_INCOME_QOQ_SQ":-36.008535154254,"NET_PROFIT_RATIO_SQ":1.3385978428,"HOLDER_PROFIT_SQ":2803574.4,"HOLDER_PROFIT_QOQ_SQ":-85.67259538373,"ROE_AVG_SQ":2.11085801063,"PE_TTM_SQ":-5.543735971301,"PB_TTM_SQ":0.396034384503,"ROA_SQ":0.917350463075,"START_DATE":"2020-11-01 00:00:00","FISCAL_YEAR":"10-31","CURRENCY":"HKD","IS_CNY_CODE":0,"DPS_HKD_LY":0.04,"ORG_TYPE":"一般企业","PREMIUM_INCOME":null,"PREMIUM_INCOME_YOY":null,"NET_INTEREST_INCOME":null,"NET_INTEREST_INCOME_YOY":null,"FEE_COMMISSION_INCOME":null,"FEE_COMMISSION_INCOME_YOY":null,"ACCOUNTS_RECE_TDAYS":3.174153846154,"INVENTORY_TDAYS":1.626522405763,"CURRENT_ASSETS_TDAYS":1.041372883988,"TOTAL_ASSETS_TDAYS":0.832038714481,"PREMIUM_EXPENSE":null,"LOAN_DEPOSIT":null,"LOAN_EQUITY":null,"LOAN_ASSETS":null,"DEPOSIT_EQUITY":null,"DEPOSIT_ASSETS":null,"EQUITY_MULTIPLIER":1.900135444883,"EQUITY_RATIO":0.900135444884},{"SECUCODE":"06163.HK","SECURITY_CODE":"06163","SECURITY_NAME_ABBR":"彭顺国际","ORG_CODE":"10550843","STD_REPORT_DATE":"2021-06-30 00:00:00","REPORT_DATE":"2021-04-30 00:00:00","DATE_TYPE_CODE":"002","REPORT_TYPE":"2021年中报","PER_NETCASH_OPERATE":0.034501818876,"PER_OI":0.478059878105,"BPS":0.47533266498,"BASIC_EPS":-0.0032336,"DILUTED_EPS":-0.0032336,"OPERATE_INCOME":120167043.2,"OPERATE_INCOME_YOY":12.2176591376,"GROSS_PROFIT":19925443.2,"GROSS_PROFIT_YOY":-21.483300474349,"HOLDER_PROFIT":-737260.8,"HOLDER_PROFIT_YOY":-141.0071942446,"GROSS_PROFIT_RATIO":16.581454173618,"EPS_TTM":0.000415492274,"OPERATE_INCOME_QOQ":1.583061291252,"NET_PROFIT_RATIO":-0.6135299499,"ROE_AVG":-0.593827321266,"GROSS_PROFIT_QOQ":-14.25644814672,"ROA":-0.262796943257,"HOLDER_PROFIT_QOQ":-96.274762674392,"ROE_YEARLY":-1.187654642532,"ROIC_YEARLY":-0.539791896019,"TOTAL_ASSETS":275787276.8,"TOTAL_LIABILITIES":156305756.8,"TAX_EBT":-6.542056074766,"OCF_SALES":7.217049674399,"TOTAL_PARENT_EQUITY":119481520,"DEBT_ASSET_RATIO":56.6762029828,"OPERATE_PROFIT":1383980.8,"PRETAX_PROFIT":-691990.4,"NETCASH_OPERATE":8672515.2,"NETCASH_INVEST":-316892.8,"NETCASH_FINANCE":-20656236.8,"END_CASH":-16620704,"DIVI_RATIO":null,"DIVIDEND_RATE":null,"CURRENT_RATIO":1.428072944793,"COMMON_ACS":2000000000,"CURRENTDEBT_DEBT":99.602796971327,"ISSUED_COMMON_SHARES":251364000,"HK_COMMON_SHARES":251364000,"PER_SHARES":2000,"TOTAL_MARKET_CAP":50272800,"HKSK_MARKET_CAP":50272800,"PE_TTM":-6.298239999256,"PB_TTM":0.462450309519,"REPORT_DATE_SQ":"2020-06-30 00:00:00","REPORT_TYPE_SQ":"2020年中报","OPERATE_INCOME_SQ":116851461.8,"DPS_HKD":null,"OPERATE_INCOME_QOQ_SQ":-26.534268418911,"NET_PROFIT_RATIO_SQ":1.6789467327,"HOLDER_PROFIT_SQ":1961873.8,"HOLDER_PROFIT_QOQ_SQ":-25.039388872545,"ROE_AVG_SQ":1.435987499677,"PE_TTM_SQ":-5.543735971301,"PB_TTM_SQ":0.396034384503,"ROA_SQ":0.660560050374,"START_DATE":"2020-11-01 00:00:00","FISCAL_YEAR":"10-31","CURRENCY":"HKD","IS_CNY_CODE":0,"DPS_HKD_LY":0.04,"ORG_TYPE":"一般企业","PREMIUM_INCOME":null,"PREMIUM_INCOME_YOY":null,"NET_INTEREST_INCOME":null,"NET_INTEREST_INCOME_YOY":null,"FEE_COMMISSION_INCOME":null,"FEE_COMMISSION_INCOME_YOY":null,"ACCOUNTS_RECE_TDAYS":1.50392553622,"INVENTORY_TDAYS":0.843835914745,"CURRENT_ASSETS_TDAYS":0.528199442834,"TOTAL_ASSETS_TDAYS":0.428335965145,"PREMIUM_EXPENSE":null,"LOAN_DEPOSIT":null,"LOAN_EQUITY":null,"LOAN_ASSETS":null,"DEPOSIT_EQUITY":null,"DEPOSIT_ASSETS":null,"EQUITY_MULTIPLIER":2.308200270634,"EQUITY_RATIO":1.308200270636},{"SECUCODE":"06163.HK","SECURITY_CODE":"06163","SECURITY_NAME_ABBR":"彭顺国际","ORG_CODE":"10550843","STD_REPORT_DATE":"2020-12-31 00:00:00","REPORT_DATE":"2020-10-31 00:00:00","DATE_TYPE_CODE":"001","REPORT_TYPE":"2020年年报","PER_NETCASH_OPERATE":-0.070584987508,"PER_OI":0.833218465651,"BPS":0.532797632119,"BASIC_EPS":0.01142944,"DILUTED_EPS":0.01142944,"OPERATE_INCOME":209441126.4,"OPERATE_INCOME_YOY":-50.6799867011,"GROSS_PROFIT":38241561.6,"GROSS_PROFIT_YOY":-57.662055940626,"HOLDER_PROFIT":2803574.4,"HOLDER_PROFIT_YOY":-88.7327749257,"GROSS_PROFIT_RATIO":18.258859784284,"EPS_TTM":0.011153444407,"OPERATE_INCOME_QOQ":-36.008535154254,"NET_PROFIT_RATIO":1.3385978428,"ROE_AVG":2.11085801063,"GROSS_PROFIT_QOQ":-43.552523749217,"ROA":0.917350463075,"HOLDER_PROFIT_QOQ":-85.67259538373,"ROE_YEARLY":2.11085801063,"ROIC_YEARLY":0.979390523164,"TOTAL_ASSETS":296593968,"TOTAL_LIABILITIES":162667824,"TAX_EBT":39.389534883721,"OCF_SALES":-8.471366204417,"TOTAL_PARENT_EQUITY":133926144,"DEBT_ASSET_RATIO":54.8452907174,"OPERATE_PROFIT":7529984,"PRETAX_PROFIT":4625561.6,"NETCASH_OPERATE":-17742524.8,"NETCASH_INVEST":208419.2,"NETCASH_FINANCE":-437008,"END_CASH":-4249062.4,"DIVI_RATIO":null,"DIVIDEND_RATE":null,"CURRENT_RATIO":1.489957344598,"COMMON_ACS":2000000000,"CURRENTDEBT_DEBT":99.801611903286,"ISSUED_COMMON_SHARES":251364000,"HK_COMMON_SHARES":251364000,"PER_SHARES":2000,"TOTAL_MARKET_CAP":50272800,"HKSK_MARKET_CAP":50272800,"PE_TTM":-6.298239999256,"PB_TTM":0.462450309519,"REPORT_DATE_SQ":"2019-12-31 00:00:00","REPORT_TYPE_SQ":"2019年年报","OPERATE_INCOME_SQ":445507587.9,"DPS_HKD":null,"OPERATE_INCOME_QOQ_SQ":-17.992328775977,"NET_PROFIT_RATIO_SQ":5.8594430284,"HOLDER_PROFIT_SQ":26104263.3,"HOLDER_PROFIT_QOQ_SQ":100.975447097916,"ROE_AVG_SQ":20.285565512894,"PE_TTM_SQ":-5.543735971301,"PB_TTM_SQ":0.396034384503,"ROA_SQ":7.894203594092,"START_DATE":"2019-11-01 00:00:00","FISCAL_YEAR":"10-31","CURRENCY":"HKD","IS_CNY_CODE":0,"DPS_HKD_LY":0.05,"ORG_TYPE":"一般企业","PREMIUM_INCOME":null,"PREMIUM_INCOME_YOY":null,"NET_INTEREST_INCOME":null,"NET_INTEREST_INCOME_YOY":null,"FEE_COMMISSION_INCOME":null,"FEE_COMMISSION_INCOME_YOY":null,"ACCOUNTS_RECE_TDAYS":2.493157262905,"INVENTORY_TDAYS":1.364776503377,"CURRENT_ASSETS_TDAYS":0.834804979031,"TOTAL_ASSETS_TDAYS":0.685306993422,"PREMIUM_EXPENSE":null,"LOAN_DEPOSIT":null,"LOAN_EQUITY":null,"LOAN_ASSETS":null,"DEPOSIT_EQUITY":null,"DEPOSIT_ASSETS":null,"EQUITY_MULTIPLIER":2.214608433733,"EQUITY_RATIO":1.214608433735}],"count":22},"success":true,"message":"ok","code":0}