{"version":"079ef5c852277a1f345a6eca912562b8","result":{"pages":2,"data":[{"SECUCODE":"06162.HK","SECURITY_CODE":"06162","SECURITY_NAME_ABBR":"天瑞汽车内饰","ORG_CODE":"10937540","STD_REPORT_DATE":"2024-06-30 00:00:00","REPORT_DATE":"2024-06-30 00:00:00","DATE_TYPE_CODE":"002","REPORT_TYPE":"2024年中报","PER_NETCASH_OPERATE":-0.0121375,"PER_OI":0.0492305,"BPS":0.120919,"BASIC_EPS":-0.0018,"DILUTED_EPS":-0.0018,"OPERATE_INCOME":98461000,"OPERATE_INCOME_YOY":-15.2323639306,"GROSS_PROFIT":15796000,"GROSS_PROFIT_YOY":-33.501726025091,"HOLDER_PROFIT":-3676000,"HOLDER_PROFIT_YOY":-24.3572395129,"GROSS_PROFIT_RATIO":16.042900234611,"EPS_TTM":0.001513,"OPERATE_INCOME_QOQ":-7.197162301237,"NET_PROFIT_RATIO":-3.7334579173,"ROE_AVG":-1.508771065744,"GROSS_PROFIT_QOQ":-16.889152995607,"ROA":-0.709369035926,"HOLDER_PROFIT_QOQ":-19.22050186866,"ROE_YEARLY":-3.017542131488,"ROIC_YEARLY":-1.663310784824,"TOTAL_ASSETS":507481000,"TOTAL_LIABILITIES":265643000,"TAX_EBT":26.110552763819,"OCF_SALES":-24.654431703923,"TOTAL_PARENT_EQUITY":241838000,"DEBT_ASSET_RATIO":52.3454080054,"OPERATE_PROFIT":-1609000,"PRETAX_PROFIT":-4975000,"NETCASH_OPERATE":-24275000,"NETCASH_INVEST":-1808000,"NETCASH_FINANCE":8935000,"END_CASH":50328000,"DIVI_RATIO":null,"DIVIDEND_RATE":null,"CURRENT_RATIO":1.321056712225,"COMMON_ACS":10000000000,"CURRENTDEBT_DEBT":92.736868654548,"ISSUED_COMMON_SHARES":2000000000,"HK_COMMON_SHARES":2000000000,"PER_SHARES":8000,"TOTAL_MARKET_CAP":142000000,"HKSK_MARKET_CAP":142000000,"PE_TTM":42.873118043537,"PB_TTM":0.535898245933,"REPORT_DATE_SQ":"2023-06-30 00:00:00","REPORT_TYPE_SQ":"2023年中报","OPERATE_INCOME_SQ":116154000,"DPS_HKD":null,"OPERATE_INCOME_QOQ_SQ":21.38176201347,"NET_PROFIT_RATIO_SQ":-2.5448972915,"HOLDER_PROFIT_SQ":-2956000,"HOLDER_PROFIT_QOQ_SQ":30.522875816993,"ROE_AVG_SQ":-1.230418304762,"PE_TTM_SQ":-8.272050257296,"PB_TTM_SQ":0.625147056977,"ROA_SQ":-0.580849836759,"START_DATE":"2024-01-01 00:00:00","FISCAL_YEAR":"12-31","CURRENCY":"HKD","IS_CNY_CODE":0,"DPS_HKD_LY":null,"ORG_TYPE":"一般企业","PREMIUM_INCOME":null,"PREMIUM_INCOME_YOY":null,"NET_INTEREST_INCOME":null,"NET_INTEREST_INCOME_YOY":null,"FEE_COMMISSION_INCOME":null,"FEE_COMMISSION_INCOME_YOY":null,"ACCOUNTS_RECE_TDAYS":0.571611858242,"INVENTORY_TDAYS":1.344594539643,"CURRENT_ASSETS_TDAYS":0.293377908683,"TOTAL_ASSETS_TDAYS":0.19000322265,"PREMIUM_EXPENSE":null,"LOAN_DEPOSIT":null,"LOAN_EQUITY":null,"LOAN_ASSETS":null,"DEPOSIT_EQUITY":null,"DEPOSIT_ASSETS":null,"EQUITY_MULTIPLIER":2.098433662203,"EQUITY_RATIO":1.098433662204},{"SECUCODE":"06162.HK","SECURITY_CODE":"06162","SECURITY_NAME_ABBR":"天瑞汽车内饰","ORG_CODE":"10937540","STD_REPORT_DATE":"2023-12-31 00:00:00","REPORT_DATE":"2023-12-31 00:00:00","DATE_TYPE_CODE":"001","REPORT_TYPE":"2023年年报","PER_NETCASH_OPERATE":0.0236495,"PER_OI":0.1229165,"BPS":0.122723,"BASIC_EPS":0.0019,"DILUTED_EPS":0.0019,"OPERATE_INCOME":245833000,"OPERATE_INCOME_YOY":39.6032800663,"GROSS_PROFIT":47119000,"GROSS_PROFIT_YOY":271.747534516765,"HOLDER_PROFIT":3746000,"HOLDER_PROFIT_YOY":114.4021530181,"GROSS_PROFIT_RATIO":19.167076836714,"EPS_TTM":0.001873,"OPERATE_INCOME_QOQ":15.011742909809,"NET_PROFIT_RATIO":1.5237986763,"ROE_AVG":1.538360451077,"GROSS_PROFIT_QOQ":87.322095889322,"ROA":0.715590844793,"HOLDER_PROFIT_QOQ":120.729345359969,"ROE_YEARLY":1.538360451077,"ROIC_YEARLY":0.883622901071,"TOTAL_ASSETS":528933000,"TOTAL_LIABILITIES":283487000,"TAX_EBT":-12.967430639325,"OCF_SALES":19.240297274979,"TOTAL_PARENT_EQUITY":245446000,"DEBT_ASSET_RATIO":53.5960131056,"OPERATE_PROFIT":12667000,"PRETAX_PROFIT":3316000,"NETCASH_OPERATE":47299000,"NETCASH_INVEST":-19752000,"NETCASH_FINANCE":-38568000,"END_CASH":67475000,"DIVI_RATIO":null,"DIVIDEND_RATE":null,"CURRENT_RATIO":1.3052761116,"COMMON_ACS":10000000000,"CURRENTDEBT_DEBT":93.447318571928,"ISSUED_COMMON_SHARES":2000000000,"HK_COMMON_SHARES":2000000000,"PER_SHARES":8000,"TOTAL_MARKET_CAP":146000000,"HKSK_MARKET_CAP":146000000,"PE_TTM":44.080811509552,"PB_TTM":0.550993971171,"REPORT_DATE_SQ":"2022-12-31 00:00:00","REPORT_TYPE_SQ":"2022年年报","OPERATE_INCOME_SQ":176094000,"DPS_HKD":null,"OPERATE_INCOME_QOQ_SQ":11.949293697313,"NET_PROFIT_RATIO_SQ":-14.7705202903,"HOLDER_PROFIT_SQ":-26010000,"HOLDER_PROFIT_QOQ_SQ":4.930735772506,"ROE_AVG_SQ":-10.23536217284,"PE_TTM_SQ":-7.965678025545,"PB_TTM_SQ":0.601993462274,"ROA_SQ":-4.770945109369,"START_DATE":"2023-01-01 00:00:00","FISCAL_YEAR":"12-31","CURRENCY":"HKD","IS_CNY_CODE":0,"DPS_HKD_LY":null,"ORG_TYPE":"一般企业","PREMIUM_INCOME":null,"PREMIUM_INCOME_YOY":null,"NET_INTEREST_INCOME":null,"NET_INTEREST_INCOME_YOY":null,"FEE_COMMISSION_INCOME":null,"FEE_COMMISSION_INCOME_YOY":null,"ACCOUNTS_RECE_TDAYS":1.68180061229,"INVENTORY_TDAYS":3.492337434095,"CURRENT_ASSETS_TDAYS":0.754254384014,"TOTAL_ASSETS_TDAYS":0.469609834885,"PREMIUM_EXPENSE":null,"LOAN_DEPOSIT":null,"LOAN_EQUITY":null,"LOAN_ASSETS":null,"DEPOSIT_EQUITY":null,"DEPOSIT_ASSETS":null,"EQUITY_MULTIPLIER":2.154987247703,"EQUITY_RATIO":1.154987247704},{"SECUCODE":"06162.HK","SECURITY_CODE":"06162","SECURITY_NAME_ABBR":"天瑞汽车内饰","ORG_CODE":"10937540","STD_REPORT_DATE":"2023-06-30 00:00:00","REPORT_DATE":"2023-06-30 00:00:00","DATE_TYPE_CODE":"002","REPORT_TYPE":"2023年中报","PER_NETCASH_OPERATE":-0.01337,"PER_OI":0.058077,"BPS":0.1194605,"BASIC_EPS":-0.0015,"DILUTED_EPS":-0.0015,"OPERATE_INCOME":116154000,"OPERATE_INCOME_YOY":47.9631092201,"GROSS_PROFIT":23754000,"GROSS_PROFIT_YOY":110.678492239468,"HOLDER_PROFIT":-2956000,"HOLDER_PROFIT_YOY":72.8682882056,"GROSS_PROFIT_RATIO":20.450436489488,"EPS_TTM":-0.0090355,"OPERATE_INCOME_QOQ":21.38176201347,"NET_PROFIT_RATIO":-2.5448972915,"ROE_AVG":-1.230418304762,"GROSS_PROFIT_QOQ":98.453648915187,"ROA":-0.580849836759,"HOLDER_PROFIT_QOQ":30.522875816993,"ROE_YEARLY":-2.460836609523,"ROIC_YEARLY":-1.367717517287,"TOTAL_ASSETS":499785000,"TOTAL_LIABILITIES":260864000,"TAX_EBT":12.492599171107,"OCF_SALES":-23.021161561375,"TOTAL_PARENT_EQUITY":238921000,"DEBT_ASSET_RATIO":52.1952439549,"OPERATE_PROFIT":1279000,"PRETAX_PROFIT":-3378000,"NETCASH_OPERATE":-26740000,"NETCASH_INVEST":-6925000,"NETCASH_FINANCE":-9063000,"END_CASH":35768000,"DIVI_RATIO":null,"DIVIDEND_RATE":null,"CURRENT_RATIO":1.243446907789,"COMMON_ACS":10000000000,"CURRENTDEBT_DEBT":92.177916462218,"ISSUED_COMMON_SHARES":2000000000,"HK_COMMON_SHARES":2000000000,"PER_SHARES":8000,"TOTAL_MARKET_CAP":146000000,"HKSK_MARKET_CAP":146000000,"PE_TTM":44.080811509552,"PB_TTM":0.550993971171,"REPORT_DATE_SQ":"2022-06-30 00:00:00","REPORT_TYPE_SQ":"2022年中报","OPERATE_INCOME_SQ":78502000,"DPS_HKD":null,"OPERATE_INCOME_QOQ_SQ":-46.818538353348,"NET_PROFIT_RATIO_SQ":-13.8786272961,"HOLDER_PROFIT_SQ":-10895000,"HOLDER_PROFIT_QOQ_SQ":-473.297857825078,"ROE_AVG_SQ":-4.167152738865,"PE_TTM_SQ":-7.965678025545,"PB_TTM_SQ":0.601993462274,"ROA_SQ":-2.028879172284,"START_DATE":"2023-01-01 00:00:00","FISCAL_YEAR":"12-31","CURRENCY":"HKD","IS_CNY_CODE":0,"DPS_HKD_LY":null,"ORG_TYPE":"一般企业","PREMIUM_INCOME":null,"PREMIUM_INCOME_YOY":null,"NET_INTEREST_INCOME":null,"NET_INTEREST_INCOME_YOY":null,"FEE_COMMISSION_INCOME":null,"FEE_COMMISSION_INCOME_YOY":null,"ACCOUNTS_RECE_TDAYS":0.792765369324,"INVENTORY_TDAYS":1.57820573039,"CURRENT_ASSETS_TDAYS":0.383933839388,"TOTAL_ASSETS_TDAYS":0.228240974083,"PREMIUM_EXPENSE":null,"LOAN_DEPOSIT":null,"LOAN_EQUITY":null,"LOAN_ASSETS":null,"DEPOSIT_EQUITY":null,"DEPOSIT_ASSETS":null,"EQUITY_MULTIPLIER":2.091842073321,"EQUITY_RATIO":1.091842073321},{"SECUCODE":"06162.HK","SECURITY_CODE":"06162","SECURITY_NAME_ABBR":"天瑞汽车内饰","ORG_CODE":"10937540","STD_REPORT_DATE":"2022-12-31 00:00:00","REPORT_DATE":"2022-12-31 00:00:00","DATE_TYPE_CODE":"001","REPORT_TYPE":"2022年年报","PER_NETCASH_OPERATE":0.027873,"PER_OI":0.088047,"BPS":0.120783,"BASIC_EPS":-0.013,"DILUTED_EPS":-0.013,"OPERATE_INCOME":176094000,"OPERATE_INCOME_YOY":-40.4637293087,"GROSS_PROFIT":12675000,"GROSS_PROFIT_YOY":-82.034782362196,"HOLDER_PROFIT":-26010000,"HOLDER_PROFIT_YOY":-454.8915268113,"GROSS_PROFIT_RATIO":7.197860233739,"EPS_TTM":-0.013005,"OPERATE_INCOME_QOQ":11.949293697313,"NET_PROFIT_RATIO":-14.7705202903,"ROE_AVG":-10.23536217284,"GROSS_PROFIT_QOQ":-32.04846405404,"ROA":-4.770945109369,"HOLDER_PROFIT_QOQ":4.930735772506,"ROE_YEARLY":-10.23536217284,"ROIC_YEARLY":-5.891219681793,"TOTAL_ASSETS":518034000,"TOTAL_LIABILITIES":276468000,"TAX_EBT":14.25180496489,"OCF_SALES":31.656955943985,"TOTAL_PARENT_EQUITY":241566000,"DEBT_ASSET_RATIO":53.3686978075,"OPERATE_PROFIT":-21135000,"PRETAX_PROFIT":-30333000,"NETCASH_OPERATE":55746000,"NETCASH_INVEST":-26905000,"NETCASH_FINANCE":-12890000,"END_CASH":78495000,"DIVI_RATIO":null,"DIVIDEND_RATE":null,"CURRENT_RATIO":1.196217595723,"COMMON_ACS":10000000000,"CURRENTDEBT_DEBT":92.549228120434,"ISSUED_COMMON_SHARES":2000000000,"HK_COMMON_SHARES":2000000000,"PER_SHARES":8000,"TOTAL_MARKET_CAP":146000000,"HKSK_MARKET_CAP":146000000,"PE_TTM":44.080811509552,"PB_TTM":0.550993971171,"REPORT_DATE_SQ":"2021-12-31 00:00:00","REPORT_TYPE_SQ":"2021年年报","OPERATE_INCOME_SQ":295776000,"DPS_HKD":null,"OPERATE_INCOME_QOQ_SQ":-29.209368672484,"NET_PROFIT_RATIO_SQ":2.4778886725,"HOLDER_PROFIT_SQ":7329000,"HOLDER_PROFIT_QOQ_SQ":-82.961361417213,"ROE_AVG_SQ":2.730910825272,"PE_TTM_SQ":-7.965678025545,"PB_TTM_SQ":0.601993462274,"ROA_SQ":1.223310499539,"START_DATE":"2022-01-01 00:00:00","FISCAL_YEAR":"12-31","CURRENCY":"HKD","IS_CNY_CODE":0,"DPS_HKD_LY":null,"ORG_TYPE":"一般企业","PREMIUM_INCOME":null,"PREMIUM_INCOME_YOY":null,"NET_INTEREST_INCOME":null,"NET_INTEREST_INCOME_YOY":null,"FEE_COMMISSION_INCOME":null,"FEE_COMMISSION_INCOME_YOY":null,"ACCOUNTS_RECE_TDAYS":1.208482311361,"INVENTORY_TDAYS":2.881737305695,"CURRENT_ASSETS_TDAYS":0.530527457464,"TOTAL_ASSETS_TDAYS":0.323004539827,"PREMIUM_EXPENSE":null,"LOAN_DEPOSIT":null,"LOAN_EQUITY":null,"LOAN_ASSETS":null,"DEPOSIT_EQUITY":null,"DEPOSIT_ASSETS":null,"EQUITY_MULTIPLIER":2.144482253298,"EQUITY_RATIO":1.144482253297},{"SECUCODE":"06162.HK","SECURITY_CODE":"06162","SECURITY_NAME_ABBR":"天瑞汽车内饰","ORG_CODE":"10937540","STD_REPORT_DATE":"2022-06-30 00:00:00","REPORT_DATE":"2022-06-30 00:00:00","DATE_TYPE_CODE":"002","REPORT_TYPE":"2022年中报","PER_NETCASH_OPERATE":0.004119,"PER_OI":0.039251,"BPS":0.1281135,"BASIC_EPS":-0.0054,"DILUTED_EPS":-0.0054,"OPERATE_INCOME":78502000,"OPERATE_INCOME_YOY":-63.8206286294,"GROSS_PROFIT":11275000,"GROSS_PROFIT_YOY":-82.152750296795,"HOLDER_PROFIT":-10895000,"HOLDER_PROFIT_YOY":-145.7907788005,"GROSS_PROFIT_RATIO":14.362691396398,"EPS_TTM":-0.0136795,"OPERATE_INCOME_QOQ":-46.818538353348,"NET_PROFIT_RATIO":-13.8786272961,"ROE_AVG":-4.167152738865,"GROSS_PROFIT_QOQ":-73.561719558346,"ROA":-2.028879172284,"HOLDER_PROFIT_QOQ":-473.297857825078,"ROE_YEARLY":-8.334305477731,"ROIC_YEARLY":-4.770463844963,"TOTAL_ASSETS":501676000,"TOTAL_LIABILITIES":245449000,"TAX_EBT":15.855730614767,"OCF_SALES":10.494000152862,"TOTAL_PARENT_EQUITY":256227000,"DEBT_ASSET_RATIO":48.925800716,"OPERATE_PROFIT":-7931000,"PRETAX_PROFIT":-12948000,"NETCASH_OPERATE":8238000,"NETCASH_INVEST":-13210000,"NETCASH_FINANCE":2021000,"END_CASH":59589000,"DIVI_RATIO":null,"DIVIDEND_RATE":null,"CURRENT_RATIO":1.246108817683,"COMMON_ACS":10000000000,"CURRENTDEBT_DEBT":93.26377373711,"ISSUED_COMMON_SHARES":2000000000,"HK_COMMON_SHARES":2000000000,"PER_SHARES":8000,"TOTAL_MARKET_CAP":146000000,"HKSK_MARKET_CAP":146000000,"PE_TTM":44.080811509552,"PB_TTM":0.550993971171,"REPORT_DATE_SQ":"2021-06-30 00:00:00","REPORT_TYPE_SQ":"2021年中报","OPERATE_INCOME_SQ":216980000,"DPS_HKD":null,"OPERATE_INCOME_QOQ_SQ":10.081015926546,"NET_PROFIT_RATIO_SQ":10.9655267767,"HOLDER_PROFIT_SQ":23793000,"HOLDER_PROFIT_QOQ_SQ":-15.44993513386,"ROE_AVG_SQ":8.592089701807,"PE_TTM_SQ":-7.965678025545,"PB_TTM_SQ":0.601993462274,"ROA_SQ":4.004672370235,"START_DATE":"2022-01-01 00:00:00","FISCAL_YEAR":"12-31","CURRENCY":"HKD","IS_CNY_CODE":0,"DPS_HKD_LY":null,"ORG_TYPE":"一般企业","PREMIUM_INCOME":null,"PREMIUM_INCOME_YOY":null,"NET_INTEREST_INCOME":null,"NET_INTEREST_INCOME_YOY":null,"FEE_COMMISSION_INCOME":null,"FEE_COMMISSION_INCOME_YOY":null,"ACCOUNTS_RECE_TDAYS":0.515064430622,"INVENTORY_TDAYS":1.099153893317,"CURRENT_ASSETS_TDAYS":0.244165449758,"TOTAL_ASSETS_TDAYS":0.146187308658,"PREMIUM_EXPENSE":null,"LOAN_DEPOSIT":null,"LOAN_EQUITY":null,"LOAN_ASSETS":null,"DEPOSIT_EQUITY":null,"DEPOSIT_ASSETS":null,"EQUITY_MULTIPLIER":1.957935736671,"EQUITY_RATIO":0.957935736671},{"SECUCODE":"06162.HK","SECURITY_CODE":"06162","SECURITY_NAME_ABBR":"天瑞汽车内饰","ORG_CODE":"10937540","STD_REPORT_DATE":"2021-12-31 00:00:00","REPORT_DATE":"2021-12-31 00:00:00","DATE_TYPE_CODE":"001","REPORT_TYPE":"2021年年报","PER_NETCASH_OPERATE":0.018309,"PER_OI":0.147888,"BPS":0.133336,"BASIC_EPS":0.0037,"DILUTED_EPS":0.0037,"OPERATE_INCOME":295776000,"OPERATE_INCOME_YOY":-22.0729538539,"GROSS_PROFIT":70553000,"GROSS_PROFIT_YOY":-39.649804116128,"HOLDER_PROFIT":7329000,"HOLDER_PROFIT_YOY":-85.5938200259,"GROSS_PROFIT_RATIO":23.853524288651,"EPS_TTM":0.0036645,"OPERATE_INCOME_QOQ":-29.209368672484,"NET_PROFIT_RATIO":2.4778886725,"ROE_AVG":2.730910825272,"GROSS_PROFIT_QOQ":-39.734861750562,"ROA":1.223310499539,"HOLDER_PROFIT_QOQ":-82.961361417213,"ROE_YEARLY":2.730910825272,"ROIC_YEARLY":1.465961255738,"TOTAL_ASSETS":572316000,"TOTAL_LIABILITIES":305644000,"TAX_EBT":17.992614971467,"OCF_SALES":12.380314832847,"TOTAL_PARENT_EQUITY":266672000,"DEBT_ASSET_RATIO":53.404762404,"OPERATE_PROFIT":18346000,"PRETAX_PROFIT":8937000,"NETCASH_OPERATE":36618000,"NETCASH_INVEST":-47839000,"NETCASH_FINANCE":17151000,"END_CASH":62538000,"DIVI_RATIO":null,"DIVIDEND_RATE":null,"CURRENT_RATIO":1.244915357447,"COMMON_ACS":10000000000,"CURRENTDEBT_DEBT":94.02605645784,"ISSUED_COMMON_SHARES":2000000000,"HK_COMMON_SHARES":2000000000,"PER_SHARES":8000,"TOTAL_MARKET_CAP":146000000,"HKSK_MARKET_CAP":146000000,"PE_TTM":44.080811509552,"PB_TTM":0.550993971171,"REPORT_DATE_SQ":"2020-12-31 00:00:00","REPORT_TYPE_SQ":"2020年年报","OPERATE_INCOME_SQ":379555000,"DPS_HKD":null,"OPERATE_INCOME_QOQ_SQ":19.163184382623,"NET_PROFIT_RATIO_SQ":13.4035910474,"HOLDER_PROFIT_SQ":50874000,"HOLDER_PROFIT_QOQ_SQ":-6.17288504454,"ROE_AVG_SQ":20.317457781789,"PE_TTM_SQ":-7.965678025545,"PB_TTM_SQ":0.601993462274,"ROA_SQ":8.859516221723,"START_DATE":"2021-01-01 00:00:00","FISCAL_YEAR":"12-31","CURRENCY":"HKD","IS_CNY_CODE":0,"DPS_HKD_LY":0.006,"ORG_TYPE":"一般企业","PREMIUM_INCOME":null,"PREMIUM_INCOME_YOY":null,"NET_INTEREST_INCOME":null,"NET_INTEREST_INCOME_YOY":null,"FEE_COMMISSION_INCOME":null,"FEE_COMMISSION_INCOME_YOY":null,"ACCOUNTS_RECE_TDAYS":1.404804650765,"INVENTORY_TDAYS":3.247862138582,"CURRENT_ASSETS_TDAYS":0.737987087921,"TOTAL_ASSETS_TDAYS":0.49369066218,"PREMIUM_EXPENSE":null,"LOAN_DEPOSIT":null,"LOAN_EQUITY":null,"LOAN_ASSETS":null,"DEPOSIT_EQUITY":null,"DEPOSIT_ASSETS":null,"EQUITY_MULTIPLIER":2.146142077159,"EQUITY_RATIO":1.146142077158},{"SECUCODE":"06162.HK","SECURITY_CODE":"06162","SECURITY_NAME_ABBR":"天瑞汽车内饰","ORG_CODE":"10937540","STD_REPORT_DATE":"2021-06-30 00:00:00","REPORT_DATE":"2021-06-30 00:00:00","DATE_TYPE_CODE":"002","REPORT_TYPE":"2021年中报","PER_NETCASH_OPERATE":-0.002678,"PER_OI":0.10849,"BPS":0.1418815,"BASIC_EPS":0.0119,"DILUTED_EPS":0.0119,"OPERATE_INCOME":216980000,"OPERATE_INCOME_YOY":21.4098267093,"GROSS_PROFIT":63175000,"GROSS_PROFIT_YOY":0.261863196318,"HOLDER_PROFIT":23793000,"HOLDER_PROFIT_YOY":-24.8317695005,"GROSS_PROFIT_RATIO":29.115586690018,"EPS_TTM":0.021507,"OPERATE_INCOME_QOQ":10.081015926546,"NET_PROFIT_RATIO":10.9655267767,"ROE_AVG":8.592089701807,"GROSS_PROFIT_QOQ":0.14113903478,"ROA":4.004672370235,"HOLDER_PROFIT_QOQ":-15.44993513386,"ROE_YEARLY":17.184179403613,"ROIC_YEARLY":8.939955982186,"TOTAL_ASSETS":562354000,"TOTAL_LIABILITIES":278591000,"TAX_EBT":15.570774635393,"OCF_SALES":-2.468430270071,"TOTAL_PARENT_EQUITY":283763000,"DEBT_ASSET_RATIO":49.5401473093,"OPERATE_PROFIT":33006000,"PRETAX_PROFIT":28181000,"NETCASH_OPERATE":-5356000,"NETCASH_INVEST":-23695000,"NETCASH_FINANCE":-1342000,"END_CASH":26209000,"DIVI_RATIO":null,"DIVIDEND_RATE":null,"CURRENT_RATIO":1.406605844423,"COMMON_ACS":10000000000,"CURRENTDEBT_DEBT":94.189690262787,"ISSUED_COMMON_SHARES":2000000000,"HK_COMMON_SHARES":2000000000,"PER_SHARES":8000,"TOTAL_MARKET_CAP":146000000,"HKSK_MARKET_CAP":146000000,"PE_TTM":44.080811509552,"PB_TTM":0.550993971171,"REPORT_DATE_SQ":"2020-06-30 00:00:00","REPORT_TYPE_SQ":"2020年中报","OPERATE_INCOME_SQ":178717000,"DPS_HKD":null,"OPERATE_INCOME_QOQ_SQ":6.918266438855,"NET_PROFIT_RATIO_SQ":17.7112417957,"HOLDER_PROFIT_SQ":31653000,"HOLDER_PROFIT_QOQ_SQ":20.969613136406,"ROE_AVG_SQ":13.125936922685,"PE_TTM_SQ":-7.965678025545,"PB_TTM_SQ":0.601993462274,"ROA_SQ":5.723078091367,"START_DATE":"2021-01-01 00:00:00","FISCAL_YEAR":"12-31","CURRENCY":"HKD","IS_CNY_CODE":0,"DPS_HKD_LY":0.006,"ORG_TYPE":"一般企业","PREMIUM_INCOME":null,"PREMIUM_INCOME_YOY":null,"NET_INTEREST_INCOME":null,"NET_INTEREST_INCOME_YOY":null,"FEE_COMMISSION_INCOME":null,"FEE_COMMISSION_INCOME_YOY":null,"ACCOUNTS_RECE_TDAYS":0.82752991968,"INVENTORY_TDAYS":2.222294466118,"CURRENT_ASSETS_TDAYS":0.533839174121,"TOTAL_ASSETS_TDAYS":0.365205653299,"PREMIUM_EXPENSE":null,"LOAN_DEPOSIT":null,"LOAN_EQUITY":null,"LOAN_ASSETS":null,"DEPOSIT_EQUITY":null,"DEPOSIT_ASSETS":null,"EQUITY_MULTIPLIER":1.981773522269,"EQUITY_RATIO":0.98177352227},{"SECUCODE":"06162.HK","SECURITY_CODE":"06162","SECURITY_NAME_ABBR":"天瑞汽车内饰","ORG_CODE":"10937540","STD_REPORT_DATE":"2020-12-31 00:00:00","REPORT_DATE":"2020-12-31 00:00:00","DATE_TYPE_CODE":"001","REPORT_TYPE":"2020年年报","PER_NETCASH_OPERATE":0.0332265,"PER_OI":0.1897775,"BPS":0.135036,"BASIC_EPS":0.0254,"DILUTED_EPS":0.0254,"OPERATE_INCOME":379555000,"OPERATE_INCOME_YOY":27.4072109752,"GROSS_PROFIT":116906000,"GROSS_PROFIT_YOY":15.533462465905,"HOLDER_PROFIT":50874000,"HOLDER_PROFIT_YOY":13.5022979787,"GROSS_PROFIT_RATIO":30.800806207269,"EPS_TTM":0.025437,"OPERATE_INCOME_QOQ":19.163184382623,"NET_PROFIT_RATIO":13.4035910474,"ROE_AVG":20.317457781789,"GROSS_PROFIT_QOQ":5.050995192524,"ROA":8.859516221723,"HOLDER_PROFIT_QOQ":-6.17288504454,"ROE_YEARLY":20.317457781789,"ROIC_YEARLY":10.26691475922,"TOTAL_ASSETS":625908000,"TOTAL_LIABILITIES":355836000,"TAX_EBT":19.573156272231,"OCF_SALES":17.508134525958,"TOTAL_PARENT_EQUITY":270072000,"DEBT_ASSET_RATIO":56.8511666251,"OPERATE_PROFIT":73059000,"PRETAX_PROFIT":63255000,"NETCASH_OPERATE":66453000,"NETCASH_INVEST":-36510000,"NETCASH_FINANCE":-3577000,"END_CASH":56610000,"DIVI_RATIO":null,"DIVIDEND_RATE":null,"CURRENT_RATIO":1.285210400878,"COMMON_ACS":10000000000,"CURRENTDEBT_DEBT":97.043862903135,"ISSUED_COMMON_SHARES":2000000000,"HK_COMMON_SHARES":2000000000,"PER_SHARES":8000,"TOTAL_MARKET_CAP":146000000,"HKSK_MARKET_CAP":146000000,"PE_TTM":44.080811509552,"PB_TTM":0.550993971171,"REPORT_DATE_SQ":"2019-12-31 00:00:00","REPORT_TYPE_SQ":"2019年年报","OPERATE_INCOME_SQ":297907000,"DPS_HKD":null,"OPERATE_INCOME_QOQ_SQ":2.973332642021,"NET_PROFIT_RATIO_SQ":15.0456350472,"HOLDER_PROFIT_SQ":44822000,"HOLDER_PROFIT_QOQ_SQ":19.391614724842,"ROE_AVG_SQ":25.896246309574,"PE_TTM_SQ":-7.965678025545,"PB_TTM_SQ":0.601993462274,"ROA_SQ":10.405028176125,"START_DATE":"2020-01-01 00:00:00","FISCAL_YEAR":"12-31","CURRENCY":"HKD","IS_CNY_CODE":0,"DPS_HKD_LY":0.006,"ORG_TYPE":"一般企业","PREMIUM_INCOME":null,"PREMIUM_INCOME_YOY":null,"NET_INTEREST_INCOME":null,"NET_INTEREST_INCOME_YOY":null,"FEE_COMMISSION_INCOME":null,"FEE_COMMISSION_INCOME_YOY":null,"ACCOUNTS_RECE_TDAYS":1.546344921431,"INVENTORY_TDAYS":3.77152498564,"CURRENT_ASSETS_TDAYS":0.934252435596,"TOTAL_ASSETS_TDAYS":0.660980791669,"PREMIUM_EXPENSE":null,"LOAN_DEPOSIT":null,"LOAN_EQUITY":null,"LOAN_ASSETS":null,"DEPOSIT_EQUITY":null,"DEPOSIT_ASSETS":null,"EQUITY_MULTIPLIER":2.31755976184,"EQUITY_RATIO":1.317559761841},{"SECUCODE":"06162.HK","SECURITY_CODE":"06162","SECURITY_NAME_ABBR":"天瑞汽车内饰","ORG_CODE":"10937540","STD_REPORT_DATE":"2020-06-30 00:00:00","REPORT_DATE":"2020-06-30 00:00:00","DATE_TYPE_CODE":"002","REPORT_TYPE":"2020年中报","PER_NETCASH_OPERATE":-0.012078,"PER_OI":0.0893585,"BPS":0.125789,"BASIC_EPS":0.0158,"DILUTED_EPS":0.0158,"OPERATE_INCOME":178717000,"OPERATE_INCOME_YOY":13.0354759751,"GROSS_PROFIT":63010000,"GROSS_PROFIT_YOY":19.082267117722,"HOLDER_PROFIT":31653000,"HOLDER_PROFIT_YOY":42.2351038016,"GROSS_PROFIT_RATIO":35.256858608862,"EPS_TTM":0.0271105,"OPERATE_INCOME_QOQ":6.918266438855,"NET_PROFIT_RATIO":17.7112417957,"ROE_AVG":13.125936922685,"GROSS_PROFIT_QOQ":9.978455943392,"ROA":5.723078091367,"HOLDER_PROFIT_QOQ":20.969613136406,"ROE_YEARLY":26.251873845369,"ROIC_YEARLY":12.318415453184,"TOTAL_ASSETS":583601000,"TOTAL_LIABILITIES":332023000,"TAX_EBT":15.592,"OCF_SALES":-13.516341478427,"TOTAL_PARENT_EQUITY":251578000,"DEBT_ASSET_RATIO":56.8921232143,"OPERATE_PROFIT":40736000,"PRETAX_PROFIT":37500000,"NETCASH_OPERATE":-24156000,"NETCASH_INVEST":-18062000,"NETCASH_FINANCE":26233000,"END_CASH":14328000,"DIVI_RATIO":null,"DIVIDEND_RATE":null,"CURRENT_RATIO":1.319589381869,"COMMON_ACS":10000000000,"CURRENTDEBT_DEBT":95.646988311051,"ISSUED_COMMON_SHARES":2000000000,"HK_COMMON_SHARES":2000000000,"PER_SHARES":8000,"TOTAL_MARKET_CAP":146000000,"HKSK_MARKET_CAP":146000000,"PE_TTM":44.080811509552,"PB_TTM":0.550993971171,"REPORT_DATE_SQ":"2019-06-30 00:00:00","REPORT_TYPE_SQ":"2019年中报","OPERATE_INCOME_SQ":158107000,"DPS_HKD":null,"OPERATE_INCOME_QOQ_SQ":9.659995451444,"NET_PROFIT_RATIO_SQ":14.0752781344,"HOLDER_PROFIT_SQ":22254000,"HOLDER_PROFIT_QOQ_SQ":34.001998857796,"ROE_AVG_SQ":13.245088294637,"PE_TTM_SQ":-7.965678025545,"PB_TTM_SQ":0.601993462274,"ROA_SQ":5.237917590002,"START_DATE":"2020-01-01 00:00:00","FISCAL_YEAR":"12-31","CURRENCY":"HKD","IS_CNY_CODE":0,"DPS_HKD_LY":0.006,"ORG_TYPE":"一般企业","PREMIUM_INCOME":null,"PREMIUM_INCOME_YOY":null,"NET_INTEREST_INCOME":null,"NET_INTEREST_INCOME_YOY":null,"FEE_COMMISSION_INCOME":null,"FEE_COMMISSION_INCOME_YOY":null,"ACCOUNTS_RECE_TDAYS":0.650710543275,"INVENTORY_TDAYS":1.728685934547,"CURRENT_ASSETS_TDAYS":0.453717937163,"TOTAL_ASSETS_TDAYS":0.323132514218,"PREMIUM_EXPENSE":null,"LOAN_DEPOSIT":null,"LOAN_EQUITY":null,"LOAN_ASSETS":null,"DEPOSIT_EQUITY":null,"DEPOSIT_ASSETS":null,"EQUITY_MULTIPLIER":2.319761664373,"EQUITY_RATIO":1.319761664374}],"count":17},"success":true,"message":"ok","code":0}