{"version":"9521c94f5b957ec7c89d0d679958f621","result":{"pages":5,"data":[{"SECUCODE":"06178.HK","SECURITY_CODE":"06178","SECURITY_NAME_ABBR":"光大证券","ORG_CODE":"10004829","STD_REPORT_DATE":"2024-09-30 00:00:00","REPORT_DATE":"2024-09-30 00:00:00","DATE_TYPE_CODE":"004","REPORT_TYPE":"2024年三季报","PER_NETCASH_OPERATE":7.601433606118,"PER_OI":1.389445820359,"BPS":12.566443874441,"BASIC_EPS":0.37,"DILUTED_EPS":0.37,"OPERATE_INCOME":6406439613.57,"OPERATE_INCOME_YOY":-17.3905036721,"GROSS_PROFIT":null,"GROSS_PROFIT_YOY":null,"HOLDER_PROFIT":1990387649.23,"HOLDER_PROFIT_YOY":-54.3266365329,"GROSS_PROFIT_RATIO":null,"EPS_TTM":0.412872107624,"OPERATE_INCOME_QOQ":6.324587160942,"NET_PROFIT_RATIO":31.3362964634,"ROE_AVG":2.959051597074,"GROSS_PROFIT_QOQ":null,"ROA":0.747784582637,"HOLDER_PROFIT_QOQ":-41.779065643095,"ROE_YEARLY":3.945402129432,"ROIC_YEARLY":0.919697601103,"TOTAL_ASSETS":272738493946.61,"TOTAL_LIABILITIES":204474412920.61,"TAX_EBT":12.742129750826,"OCF_SALES":547.083844129752,"TOTAL_PARENT_EQUITY":67440147478.68,"DEBT_ASSET_RATIO":74.9708667676,"OPERATE_PROFIT":2324108725.2,"PRETAX_PROFIT":2300698956.24,"NETCASH_OPERATE":35048596109.77,"NETCASH_INVEST":-6172825063.39,"NETCASH_FINANCE":-21940480694.27,"END_CASH":69810400792.72,"DIVI_RATIO":0.891899622794,"DIVIDEND_RATE":5.240957364341,"CURRENT_RATIO":1.134772932848,"COMMON_ACS":null,"CURRENTDEBT_DEBT":91.574603044211,"ISSUED_COMMON_SHARES":4610787639,"HK_COMMON_SHARES":704088800,"PER_SHARES":200,"TOTAL_MARKET_CAP":35687496325.86,"HKSK_MARKET_CAP":5449647312,"PE_TTM":16.436384380127,"PB_TTM":0.555435942717,"REPORT_DATE_SQ":"2023-09-30 00:00:00","REPORT_TYPE_SQ":"2023年三季报","OPERATE_INCOME_SQ":7755088577.4,"DPS_HKD":0.4056501,"OPERATE_INCOME_QOQ_SQ":-13.497606075409,"NET_PROFIT_RATIO_SQ":56.5454735594,"HOLDER_PROFIT_SQ":4357874038.91,"HOLDER_PROFIT_QOQ_SQ":19.218508651646,"ROE_AVG_SQ":6.643099828284,"PE_TTM_SQ":5.23513704439,"PB_TTM_SQ":0.379078327072,"ROA_SQ":1.721800422823,"START_DATE":"2024-01-01 00:00:00","FISCAL_YEAR":"12-31","CURRENCY":"HKD","IS_CNY_CODE":0,"DPS_HKD_LY":0.4056501,"ORG_TYPE":"证券","PREMIUM_INCOME":null,"PREMIUM_INCOME_YOY":null,"NET_INTEREST_INCOME":1489951450.19,"NET_INTEREST_INCOME_YOY":null,"FEE_COMMISSION_INCOME":3076214434.58,"FEE_COMMISSION_INCOME_YOY":-17.017220885774,"ACCOUNTS_RECE_TDAYS":2.910232010746,"INVENTORY_TDAYS":null,"CURRENT_ASSETS_TDAYS":0.029797666047,"TOTAL_ASSETS_TDAYS":0.02406886304,"PREMIUM_EXPENSE":null,"LOAN_DEPOSIT":null,"LOAN_EQUITY":null,"LOAN_ASSETS":null,"DEPOSIT_EQUITY":null,"DEPOSIT_ASSETS":null,"EQUITY_MULTIPLIER":3.995344108463,"EQUITY_RATIO":3.03193899428},{"SECUCODE":"06178.HK","SECURITY_CODE":"06178","SECURITY_NAME_ABBR":"光大证券","ORG_CODE":"10004829","STD_REPORT_DATE":"2024-06-30 00:00:00","REPORT_DATE":"2024-06-30 00:00:00","DATE_TYPE_CODE":"002","REPORT_TYPE":"2024年中报","PER_NETCASH_OPERATE":2.581959511495,"PER_OI":1.378863113587,"BPS":12.464553672757,"BASIC_EPS":0.26,"DILUTED_EPS":0.26,"OPERATE_INCOME":6357645000,"OPERATE_INCOME_YOY":-25.2482272506,"GROSS_PROFIT":null,"GROSS_PROFIT_YOY":null,"HOLDER_PROFIT":1390527000,"HOLDER_PROFIT_YOY":-41.8664337746,"GROSS_PROFIT_RATIO":null,"EPS_TTM":0.709147168771,"OPERATE_INCOME_QOQ":-11.253522228003,"NET_PROFIT_RATIO":22.0822175507,"ROE_AVG":2.074500631351,"GROSS_PROFIT_QOQ":null,"ROA":0.559921747452,"HOLDER_PROFIT_QOQ":-18.171145646149,"ROE_YEARLY":4.149001262701,"ROIC_YEARLY":1.204604869402,"TOTAL_ASSETS":237082164000,"TOTAL_LIABILITIES":169291649000,"TAX_EBT":10.709511071085,"OCF_SALES":187.252779920867,"TOTAL_PARENT_EQUITY":66970353000,"DEBT_ASSET_RATIO":71.4063201313,"OPERATE_PROFIT":1505376000,"PRETAX_PROFIT":1572294000,"NETCASH_OPERATE":11904867000,"NETCASH_INVEST":-2752978000,"NETCASH_FINANCE":-19507846000,"END_CASH":12223696000,"DIVI_RATIO":0.519272293917,"DIVIDEND_RATE":4.783609669811,"CURRENT_RATIO":1.334199283224,"COMMON_ACS":null,"CURRENTDEBT_DEBT":86.752611169852,"ISSUED_COMMON_SHARES":4610787639,"HK_COMMON_SHARES":704088800,"PER_SHARES":200,"TOTAL_MARKET_CAP":39099479178.72,"HKSK_MARKET_CAP":5970673024,"PE_TTM":18.007821646444,"PB_TTM":0.608539637499,"REPORT_DATE_SQ":"2023-06-30 00:00:00","REPORT_TYPE_SQ":"2023年中报","OPERATE_INCOME_SQ":8505009000,"DPS_HKD":0.4056501,"OPERATE_INCOME_QOQ_SQ":2.721385845338,"NET_PROFIT_RATIO_SQ":28.4297523965,"HOLDER_PROFIT_SQ":2391952000,"HOLDER_PROFIT_QOQ_SQ":-0.208568521569,"ROE_AVG_SQ":3.697503888234,"PE_TTM_SQ":5.23513704439,"PB_TTM_SQ":0.379078327072,"ROA_SQ":0.919320668887,"START_DATE":"2024-01-01 00:00:00","FISCAL_YEAR":"12-31","CURRENCY":"HKD","IS_CNY_CODE":0,"DPS_HKD_LY":0.4056501,"ORG_TYPE":"证券","PREMIUM_INCOME":null,"PREMIUM_INCOME_YOY":null,"NET_INTEREST_INCOME":2351052000,"NET_INTEREST_INCOME_YOY":null,"FEE_COMMISSION_INCOME":2961694000,"FEE_COMMISSION_INCOME_YOY":-11.54739363386,"ACCOUNTS_RECE_TDAYS":5.640871775126,"INVENTORY_TDAYS":null,"CURRENT_ASSETS_TDAYS":0.030753319148,"TOTAL_ASSETS_TDAYS":0.025600248669,"PREMIUM_EXPENSE":null,"LOAN_DEPOSIT":null,"LOAN_EQUITY":null,"LOAN_ASSETS":null,"DEPOSIT_EQUITY":null,"DEPOSIT_ASSETS":null,"EQUITY_MULTIPLIER":3.49727633726,"EQUITY_RATIO":2.527859588854},{"SECUCODE":"06178.HK","SECURITY_CODE":"06178","SECURITY_NAME_ABBR":"光大证券","ORG_CODE":"10004829","STD_REPORT_DATE":"2024-03-31 00:00:00","REPORT_DATE":"2024-03-31 00:00:00","DATE_TYPE_CODE":"003","REPORT_TYPE":"2024年一季报","PER_NETCASH_OPERATE":0.961392020701,"PER_OI":0.478053915833,"BPS":12.655038404509,"BASIC_EPS":0.13,"DILUTED_EPS":0.13,"OPERATE_INCOME":2204205085.9,"OPERATE_INCOME_YOY":-19.8523164595,"GROSS_PROFIT":null,"GROSS_PROFIT_YOY":null,"HOLDER_PROFIT":682436814.38,"HOLDER_PROFIT_YOY":-28.7478412622,"GROSS_PROFIT_RATIO":null,"EPS_TTM":0.866622384452,"OPERATE_INCOME_QOQ":-3.694984063989,"NET_PROFIT_RATIO":31.2357213258,"ROE_AVG":1.011487684124,"GROSS_PROFIT_QOQ":null,"ROA":0.26993300643,"HOLDER_PROFIT_QOQ":-6.446509562057,"ROE_YEARLY":4.045950736496,"ROIC_YEARLY":1.296720104649,"TOTAL_ASSETS":246030184544.1,"TOTAL_LIABILITIES":177368703671.09,"TAX_EBT":18.044144602671,"OCF_SALES":201.105354199383,"TOTAL_PARENT_EQUITY":67848638042.8,"DEBT_ASSET_RATIO":72.092253233,"OPERATE_PROFIT":845625187.7,"PRETAX_PROFIT":840085622.61,"NETCASH_OPERATE":4432774445.28,"NETCASH_INVEST":3457947097.78,"NETCASH_FINANCE":-11305564845.2,"END_CASH":59465870442.02,"DIVI_RATIO":0.424914569089,"DIVIDEND_RATE":4.744445614035,"CURRENT_RATIO":1.22478603145,"COMMON_ACS":null,"CURRENTDEBT_DEBT":90.12362580108,"ISSUED_COMMON_SHARES":4610787639,"HK_COMMON_SHARES":704088800,"PER_SHARES":200,"TOTAL_MARKET_CAP":39422234313.45,"HKSK_MARKET_CAP":6019959240,"PE_TTM":18.156471117582,"PB_TTM":0.613562959978,"REPORT_DATE_SQ":"2023-03-31 00:00:00","REPORT_TYPE_SQ":"2023年一季报","OPERATE_INCOME_SQ":2750179404.48,"DPS_HKD":0.4056501,"OPERATE_INCOME_QOQ_SQ":3.788518483511,"NET_PROFIT_RATIO_SQ":35.2803629414,"HOLDER_PROFIT_SQ":957777036.47,"HOLDER_PROFIT_QOQ_SQ":9.146475207059,"ROE_AVG_SQ":1.484421833916,"PE_TTM_SQ":5.356648929366,"PB_TTM_SQ":0.387877050331,"ROA_SQ":0.371722295322,"START_DATE":"2024-01-01 00:00:00","FISCAL_YEAR":"12-31","CURRENCY":"HKD","IS_CNY_CODE":0,"DPS_HKD_LY":0.4056501,"ORG_TYPE":"证券","PREMIUM_INCOME":null,"PREMIUM_INCOME_YOY":null,"NET_INTEREST_INCOME":483133563.19,"NET_INTEREST_INCOME_YOY":null,"FEE_COMMISSION_INCOME":1071958882.73,"FEE_COMMISSION_INCOME_YOY":-8.51602655119,"ACCOUNTS_RECE_TDAYS":1.833624640961,"INVENTORY_TDAYS":null,"CURRENT_ASSETS_TDAYS":0.010666444529,"TOTAL_ASSETS_TDAYS":0.008718575743,"PREMIUM_EXPENSE":null,"LOAN_DEPOSIT":null,"LOAN_EQUITY":null,"LOAN_ASSETS":null,"DEPOSIT_EQUITY":null,"DEPOSIT_ASSETS":null,"EQUITY_MULTIPLIER":3.583234462993,"EQUITY_RATIO":2.614182226609},{"SECUCODE":"06178.HK","SECURITY_CODE":"06178","SECURITY_NAME_ABBR":"光大证券","ORG_CODE":"10004829","STD_REPORT_DATE":"2023-12-31 00:00:00","REPORT_DATE":"2023-12-31 00:00:00","DATE_TYPE_CODE":"001","REPORT_TYPE":"2023年年报","PER_NETCASH_OPERATE":5.785026569947,"PER_OI":3.204678930562,"BPS":12.490201351475,"BASIC_EPS":0.84,"DILUTED_EPS":0.84,"OPERATE_INCOME":14776094000,"OPERATE_INCOME_YOY":-1.6313736403,"GROSS_PROFIT":null,"GROSS_PROFIT_YOY":null,"HOLDER_PROFIT":4271152000,"HOLDER_PROFIT_YOY":33.9308319377,"GROSS_PROFIT_RATIO":null,"EPS_TTM":0.926338910921,"OPERATE_INCOME_QOQ":6.664105975108,"NET_PROFIT_RATIO":29.1051545828,"ROE_AVG":6.516194711584,"GROSS_PROFIT_QOQ":null,"ROA":1.649225536712,"HOLDER_PROFIT_QOQ":3.141611873065,"ROE_YEARLY":6.516194711584,"ROIC_YEARLY":1.77704002661,"TOTAL_ASSETS":259604027406.28,"TOTAL_LIABILITIES":191708638749.9,"TAX_EBT":9.599821074867,"OCF_SALES":180.518132870568,"TOTAL_PARENT_EQUITY":67088608369.86,"DEBT_ASSET_RATIO":73.8465578579,"OPERATE_PROFIT":4659019000,"PRETAX_PROFIT":4757297000,"NETCASH_OPERATE":26673529000,"NETCASH_INVEST":-14810483000,"NETCASH_FINANCE":-4114871000,"END_CASH":22567460000,"DIVI_RATIO":0.397522410762,"DIVIDEND_RATE":5.641865090403,"CURRENT_RATIO":1.271458693296,"COMMON_ACS":null,"CURRENTDEBT_DEBT":88.998705813855,"ISSUED_COMMON_SHARES":4610787639,"HK_COMMON_SHARES":704088800,"PER_SHARES":200,"TOTAL_MARKET_CAP":33151563124.41,"HKSK_MARKET_CAP":5062398472,"PE_TTM":15.268424249756,"PB_TTM":0.515966980379,"REPORT_DATE_SQ":"2022-12-31 00:00:00","REPORT_TYPE_SQ":"2022年年报","OPERATE_INCOME_SQ":15021145000,"DPS_HKD":0.4056501,"OPERATE_INCOME_QOQ_SQ":-18.873420438482,"NET_PROFIT_RATIO_SQ":21.5737548636,"HOLDER_PROFIT_SQ":3189073000,"HOLDER_PROFIT_QOQ_SQ":-12.220147206123,"ROE_AVG_SQ":5.233546851632,"PE_TTM_SQ":4.981987284023,"PB_TTM_SQ":0.360747653616,"ROA_SQ":1.282137115162,"START_DATE":"2023-01-01 00:00:00","FISCAL_YEAR":"12-31","CURRENCY":"HKD","IS_CNY_CODE":0,"DPS_HKD_LY":0.2280756,"ORG_TYPE":"证券","PREMIUM_INCOME":null,"PREMIUM_INCOME_YOY":null,"NET_INTEREST_INCOME":5067384000,"NET_INTEREST_INCOME_YOY":null,"FEE_COMMISSION_INCOME":6458483000,"FEE_COMMISSION_INCOME_YOY":-11.182067545538,"ACCOUNTS_RECE_TDAYS":11.129972703204,"INVENTORY_TDAYS":null,"CURRENT_ASSETS_TDAYS":0.067346998748,"TOTAL_ASSETS_TDAYS":0.057055126012,"PREMIUM_EXPENSE":null,"LOAN_DEPOSIT":null,"LOAN_EQUITY":null,"LOAN_ASSETS":null,"DEPOSIT_EQUITY":null,"DEPOSIT_ASSETS":null,"EQUITY_MULTIPLIER":3.823588476678,"EQUITY_RATIO":2.857543827605},{"SECUCODE":"06178.HK","SECURITY_CODE":"06178","SECURITY_NAME_ABBR":"光大证券","ORG_CODE":"10004829","STD_REPORT_DATE":"2023-09-30 00:00:00","REPORT_DATE":"2023-09-30 00:00:00","DATE_TYPE_CODE":"004","REPORT_TYPE":"2023年三季报","PER_NETCASH_OPERATE":-0.54469478352,"PER_OI":1.681944427847,"BPS":12.514952085602,"BASIC_EPS":0.88,"DILUTED_EPS":0.88,"OPERATE_INCOME":7755088577.4,"OPERATE_INCOME_YOY":-13.0918228372,"GROSS_PROFIT":null,"GROSS_PROFIT_YOY":null,"HOLDER_PROFIT":4357874038.91,"HOLDER_PROFIT_YOY":27.9510737289,"GROSS_PROFIT_RATIO":null,"EPS_TTM":0.898123360784,"OPERATE_INCOME_QOQ":-13.497606075409,"NET_PROFIT_RATIO":56.5454735594,"ROE_AVG":6.643099828284,"GROSS_PROFIT_QOQ":null,"ROA":1.721800422823,"HOLDER_PROFIT_QOQ":19.218508651646,"ROE_YEARLY":8.857466437711,"ROIC_YEARLY":2.007795375912,"TOTAL_ASSETS":247845189128.42,"TOTAL_LIABILITIES":179843123903.79,"TAX_EBT":8.630430119847,"OCF_SALES":-32.384826424794,"TOTAL_PARENT_EQUITY":67195182605.38,"DEBT_ASSET_RATIO":72.5626850117,"OPERATE_PROFIT":2653715497.12,"PRETAX_PROFIT":4799356686.03,"NETCASH_OPERATE":-2511471974.88,"NETCASH_INVEST":-4567735118.91,"NETCASH_FINANCE":-5219952967.99,"END_CASH":53911455737.62,"DIVI_RATIO":0.410011022017,"DIVIDEND_RATE":4.744445614035,"CURRENT_RATIO":1.32214380866,"COMMON_ACS":null,"CURRENTDEBT_DEBT":87.003980278555,"ISSUED_COMMON_SHARES":4610787639,"HK_COMMON_SHARES":704088800,"PER_SHARES":200,"TOTAL_MARKET_CAP":39422234313.45,"HKSK_MARKET_CAP":6019959240,"PE_TTM":18.156471117582,"PB_TTM":0.613562959978,"REPORT_DATE_SQ":"2022-09-30 00:00:00","REPORT_TYPE_SQ":"2022年三季报","OPERATE_INCOME_SQ":8923312892.49,"DPS_HKD":0.4056501,"OPERATE_INCOME_QOQ_SQ":-1.809122587612,"NET_PROFIT_RATIO_SQ":38.7088550286,"HOLDER_PROFIT_SQ":3405890948.71,"HOLDER_PROFIT_QOQ_SQ":9.113952736367,"ROE_AVG_SQ":5.575230140145,"PE_TTM_SQ":5.356648929366,"PB_TTM_SQ":0.387877050331,"ROA_SQ":1.392691655279,"START_DATE":"2023-01-01 00:00:00","FISCAL_YEAR":"12-31","CURRENCY":"HKD","IS_CNY_CODE":0,"DPS_HKD_LY":0.2280756,"ORG_TYPE":"证券","PREMIUM_INCOME":null,"PREMIUM_INCOME_YOY":null,"NET_INTEREST_INCOME":1355479526.16,"NET_INTEREST_INCOME_YOY":null,"FEE_COMMISSION_INCOME":3707051592.41,"FEE_COMMISSION_INCOME_YOY":-24.915104075512,"ACCOUNTS_RECE_TDAYS":5.973154739713,"INVENTORY_TDAYS":null,"CURRENT_ASSETS_TDAYS":0.036224520944,"TOTAL_ASSETS_TDAYS":0.030640433093,"PREMIUM_EXPENSE":null,"LOAN_DEPOSIT":null,"LOAN_EQUITY":null,"LOAN_ASSETS":null,"DEPOSIT_EQUITY":null,"DEPOSIT_ASSETS":null,"EQUITY_MULTIPLIER":3.644671500934,"EQUITY_RATIO":2.676428829131},{"SECUCODE":"06178.HK","SECURITY_CODE":"06178","SECURITY_NAME_ABBR":"光大证券","ORG_CODE":"10004829","STD_REPORT_DATE":"2023-06-30 00:00:00","REPORT_DATE":"2023-06-30 00:00:00","DATE_TYPE_CODE":"002","REPORT_TYPE":"2023年中报","PER_NETCASH_OPERATE":1.226840931071,"PER_OI":1.84458918213,"BPS":12.11901618009,"BASIC_EPS":0.48,"DILUTED_EPS":0.48,"OPERATE_INCOME":8505009000,"OPERATE_INCOME_YOY":13.2240942748,"GROSS_PROFIT":null,"GROSS_PROFIT_YOY":null,"HOLDER_PROFIT":2391952000,"HOLDER_PROFIT_YOY":13.4958368208,"GROSS_PROFIT_RATIO":null,"EPS_TTM":0.753342220886,"OPERATE_INCOME_QOQ":2.721385845338,"NET_PROFIT_RATIO":28.4297523965,"ROE_AVG":3.697503888234,"GROSS_PROFIT_QOQ":null,"ROA":0.919320668887,"HOLDER_PROFIT_QOQ":-0.208568521569,"ROE_YEARLY":7.395007776469,"ROIC_YEARLY":1.943051881318,"TOTAL_ASSETS":262019329000,"TOTAL_LIABILITIES":195836570000,"TAX_EBT":12.762879992149,"OCF_SALES":66.510252957992,"TOTAL_PARENT_EQUITY":65377153000,"DEBT_ASSET_RATIO":74.7412684199,"OPERATE_PROFIT":2705643000,"PRETAX_PROFIT":2771702000,"NETCASH_OPERATE":5656703000,"NETCASH_INVEST":-5297522000,"NETCASH_FINANCE":-2444363000,"END_CASH":12749521000,"DIVI_RATIO":0.488809025756,"DIVIDEND_RATE":4.783609669811,"CURRENT_RATIO":1.320311853362,"COMMON_ACS":null,"CURRENTDEBT_DEBT":86.851234169389,"ISSUED_COMMON_SHARES":4610787639,"HK_COMMON_SHARES":704088800,"PER_SHARES":200,"TOTAL_MARKET_CAP":39099479178.72,"HKSK_MARKET_CAP":5970673024,"PE_TTM":18.007821646444,"PB_TTM":0.608539637499,"REPORT_DATE_SQ":"2022-06-30 00:00:00","REPORT_TYPE_SQ":"2022年中报","OPERATE_INCOME_SQ":7511660000,"DPS_HKD":0.4056501,"OPERATE_INCOME_QOQ_SQ":-9.130582549875,"NET_PROFIT_RATIO_SQ":28.5252128025,"HOLDER_PROFIT_SQ":2107524000,"HOLDER_PROFIT_QOQ_SQ":-3.594698952069,"ROE_AVG_SQ":3.485168877702,"PE_TTM_SQ":5.23513704439,"PB_TTM_SQ":0.379078327072,"ROA_SQ":0.860009558586,"START_DATE":"2023-01-01 00:00:00","FISCAL_YEAR":"12-31","CURRENCY":"HKD","IS_CNY_CODE":0,"DPS_HKD_LY":0.2280756,"ORG_TYPE":"证券","PREMIUM_INCOME":null,"PREMIUM_INCOME_YOY":null,"NET_INTEREST_INCOME":2542081000,"NET_INTEREST_INCOME_YOY":null,"FEE_COMMISSION_INCOME":3348340000,"FEE_COMMISSION_INCOME_YOY":-11.511599973678,"ACCOUNTS_RECE_TDAYS":6.95566575383,"INVENTORY_TDAYS":null,"CURRENT_ASSETS_TDAYS":0.038151169802,"TOTAL_ASSETS_TDAYS":0.032688074689,"PREMIUM_EXPENSE":null,"LOAN_DEPOSIT":null,"LOAN_EQUITY":null,"LOAN_ASSETS":null,"DEPOSIT_EQUITY":null,"DEPOSIT_ASSETS":null,"EQUITY_MULTIPLIER":3.959026987673,"EQUITY_RATIO":2.995489418146},{"SECUCODE":"06178.HK","SECURITY_CODE":"06178","SECURITY_NAME_ABBR":"光大证券","ORG_CODE":"10004829","STD_REPORT_DATE":"2023-03-31 00:00:00","REPORT_DATE":"2023-03-31 00:00:00","DATE_TYPE_CODE":"003","REPORT_TYPE":"2023年一季报","PER_NETCASH_OPERATE":0.501384983213,"PER_OI":0.59646629162,"BPS":12.045667158086,"BASIC_EPS":0.19,"DILUTED_EPS":0.19,"OPERATE_INCOME":2750179404.48,"OPERATE_INCOME_YOY":26.0913626762,"GROSS_PROFIT":null,"GROSS_PROFIT_YOY":null,"HOLDER_PROFIT":957777036.47,"HOLDER_PROFIT_YOY":43.7910932549,"GROSS_PROFIT_RATIO":null,"EPS_TTM":0.754916739569,"OPERATE_INCOME_QOQ":3.788518483511,"NET_PROFIT_RATIO":35.2803629414,"ROE_AVG":1.484421833916,"GROSS_PROFIT_QOQ":null,"ROA":0.371722295322,"HOLDER_PROFIT_QOQ":9.146475207059,"ROE_YEARLY":5.937687335664,"ROIC_YEARLY":1.777143382289,"TOTAL_ASSETS":256964103150.34,"TOTAL_LIABILITIES":191133053974.52,"TAX_EBT":20.185637188503,"OCF_SALES":84.059231889169,"TOTAL_PARENT_EQUITY":65038947839.73,"DEBT_ASSET_RATIO":74.3812274288,"OPERATE_PROFIT":1216594939.27,"PRETAX_PROFIT":1215662496.4,"NETCASH_OPERATE":2311779682.98,"NETCASH_INVEST":-8391890730.19,"NETCASH_FINANCE":-990034693.59,"END_CASH":59152002448.66,"DIVI_RATIO":0.487789523997,"DIVIDEND_RATE":4.744445614035,"CURRENT_RATIO":1.289601754746,"COMMON_ACS":null,"CURRENTDEBT_DEBT":86.698671022695,"ISSUED_COMMON_SHARES":4610787639,"HK_COMMON_SHARES":704088800,"PER_SHARES":200,"TOTAL_MARKET_CAP":39422234313.45,"HKSK_MARKET_CAP":6019959240,"PE_TTM":18.156471117582,"PB_TTM":0.613562959978,"REPORT_DATE_SQ":"2022-03-31 00:00:00","REPORT_TYPE_SQ":"2022年一季报","OPERATE_INCOME_SQ":2181100549.72,"DPS_HKD":0.4056501,"OPERATE_INCOME_QOQ_SQ":-5.234593737627,"NET_PROFIT_RATIO_SQ":31.3188686655,"HOLDER_PROFIT_SQ":666089265.19,"HOLDER_PROFIT_QOQ_SQ":-0.878268677325,"ROE_AVG_SQ":1.101804274902,"PE_TTM_SQ":5.356648929366,"PB_TTM_SQ":0.387877050331,"ROA_SQ":0.272823771025,"START_DATE":"2023-01-01 00:00:00","FISCAL_YEAR":"12-31","CURRENCY":"HKD","IS_CNY_CODE":0,"DPS_HKD_LY":0.2280756,"ORG_TYPE":"证券","PREMIUM_INCOME":null,"PREMIUM_INCOME_YOY":null,"NET_INTEREST_INCOME":421980322.44,"NET_INTEREST_INCOME_YOY":null,"FEE_COMMISSION_INCOME":1171744997.86,"FEE_COMMISSION_INCOME_YOY":-24.49562077868,"ACCOUNTS_RECE_TDAYS":1.750578146314,"INVENTORY_TDAYS":null,"CURRENT_ASSETS_TDAYS":0.012644769315,"TOTAL_ASSETS_TDAYS":0.010673705485,"PREMIUM_EXPENSE":null,"LOAN_DEPOSIT":null,"LOAN_EQUITY":null,"LOAN_ASSETS":null,"DEPOSIT_EQUITY":null,"DEPOSIT_ASSETS":null,"EQUITY_MULTIPLIER":3.903387631944,"EQUITY_RATIO":2.93874763235},{"SECUCODE":"06178.HK","SECURITY_CODE":"06178","SECURITY_NAME_ABBR":"光大证券","ORG_CODE":"10004829","STD_REPORT_DATE":"2022-12-31 00:00:00","REPORT_DATE":"2022-12-31 00:00:00","DATE_TYPE_CODE":"001","REPORT_TYPE":"2022年年报","PER_NETCASH_OPERATE":3.884387745059,"PER_OI":3.257826249239,"BPS":11.82138395162,"BASIC_EPS":0.61,"DILUTED_EPS":0.61,"OPERATE_INCOME":15021145000,"OPERATE_INCOME_YOY":-31.4035123291,"GROSS_PROFIT":null,"GROSS_PROFIT_YOY":null,"HOLDER_PROFIT":3189073000,"HOLDER_PROFIT_YOY":-8.4739054717,"GROSS_PROFIT_RATIO":null,"EPS_TTM":0.691654712749,"OPERATE_INCOME_QOQ":-18.873420438482,"NET_PROFIT_RATIO":21.5737548636,"ROE_AVG":5.233546851632,"GROSS_PROFIT_QOQ":null,"ROA":1.282137115162,"HOLDER_PROFIT_QOQ":-12.220147206123,"ROE_YEARLY":5.233546851632,"ROIC_YEARLY":1.35778027532,"TOTAL_ASSETS":258354482000,"TOTAL_LIABILITIES":193570043000,"TAX_EBT":15.91321010767,"OCF_SALES":119.232501916465,"TOTAL_PARENT_EQUITY":64004834000,"DEBT_ASSET_RATIO":74.9242054953,"OPERATE_PROFIT":3748745000,"PRETAX_PROFIT":3853905000,"NETCASH_OPERATE":17910087000,"NETCASH_INVEST":-9028978000,"NETCASH_FINANCE":-6467166000,"END_CASH":14807334000,"DIVI_RATIO":0.532405071872,"DIVIDEND_RATE":4.783609669811,"CURRENT_RATIO":1.385851492188,"COMMON_ACS":null,"CURRENTDEBT_DEBT":82.491507221497,"ISSUED_COMMON_SHARES":4610787639,"HK_COMMON_SHARES":704088800,"PER_SHARES":200,"TOTAL_MARKET_CAP":39099479178.72,"HKSK_MARKET_CAP":5970673024,"PE_TTM":18.007821646444,"PB_TTM":0.608539637499,"REPORT_DATE_SQ":"2021-12-31 00:00:00","REPORT_TYPE_SQ":"2021年年报","OPERATE_INCOME_SQ":21897834000,"DPS_HKD":0.4056501,"OPERATE_INCOME_QOQ_SQ":-3.399299623984,"NET_PROFIT_RATIO_SQ":16.2719563953,"HOLDER_PROFIT_SQ":3484332000,"HOLDER_PROFIT_QOQ_SQ":52.736871811131,"ROE_AVG_SQ":6.317089393754,"PE_TTM_SQ":5.23513704439,"PB_TTM_SQ":0.379078327072,"ROA_SQ":1.489527326081,"START_DATE":"2022-01-01 00:00:00","FISCAL_YEAR":"12-31","CURRENCY":"HKD","IS_CNY_CODE":0,"DPS_HKD_LY":0.2672293,"ORG_TYPE":"证券","PREMIUM_INCOME":null,"PREMIUM_INCOME_YOY":null,"NET_INTEREST_INCOME":5340691000,"NET_INTEREST_INCOME_YOY":null,"FEE_COMMISSION_INCOME":7271598000,"FEE_COMMISSION_INCOME_YOY":-22.191492059552,"ACCOUNTS_RECE_TDAYS":8.86332142108,"INVENTORY_TDAYS":null,"CURRENT_ASSETS_TDAYS":0.070011740428,"TOTAL_ASSETS_TDAYS":0.060391115276,"PREMIUM_EXPENSE":null,"LOAN_DEPOSIT":null,"LOAN_EQUITY":null,"LOAN_ASSETS":null,"DEPOSIT_EQUITY":null,"DEPOSIT_ASSETS":null,"EQUITY_MULTIPLIER":3.987909534881,"EQUITY_RATIO":3.024303492452},{"SECUCODE":"06178.HK","SECURITY_CODE":"06178","SECURITY_NAME_ABBR":"光大证券","ORG_CODE":"10004829","STD_REPORT_DATE":"2022-09-30 00:00:00","REPORT_DATE":"2022-09-30 00:00:00","DATE_TYPE_CODE":"004","REPORT_TYPE":"2022年三季报","PER_NETCASH_OPERATE":2.971118703975,"PER_OI":1.935312053197,"BPS":11.888391071745,"BASIC_EPS":0.68,"DILUTED_EPS":0.68,"OPERATE_INCOME":8923312892.49,"OPERATE_INCOME_YOY":-27.4849191283,"GROSS_PROFIT":null,"GROSS_PROFIT_YOY":null,"HOLDER_PROFIT":3405890948.71,"HOLDER_PROFIT_YOY":4.5653880103,"GROSS_PROFIT_RATIO":null,"EPS_TTM":0.787942438652,"OPERATE_INCOME_QOQ":-1.809122587612,"NET_PROFIT_RATIO":38.7088550286,"ROE_AVG":5.575230140145,"GROSS_PROFIT_QOQ":null,"ROA":1.392691655279,"HOLDER_PROFIT_QOQ":9.113952736367,"ROE_YEARLY":7.43364018686,"ROIC_YEARLY":1.675383297077,"TOTAL_ASSETS":250001518854.27,"TOTAL_LIABILITIES":184909839987.63,"TAX_EBT":19.238571047944,"OCF_SALES":153.521428188621,"TOTAL_PARENT_EQUITY":64313789997.42,"DEBT_ASSET_RATIO":73.963486636,"OPERATE_PROFIT":4285070356.51,"PRETAX_PROFIT":4276933055.94,"NETCASH_OPERATE":13699197394.29,"NETCASH_INVEST":-2860310914.8,"NETCASH_FINANCE":-6400502857.51,"END_CASH":67731852000.34,"DIVI_RATIO":0.467344388357,"DIVIDEND_RATE":4.744445614035,"CURRENT_RATIO":1.278072646881,"COMMON_ACS":null,"CURRENTDEBT_DEBT":93.135960350272,"ISSUED_COMMON_SHARES":4610787639,"HK_COMMON_SHARES":704088800,"PER_SHARES":200,"TOTAL_MARKET_CAP":39422234313.45,"HKSK_MARKET_CAP":6019959240,"PE_TTM":18.156471117582,"PB_TTM":0.613562959978,"REPORT_DATE_SQ":"2021-09-30 00:00:00","REPORT_TYPE_SQ":"2021年三季报","OPERATE_INCOME_SQ":12305458099.51,"DPS_HKD":0.4056501,"OPERATE_INCOME_QOQ_SQ":0.141550438302,"NET_PROFIT_RATIO_SQ":26.9468749158,"HOLDER_PROFIT_SQ":3257187692.33,"HOLDER_PROFIT_QOQ_SQ":-6.676328887507,"ROE_AVG_SQ":5.918765849599,"PE_TTM_SQ":5.356648929366,"PB_TTM_SQ":0.387877050331,"ROA_SQ":1.359782397621,"START_DATE":"2022-01-01 00:00:00","FISCAL_YEAR":"12-31","CURRENCY":"HKD","IS_CNY_CODE":0,"DPS_HKD_LY":0.2672293,"ORG_TYPE":"证券","PREMIUM_INCOME":null,"PREMIUM_INCOME_YOY":null,"NET_INTEREST_INCOME":1684513633.98,"NET_INTEREST_INCOME_YOY":null,"FEE_COMMISSION_INCOME":4937146874.57,"FEE_COMMISSION_INCOME_YOY":-16.954191628233,"ACCOUNTS_RECE_TDAYS":4.53652865329,"INVENTORY_TDAYS":null,"CURRENT_ASSETS_TDAYS":0.041705618467,"TOTAL_ASSETS_TDAYS":0.036488024984,"PREMIUM_EXPENSE":null,"LOAN_DEPOSIT":null,"LOAN_EQUITY":null,"LOAN_ASSETS":null,"DEPOSIT_EQUITY":null,"DEPOSIT_ASSETS":null,"EQUITY_MULTIPLIER":3.840760035799,"EQUITY_RATIO":2.875119628233}],"count":43},"success":true,"message":"ok","code":0}