{"version":"3d198bf1f449dc2f0b932cbc5833761b","result":{"pages":3,"data":[{"SECUCODE":"06189.HK","SECURITY_CODE":"06189","SECURITY_NAME_ABBR":"爱得威建设集团","ORG_CODE":"10284934","STD_REPORT_DATE":"2024-06-30 00:00:00","REPORT_DATE":"2024-06-30 00:00:00","DATE_TYPE_CODE":"002","REPORT_TYPE":"2024年中报","PER_NETCASH_OPERATE":-0.03007504504,"PER_OI":0.022969265699,"BPS":-2.724809042038,"BASIC_EPS":-0.04,"DILUTED_EPS":-0.04,"OPERATE_INCOME":5534000,"OPERATE_INCOME_YOY":-87.3635657853,"GROSS_PROFIT":89000,"GROSS_PROFIT_YOY":-98.721080615031,"HOLDER_PROFIT":-8518000,"HOLDER_PROFIT_YOY":-113.2590321124,"GROSS_PROFIT_RATIO":1.608239971088,"EPS_TTM":-0.370492512482,"OPERATE_INCOME_QOQ":-62.347228106769,"NET_PROFIT_RATIO":-153.9212143115,"ROE_AVG":1.3059800178,"GROSS_PROFIT_QOQ":-84.972170686456,"ROA":-10.567910424615,"HOLDER_PROFIT_QOQ":-440.922312446976,"ROE_YEARLY":2.611960035601,"ROIC_YEARLY":-21.315382834836,"TOTAL_ASSETS":67639000,"TOTAL_LIABILITIES":724129000,"TAX_EBT":-43.93376140588,"OCF_SALES":-130.936031803397,"TOTAL_PARENT_EQUITY":-656490000,"DEBT_ASSET_RATIO":1070.5791037715,"OPERATE_PROFIT":8004000,"PRETAX_PROFIT":-5918000,"NETCASH_OPERATE":-7246000,"NETCASH_INVEST":25744000,"NETCASH_FINANCE":-18892000,"END_CASH":482000,"DIVI_RATIO":null,"DIVIDEND_RATE":null,"CURRENT_RATIO":0.034127162,"COMMON_ACS":null,"CURRENTDEBT_DEBT":99.820059685498,"ISSUED_COMMON_SHARES":240930645,"HK_COMMON_SHARES":62763000,"PER_SHARES":500,"TOTAL_MARKET_CAP":30357261.27,"HKSK_MARKET_CAP":7908138,"PE_TTM":-0.312246683746,"PB_TTM":-0.042203940983,"REPORT_DATE_SQ":"2023-06-30 00:00:00","REPORT_TYPE_SQ":"2023年中报","OPERATE_INCOME_SQ":43794000,"DPS_HKD":null,"OPERATE_INCOME_QOQ_SQ":-32.27522460354,"NET_PROFIT_RATIO_SQ":146.6936109969,"HOLDER_PROFIT_SQ":64243000,"HOLDER_PROFIT_QOQ_SQ":16.000652305016,"ROE_AVG_SQ":-10.718832329185,"PE_TTM_SQ":-0.056641961715,"PB_TTM_SQ":-0.084197004287,"ROA_SQ":55.957633060846,"START_DATE":"2024-01-01 00:00:00","FISCAL_YEAR":"12-31","CURRENCY":"HKD","IS_CNY_CODE":0,"DPS_HKD_LY":null,"ORG_TYPE":"一般企业","PREMIUM_INCOME":null,"PREMIUM_INCOME_YOY":null,"NET_INTEREST_INCOME":null,"NET_INTEREST_INCOME_YOY":null,"FEE_COMMISSION_INCOME":null,"FEE_COMMISSION_INCOME_YOY":null,"ACCOUNTS_RECE_TDAYS":0.291970032711,"INVENTORY_TDAYS":null,"CURRENT_ASSETS_TDAYS":0.168704081944,"TOTAL_ASSETS_TDAYS":0.06865792004,"PREMIUM_EXPENSE":null,"LOAN_DEPOSIT":null,"LOAN_EQUITY":null,"LOAN_ASSETS":null,"DEPOSIT_EQUITY":null,"DEPOSIT_ASSETS":null,"EQUITY_MULTIPLIER":-0.103031272373,"EQUITY_RATIO":-1.103031272373},{"SECUCODE":"06189.HK","SECURITY_CODE":"06189","SECURITY_NAME_ABBR":"爱得威建设集团","ORG_CODE":"10284934","STD_REPORT_DATE":"2023-12-31 00:00:00","REPORT_DATE":"2023-12-31 00:00:00","DATE_TYPE_CODE":"001","REPORT_TYPE":"2023年年报","PER_NETCASH_OPERATE":-0.021375446033,"PER_OI":0.254704004134,"BPS":-2.689450318784,"BASIC_EPS":-0.07,"DILUTED_EPS":-0.07,"OPERATE_INCOME":61366000,"OPERATE_INCOME_YOY":-67.5502747064,"GROSS_PROFIT":8085000,"GROSS_PROFIT_YOY":-71.016311166876,"HOLDER_PROFIT":-16502000,"HOLDER_PROFIT_YOY":98.3074941231,"GROSS_PROFIT_RATIO":13.175048072222,"EPS_TTM":-0.068492739892,"OPERATE_INCOME_QOQ":-52.085887175483,"NET_PROFIT_RATIO":-26.8911123423,"ROE_AVG":2.579566060151,"GROSS_PROFIT_QOQ":-23.56055592323,"ROA":-14.972146110436,"HOLDER_PROFIT_QOQ":97.985096404505,"ROE_YEARLY":2.579566060151,"ROIC_YEARLY":-15.101073418926,"TOTAL_ASSETS":93566000,"TOTAL_LIABILITIES":741537000,"TAX_EBT":-8.70882740448,"OCF_SALES":-8.392269334811,"TOTAL_PARENT_EQUITY":-647971000,"DEBT_ASSET_RATIO":792.5282688156,"OPERATE_PROFIT":15053000,"PRETAX_PROFIT":-15180000,"NETCASH_OPERATE":-5150000,"NETCASH_INVEST":3349000,"NETCASH_FINANCE":1671000,"END_CASH":876000,"DIVI_RATIO":null,"DIVIDEND_RATE":null,"CURRENT_RATIO":0.055306898028,"COMMON_ACS":null,"CURRENTDEBT_DEBT":99.819294249646,"ISSUED_COMMON_SHARES":240930645,"HK_COMMON_SHARES":62763000,"PER_SHARES":500,"TOTAL_MARKET_CAP":30357261.27,"HKSK_MARKET_CAP":7908138,"PE_TTM":-0.312246683746,"PB_TTM":-0.042203940983,"REPORT_DATE_SQ":"2022-12-31 00:00:00","REPORT_TYPE_SQ":"2022年年报","OPERATE_INCOME_SQ":189111000,"DPS_HKD":null,"OPERATE_INCOME_QOQ_SQ":-53.402300814176,"NET_PROFIT_RATIO_SQ":-515.5723358239,"HOLDER_PROFIT_SQ":-975004000,"HOLDER_PROFIT_QOQ_SQ":-44.671213047363,"ROE_AVG_SQ":677.551928061654,"PE_TTM_SQ":-0.105380393889,"PB_TTM_SQ":-0.156645589371,"ROA_SQ":-137.296959317201,"START_DATE":"2023-01-01 00:00:00","FISCAL_YEAR":"12-31","CURRENCY":"HKD","IS_CNY_CODE":0,"DPS_HKD_LY":null,"ORG_TYPE":"一般企业","PREMIUM_INCOME":null,"PREMIUM_INCOME_YOY":null,"NET_INTEREST_INCOME":null,"NET_INTEREST_INCOME_YOY":null,"FEE_COMMISSION_INCOME":null,"FEE_COMMISSION_INCOME_YOY":null,"ACCOUNTS_RECE_TDAYS":2.018452429899,"INVENTORY_TDAYS":null,"CURRENT_ASSETS_TDAYS":1.095850781717,"TOTAL_ASSETS_TDAYS":0.556769311728,"PREMIUM_EXPENSE":null,"LOAN_DEPOSIT":null,"LOAN_EQUITY":null,"LOAN_ASSETS":null,"DEPOSIT_EQUITY":null,"DEPOSIT_ASSETS":null,"EQUITY_MULTIPLIER":-0.144398437584,"EQUITY_RATIO":-1.144398437584},{"SECUCODE":"06189.HK","SECURITY_CODE":"06189","SECURITY_NAME_ABBR":"爱得威建设集团","ORG_CODE":"10284934","STD_REPORT_DATE":"2023-06-30 00:00:00","REPORT_DATE":"2023-06-30 00:00:00","DATE_TYPE_CODE":"002","REPORT_TYPE":"2023年中报","PER_NETCASH_OPERATE":0.003017465877,"PER_OI":0.181770152153,"BPS":-2.354308228412,"BASIC_EPS":0.27,"DILUTED_EPS":0.27,"OPERATE_INCOME":43794000,"OPERATE_INCOME_YOY":-58.2237908996,"GROSS_PROFIT":6959000,"GROSS_PROFIT_YOY":-71.335008444207,"HOLDER_PROFIT":64243000,"HOLDER_PROFIT_YOY":170.0089359662,"GROSS_PROFIT_RATIO":15.890304607937,"EPS_TTM":-3.399306053408,"OPERATE_INCOME_QOQ":-32.27522460354,"NET_PROFIT_RATIO":146.6936109969,"ROE_AVG":-10.718832329185,"GROSS_PROFIT_QOQ":-62.082810539523,"ROA":55.957633060846,"HOLDER_PROFIT_QOQ":16.000652305016,"ROE_YEARLY":-21.43766465837,"ROIC_YEARLY":112.620082743146,"TOTAL_ASSETS":102743000,"TOTAL_LIABILITIES":669968000,"TAX_EBT":2.016319682758,"OCF_SALES":1.660044754989,"TOTAL_PARENT_EQUITY":-567225000,"DEBT_ASSET_RATIO":652.0814070058,"OPERATE_PROFIT":76882000,"PRETAX_PROFIT":65565000,"NETCASH_OPERATE":727000,"NETCASH_INVEST":null,"NETCASH_FINANCE":-1300000,"END_CASH":431000,"DIVI_RATIO":null,"DIVIDEND_RATE":null,"CURRENT_RATIO":0.072176157744,"COMMON_ACS":null,"CURRENTDEBT_DEBT":99.799990447305,"ISSUED_COMMON_SHARES":240930645,"HK_COMMON_SHARES":62763000,"PER_SHARES":500,"TOTAL_MARKET_CAP":30357261.27,"HKSK_MARKET_CAP":7908138,"PE_TTM":-0.312246683746,"PB_TTM":-0.042203940983,"REPORT_DATE_SQ":"2022-06-30 00:00:00","REPORT_TYPE_SQ":"2022年中报","OPERATE_INCOME_SQ":104830000,"DPS_HKD":null,"OPERATE_INCOME_QOQ_SQ":-26.929549236866,"NET_PROFIT_RATIO_SQ":-87.3385453799,"HOLDER_PROFIT_SQ":-91764000,"HOLDER_PROFIT_QOQ_SQ":-16.576405867461,"ROE_AVG_SQ":-30.680183429516,"PE_TTM_SQ":-0.105380393889,"PB_TTM_SQ":-0.156645589371,"ROA_SQ":-7.799963847203,"START_DATE":"2023-01-01 00:00:00","FISCAL_YEAR":"12-31","CURRENCY":"HKD","IS_CNY_CODE":0,"DPS_HKD_LY":null,"ORG_TYPE":"一般企业","PREMIUM_INCOME":null,"PREMIUM_INCOME_YOY":null,"NET_INTEREST_INCOME":null,"NET_INTEREST_INCOME_YOY":null,"FEE_COMMISSION_INCOME":null,"FEE_COMMISSION_INCOME_YOY":null,"ACCOUNTS_RECE_TDAYS":1.364192819874,"INVENTORY_TDAYS":null,"CURRENT_ASSETS_TDAYS":0.734071975729,"TOTAL_ASSETS_TDAYS":0.381459237935,"PREMIUM_EXPENSE":null,"LOAN_DEPOSIT":null,"LOAN_EQUITY":null,"LOAN_ASSETS":null,"DEPOSIT_EQUITY":null,"DEPOSIT_ASSETS":null,"EQUITY_MULTIPLIER":-0.181132707479,"EQUITY_RATIO":-1.181132707479},{"SECUCODE":"06189.HK","SECURITY_CODE":"06189","SECURITY_NAME_ABBR":"爱得威建设集团","ORG_CODE":"10284934","STD_REPORT_DATE":"2022-12-31 00:00:00","REPORT_DATE":"2022-12-31 00:00:00","DATE_TYPE_CODE":"001","REPORT_TYPE":"2022年年报","PER_NETCASH_OPERATE":-0.033345695812,"PER_OI":0.784918830064,"BPS":-2.620957578892,"BASIC_EPS":-4.05,"DILUTED_EPS":-4.05,"OPERATE_INCOME":189111000,"OPERATE_INCOME_YOY":-65.8956514526,"GROSS_PROFIT":27895000,"GROSS_PROFIT_YOY":-61.411833058972,"HOLDER_PROFIT":-975004000,"HOLDER_PROFIT_YOY":-68.6525494972,"GROSS_PROFIT_RATIO":14.750596210691,"EPS_TTM":-4.046824346484,"OPERATE_INCOME_QOQ":-53.402300814176,"NET_PROFIT_RATIO":-515.5723358239,"ROE_AVG":677.551928061654,"GROSS_PROFIT_QOQ":-47.938527898815,"ROA":-137.296959317201,"HOLDER_PROFIT_QOQ":-44.671213047363,"ROE_YEARLY":677.551928061654,"ROIC_YEARLY":-140.68652491958,"TOTAL_ASSETS":126870000,"TOTAL_LIABILITIES":758339000,"TAX_EBT":null,"OCF_SALES":-4.248298618272,"TOTAL_PARENT_EQUITY":-631469000,"DEBT_ASSET_RATIO":597.729171593,"OPERATE_PROFIT":-955578000,"PRETAX_PROFIT":-975004000,"NETCASH_OPERATE":-8034000,"NETCASH_INVEST":899000,"NETCASH_FINANCE":-455000,"END_CASH":1006000,"DIVI_RATIO":null,"DIVIDEND_RATE":null,"CURRENT_RATIO":0.093878273598,"COMMON_ACS":null,"CURRENTDEBT_DEBT":99.81380358916,"ISSUED_COMMON_SHARES":240930645,"HK_COMMON_SHARES":62763000,"PER_SHARES":500,"TOTAL_MARKET_CAP":30357261.27,"HKSK_MARKET_CAP":7908138,"PE_TTM":-0.312246683746,"PB_TTM":-0.042203940983,"REPORT_DATE_SQ":"2021-12-31 00:00:00","REPORT_TYPE_SQ":"2021年年报","OPERATE_INCOME_SQ":554507000,"DPS_HKD":null,"OPERATE_INCOME_QOQ_SQ":-44.751243116789,"NET_PROFIT_RATIO_SQ":-104.0885794687,"HOLDER_PROFIT_SQ":-578114000,"HOLDER_PROFIT_QOQ_SQ":-88.793723089992,"ROE_AVG_SQ":-89.367219273908,"PE_TTM_SQ":-0.105380393889,"PB_TTM_SQ":-0.156645589371,"ROA_SQ":-33.551129554743,"START_DATE":"2022-01-01 00:00:00","FISCAL_YEAR":"12-31","CURRENCY":"HKD","IS_CNY_CODE":0,"DPS_HKD_LY":null,"ORG_TYPE":"一般企业","PREMIUM_INCOME":null,"PREMIUM_INCOME_YOY":null,"NET_INTEREST_INCOME":null,"NET_INTEREST_INCOME_YOY":null,"FEE_COMMISSION_INCOME":null,"FEE_COMMISSION_INCOME_YOY":null,"ACCOUNTS_RECE_TDAYS":0.552699183713,"INVENTORY_TDAYS":null,"CURRENT_ASSETS_TDAYS":0.290928934858,"TOTAL_ASSETS_TDAYS":0.266300089778,"PREMIUM_EXPENSE":null,"LOAN_DEPOSIT":null,"LOAN_EQUITY":null,"LOAN_ASSETS":null,"DEPOSIT_EQUITY":null,"DEPOSIT_ASSETS":null,"EQUITY_MULTIPLIER":-0.200912475513,"EQUITY_RATIO":-1.200912475513},{"SECUCODE":"06189.HK","SECURITY_CODE":"06189","SECURITY_NAME_ABBR":"爱得威建设集团","ORG_CODE":"10284934","STD_REPORT_DATE":"2022-06-30 00:00:00","REPORT_DATE":"2022-06-30 00:00:00","DATE_TYPE_CODE":"002","REPORT_TYPE":"2022年中报","PER_NETCASH_OPERATE":0.007899834784,"PER_OI":0.435104467512,"BPS":1.056452742655,"BASIC_EPS":-0.38,"DILUTED_EPS":-0.38,"OPERATE_INCOME":104830000,"OPERATE_INCOME_YOY":-58.7381767007,"GROSS_PROFIT":24277000,"GROSS_PROFIT_YOY":-44.285093661807,"HOLDER_PROFIT":-91764000,"HOLDER_PROFIT_YOY":-2356.7014102742,"GROSS_PROFIT_RATIO":23.157954142676,"EPS_TTM":-2.797256110073,"OPERATE_INCOME_QOQ":-26.929549236866,"NET_PROFIT_RATIO":-87.3385453799,"ROE_AVG":-30.680183429516,"GROSS_PROFIT_QOQ":-26.423192821609,"ROA":-7.799963847203,"HOLDER_PROFIT_QOQ":-16.576405867461,"ROE_YEARLY":-61.360366859033,"ROIC_YEARLY":-15.920088265276,"TOTAL_ASSETS":1059525499.92,"TOTAL_LIABILITIES":804993659.22,"TAX_EBT":null,"OCF_SALES":1.811517288739,"TOTAL_PARENT_EQUITY":254531840.7,"DEBT_ASSET_RATIO":75.9768084186,"OPERATE_PROFIT":-83478000,"PRETAX_PROFIT":-91764000,"NETCASH_OPERATE":1904000,"NETCASH_INVEST":-12000,"NETCASH_FINANCE":-8476000,"END_CASH":2013000,"DIVI_RATIO":null,"DIVIDEND_RATE":null,"CURRENT_RATIO":1.272144197028,"COMMON_ACS":null,"CURRENTDEBT_DEBT":97.276048286983,"ISSUED_COMMON_SHARES":240930645,"HK_COMMON_SHARES":62763000,"PER_SHARES":500,"TOTAL_MARKET_CAP":30357261.27,"HKSK_MARKET_CAP":7908138,"PE_TTM":-0.312246683746,"PB_TTM":-0.042203940983,"REPORT_DATE_SQ":"2021-06-30 00:00:00","REPORT_TYPE_SQ":"2021年中报","OPERATE_INCOME_SQ":254635619.1,"DPS_HKD":null,"OPERATE_INCOME_QOQ_SQ":10.402233743684,"NET_PROFIT_RATIO_SQ":1.5969093697,"HOLDER_PROFIT_SQ":4066300.06,"HOLDER_PROFIT_QOQ_SQ":7.696635804798,"ROE_AVG_SQ":0.430878054217,"PE_TTM_SQ":-0.105380393889,"PB_TTM_SQ":-0.156645589371,"ROA_SQ":0.197757091088,"START_DATE":"2022-01-01 00:00:00","FISCAL_YEAR":"12-31","CURRENCY":"HKD","IS_CNY_CODE":0,"DPS_HKD_LY":null,"ORG_TYPE":"一般企业","PREMIUM_INCOME":null,"PREMIUM_INCOME_YOY":null,"NET_INTEREST_INCOME":null,"NET_INTEREST_INCOME_YOY":null,"FEE_COMMISSION_INCOME":null,"FEE_COMMISSION_INCOME_YOY":null,"ACCOUNTS_RECE_TDAYS":0.183522009657,"INVENTORY_TDAYS":null,"CURRENT_ASSETS_TDAYS":0.094435583594,"TOTAL_ASSETS_TDAYS":0.089307233287,"PREMIUM_EXPENSE":null,"LOAN_DEPOSIT":null,"LOAN_EQUITY":null,"LOAN_ASSETS":null,"DEPOSIT_EQUITY":null,"DEPOSIT_ASSETS":null,"EQUITY_MULTIPLIER":4.162644237389,"EQUITY_RATIO":3.162644237382},{"SECUCODE":"06189.HK","SECURITY_CODE":"06189","SECURITY_NAME_ABBR":"爱得威建设集团","ORG_CODE":"10284934","STD_REPORT_DATE":"2021-12-31 00:00:00","REPORT_DATE":"2021-12-31 00:00:00","DATE_TYPE_CODE":"001","REPORT_TYPE":"2021年年报","PER_NETCASH_OPERATE":0.020866907113,"PER_OI":2.301521253139,"BPS":1.426411173805,"BASIC_EPS":-2.4,"DILUTED_EPS":-2.4,"OPERATE_INCOME":554507000,"OPERATE_INCOME_YOY":-39.0041382853,"GROSS_PROFIT":72289000,"GROSS_PROFIT_YOY":-52.402466620051,"HOLDER_PROFIT":-578114000,"HOLDER_PROFIT_YOY":-74.2629578014,"GROSS_PROFIT_RATIO":13.111683350629,"EPS_TTM":-2.399504504585,"OPERATE_INCOME_QOQ":-44.751243116789,"NET_PROFIT_RATIO":-104.0885794687,"ROE_AVG":-89.367219273908,"GROSS_PROFIT_QOQ":-55.698279338738,"ROA":-33.551129554743,"HOLDER_PROFIT_QOQ":-88.793723089992,"ROE_YEARLY":-89.367219273908,"ROIC_YEARLY":-35.538643265009,"TOTAL_ASSETS":1293415000,"TOTAL_LIABILITIES":949748000,"TAX_EBT":-21.238316336053,"OCF_SALES":0.905189681951,"TOTAL_PARENT_EQUITY":343667000,"DEBT_ASSET_RATIO":73.4295499047,"OPERATE_PROFIT":-458282000,"PRETAX_PROFIT":-476841000,"NETCASH_OPERATE":5028000,"NETCASH_INVEST":3909000,"NETCASH_FINANCE":-110941000,"END_CASH":8596000,"DIVI_RATIO":null,"DIVIDEND_RATE":null,"CURRENT_RATIO":1.317861908559,"COMMON_ACS":null,"CURRENTDEBT_DEBT":98.19046736608,"ISSUED_COMMON_SHARES":240930645,"HK_COMMON_SHARES":62763000,"PER_SHARES":500,"TOTAL_MARKET_CAP":30357261.27,"HKSK_MARKET_CAP":7908138,"PE_TTM":-0.312246683746,"PB_TTM":-0.042203940983,"REPORT_DATE_SQ":"2020-12-31 00:00:00","REPORT_TYPE_SQ":"2020年年报","OPERATE_INCOME_SQ":910563337.49,"DPS_HKD":null,"OPERATE_INCOME_QOQ_SQ":-4.920073939993,"NET_PROFIT_RATIO_SQ":-36.4332884019,"HOLDER_PROFIT_SQ":-331748166.83,"HOLDER_PROFIT_QOQ_SQ":-6062.88624986067,"ROE_AVG_SQ":-29.774330742718,"PE_TTM_SQ":-0.105380393889,"PB_TTM_SQ":-0.156645589371,"ROA_SQ":-13.438528542578,"START_DATE":"2021-01-01 00:00:00","FISCAL_YEAR":"12-31","CURRENCY":"HKD","IS_CNY_CODE":0,"DPS_HKD_LY":null,"ORG_TYPE":"一般企业","PREMIUM_INCOME":null,"PREMIUM_INCOME_YOY":null,"NET_INTEREST_INCOME":null,"NET_INTEREST_INCOME_YOY":null,"FEE_COMMISSION_INCOME":null,"FEE_COMMISSION_INCOME_YOY":null,"ACCOUNTS_RECE_TDAYS":0.868019666471,"INVENTORY_TDAYS":null,"CURRENT_ASSETS_TDAYS":0.345648750132,"TOTAL_ASSETS_TDAYS":0.322332476108,"PREMIUM_EXPENSE":null,"LOAN_DEPOSIT":null,"LOAN_EQUITY":null,"LOAN_ASSETS":null,"DEPOSIT_EQUITY":null,"DEPOSIT_ASSETS":null,"EQUITY_MULTIPLIER":3.763579451659,"EQUITY_RATIO":2.763570549398},{"SECUCODE":"06189.HK","SECURITY_CODE":"06189","SECURITY_NAME_ABBR":"爱得威建设集团","ORG_CODE":"10284934","STD_REPORT_DATE":"2021-06-30 00:00:00","REPORT_DATE":"2021-06-30 00:00:00","DATE_TYPE_CODE":"002","REPORT_TYPE":"2021年中报","PER_NETCASH_OPERATE":0.087763635091,"PER_OI":1.056883482381,"BPS":3.890412884546,"BASIC_EPS":0.02,"DILUTED_EPS":0.02,"OPERATE_INCOME":254635619.1,"OPERATE_INCOME_YOY":59.2301687573,"GROSS_PROFIT":43573617.18,"GROSS_PROFIT_YOY":40.246281463781,"HOLDER_PROFIT":4066300.06,"HOLDER_PROFIT_YOY":118.9419667455,"GROSS_PROFIT_RATIO":17.112145321228,"EPS_TTM":-1.270966251055,"OPERATE_INCOME_QOQ":10.402233743684,"NET_PROFIT_RATIO":1.5969093697,"ROE_AVG":0.430878054217,"GROSS_PROFIT_QOQ":8.233230016073,"ROA":0.197757091088,"HOLDER_PROFIT_QOQ":7.696635804798,"ROE_YEARLY":0.861756108433,"ROIC_YEARLY":0.418480111234,"TOTAL_ASSETS":1959665743.46,"TOTAL_LIABILITIES":1022346057.87,"TAX_EBT":21.694660775279,"OCF_SALES":8.304002906088,"TOTAL_PARENT_EQUITY":937319685.59,"DEBT_ASSET_RATIO":52.1694100783,"OPERATE_PROFIT":16043505.74,"PRETAX_PROFIT":5192877.14,"NETCASH_OPERATE":21144949.21,"NETCASH_INVEST":3470636.85,"NETCASH_FINANCE":-102465420.8,"END_CASH":32751350.55,"DIVI_RATIO":null,"DIVIDEND_RATE":null,"CURRENT_RATIO":1.761164805211,"COMMON_ACS":null,"CURRENTDEBT_DEBT":99.74989278725,"ISSUED_COMMON_SHARES":240930645,"HK_COMMON_SHARES":62763000,"PER_SHARES":500,"TOTAL_MARKET_CAP":30357261.27,"HKSK_MARKET_CAP":7908138,"PE_TTM":-0.312246683746,"PB_TTM":-0.042203940983,"REPORT_DATE_SQ":"2020-06-30 00:00:00","REPORT_TYPE_SQ":"2020年中报","OPERATE_INCOME_SQ":159916692.35,"DPS_HKD":null,"OPERATE_INCOME_QOQ_SQ":-37.926001113555,"NET_PROFIT_RATIO_SQ":-14.2634474902,"HOLDER_PROFIT_SQ":-21467148.13,"HOLDER_PROFIT_QOQ_SQ":-107.657292422367,"ROE_AVG_SQ":-1.798569268715,"PE_TTM_SQ":-0.105380393889,"PB_TTM_SQ":-0.156645589371,"ROA_SQ":-0.878576325403,"START_DATE":"2021-01-01 00:00:00","FISCAL_YEAR":"12-31","CURRENCY":"HKD","IS_CNY_CODE":0,"DPS_HKD_LY":null,"ORG_TYPE":"一般企业","PREMIUM_INCOME":null,"PREMIUM_INCOME_YOY":null,"NET_INTEREST_INCOME":null,"NET_INTEREST_INCOME_YOY":null,"FEE_COMMISSION_INCOME":null,"FEE_COMMISSION_INCOME_YOY":null,"ACCOUNTS_RECE_TDAYS":0.422319136418,"INVENTORY_TDAYS":null,"CURRENT_ASSETS_TDAYS":0.13470190796,"TOTAL_ASSETS_TDAYS":0.123837391677,"PREMIUM_EXPENSE":null,"LOAN_DEPOSIT":null,"LOAN_EQUITY":null,"LOAN_ASSETS":null,"DEPOSIT_EQUITY":null,"DEPOSIT_ASSETS":null,"EQUITY_MULTIPLIER":2.090712244271,"EQUITY_RATIO":1.090712244272},{"SECUCODE":"06189.HK","SECURITY_CODE":"06189","SECURITY_NAME_ABBR":"爱得威建设集团","ORG_CODE":"10284934","STD_REPORT_DATE":"2020-12-31 00:00:00","REPORT_DATE":"2020-12-31 00:00:00","DATE_TYPE_CODE":"001","REPORT_TYPE":"2020年年报","PER_NETCASH_OPERATE":-0.027723890458,"PER_OI":3.779358734087,"BPS":3.94357689135,"BASIC_EPS":-1.38,"DILUTED_EPS":-1.38,"OPERATE_INCOME":910563337.49,"OPERATE_INCOME_YOY":-40.988950758,"GROSS_PROFIT":151875517.21,"GROSS_PROFIT_YOY":-38.369072338715,"HOLDER_PROFIT":-331748166.83,"HOLDER_PROFIT_YOY":-816.4508972613,"GROSS_PROFIT_RATIO":16.679291923684,"EPS_TTM":-1.376944667334,"OPERATE_INCOME_QOQ":-4.920073939993,"NET_PROFIT_RATIO":-36.4332884019,"ROE_AVG":-29.774330742718,"GROSS_PROFIT_QOQ":8.151876555958,"ROA":-13.438528542578,"HOLDER_PROFIT_QOQ":-6062.88624986067,"ROE_YEARLY":-29.774330742718,"ROIC_YEARLY":-14.668858175201,"TOTAL_ASSETS":2152753222.28,"TOTAL_LIABILITIES":1202624698.24,"TAX_EBT":16.124458581422,"OCF_SALES":-0.733560701929,"TOTAL_PARENT_EQUITY":950128524.04,"DEBT_ASSET_RATIO":55.8644941647,"OPERATE_PROFIT":-369216337.19,"PRETAX_PROFIT":-395524322.37,"NETCASH_OPERATE":-6679534.81,"NETCASH_INVEST":134079.38,"NETCASH_FINANCE":-137442423.69,"END_CASH":110600765.32,"DIVI_RATIO":null,"DIVIDEND_RATE":null,"CURRENT_RATIO":1.654490223858,"COMMON_ACS":null,"CURRENTDEBT_DEBT":99.747717344867,"ISSUED_COMMON_SHARES":240930645,"HK_COMMON_SHARES":62763000,"PER_SHARES":500,"TOTAL_MARKET_CAP":30357261.27,"HKSK_MARKET_CAP":7908138,"PE_TTM":-0.312246683746,"PB_TTM":-0.042203940983,"REPORT_DATE_SQ":"2019-12-31 00:00:00","REPORT_TYPE_SQ":"2019年年报","OPERATE_INCOME_SQ":1543038717.64,"DPS_HKD":null,"OPERATE_INCOME_QOQ_SQ":-16.167967593209,"NET_PROFIT_RATIO_SQ":4.556564755,"HOLDER_PROFIT_SQ":46304382.91,"HOLDER_PROFIT_QOQ_SQ":-46.832599718655,"ROE_AVG_SQ":5.949930999285,"PE_TTM_SQ":-0.105380393889,"PB_TTM_SQ":-0.156645589371,"ROA_SQ":2.605616536375,"START_DATE":"2020-01-01 00:00:00","FISCAL_YEAR":"12-31","CURRENCY":"HKD","IS_CNY_CODE":0,"DPS_HKD_LY":null,"ORG_TYPE":"一般企业","PREMIUM_INCOME":null,"PREMIUM_INCOME_YOY":null,"NET_INTEREST_INCOME":null,"NET_INTEREST_INCOME_YOY":null,"FEE_COMMISSION_INCOME":null,"FEE_COMMISSION_INCOME_YOY":null,"ACCOUNTS_RECE_TDAYS":0.965840936871,"INVENTORY_TDAYS":null,"CURRENT_ASSETS_TDAYS":0.392638285678,"TOTAL_ASSETS_TDAYS":0.368853022388,"PREMIUM_EXPENSE":null,"LOAN_DEPOSIT":null,"LOAN_EQUITY":null,"LOAN_ASSETS":null,"DEPOSIT_EQUITY":null,"DEPOSIT_ASSETS":null,"EQUITY_MULTIPLIER":2.265749493688,"EQUITY_RATIO":1.265749493686},{"SECUCODE":"06189.HK","SECURITY_CODE":"06189","SECURITY_NAME_ABBR":"爱得威建设集团","ORG_CODE":"10284934","STD_REPORT_DATE":"2020-06-30 00:00:00","REPORT_DATE":"2020-06-30 00:00:00","DATE_TYPE_CODE":"002","REPORT_TYPE":"2020年中报","PER_NETCASH_OPERATE":-0.302062031171,"PER_OI":0.663745752849,"BPS":5.211055654626,"BASIC_EPS":-0.09,"DILUTED_EPS":-0.09,"OPERATE_INCOME":159916692.35,"OPERATE_INCOME_YOY":-78.5533431068,"GROSS_PROFIT":31069356.51,"GROSS_PROFIT_YOY":-66.283200384165,"HOLDER_PROFIT":-21467148.13,"HOLDER_PROFIT_YOY":-143.0769812462,"GROSS_PROFIT_RATIO":15.476585436085,"EPS_TTM":-0.02234252932,"OPERATE_INCOME_QOQ":-37.926001113555,"NET_PROFIT_RATIO":-14.2634474902,"ROE_AVG":-1.798569268715,"GROSS_PROFIT_QOQ":-32.438465831457,"ROA":-0.878576325403,"HOLDER_PROFIT_QOQ":-107.657292422367,"ROE_YEARLY":-3.59713853743,"ROIC_YEARLY":-1.875026743777,"TOTAL_ASSETS":2402512000,"TOTAL_LIABILITIES":1147009000,"TAX_EBT":34.964923647681,"OCF_SALES":-45.555896363716,"TOTAL_PARENT_EQUITY":1255503000,"DEBT_ASSET_RATIO":47.7420716317,"OPERATE_PROFIT":-18241559.61,"PRETAX_PROFIT":-33008569.12,"NETCASH_OPERATE":-74873531.79,"NETCASH_INVEST":175596.27,"NETCASH_FINANCE":-108398704.59,"END_CASH":71493404.37,"DIVI_RATIO":null,"DIVIDEND_RATE":null,"CURRENT_RATIO":1.990407743027,"COMMON_ACS":null,"CURRENTDEBT_DEBT":99.750917386001,"ISSUED_COMMON_SHARES":240930645,"HK_COMMON_SHARES":62763000,"PER_SHARES":500,"TOTAL_MARKET_CAP":30357261.27,"HKSK_MARKET_CAP":7908138,"PE_TTM":-0.312246683746,"PB_TTM":-0.042203940983,"REPORT_DATE_SQ":"2019-06-30 00:00:00","REPORT_TYPE_SQ":"2019年中报","OPERATE_INCOME_SQ":744876000,"DPS_HKD":null,"OPERATE_INCOME_QOQ_SQ":0.522836403877,"NET_PROFIT_RATIO_SQ":7.1013161922,"HOLDER_PROFIT_SQ":52896000,"HOLDER_PROFIT_QOQ_SQ":1.154437584632,"ROE_AVG_SQ":4.760353426724,"PE_TTM_SQ":-0.105380393889,"PB_TTM_SQ":-0.156645589371,"ROA_SQ":1.990596823422,"START_DATE":"2020-01-01 00:00:00","FISCAL_YEAR":"12-31","CURRENCY":"HKD","IS_CNY_CODE":0,"DPS_HKD_LY":null,"ORG_TYPE":"一般企业","PREMIUM_INCOME":null,"PREMIUM_INCOME_YOY":null,"NET_INTEREST_INCOME":null,"NET_INTEREST_INCOME_YOY":null,"FEE_COMMISSION_INCOME":null,"FEE_COMMISSION_INCOME_YOY":null,"ACCOUNTS_RECE_TDAYS":0.137495753119,"INVENTORY_TDAYS":89.570149253731,"CURRENT_ASSETS_TDAYS":0.064797232577,"TOTAL_ASSETS_TDAYS":0.061596351514,"PREMIUM_EXPENSE":null,"LOAN_DEPOSIT":null,"LOAN_EQUITY":null,"LOAN_ASSETS":null,"DEPOSIT_EQUITY":null,"DEPOSIT_ASSETS":null,"EQUITY_MULTIPLIER":1.913585232373,"EQUITY_RATIO":0.913585232373}],"count":23},"success":true,"message":"ok","code":0}