{"version":"78ff8af291845c280ac018b310c317c3","result":{"pages":3,"data":[{"SECUCODE":"06186.HK","SECURITY_CODE":"06186","SECURITY_NAME_ABBR":"中国飞鹤","ORG_CODE":"10673838","STD_REPORT_DATE":"2024-06-30 00:00:00","REPORT_DATE":"2024-06-30 00:00:00","DATE_TYPE_CODE":"002","REPORT_TYPE":"2024年中报","PER_NETCASH_OPERATE":0.172926819635,"PER_OI":1.113341432393,"BPS":2.825252219336,"BASIC_EPS":0.21,"DILUTED_EPS":0.21,"OPERATE_INCOME":10094947000,"OPERATE_INCOME_YOY":3.695055841,"GROSS_PROFIT":6852455000,"GROSS_PROFIT_YOY":7.755439071113,"HOLDER_PROFIT":1875011000,"HOLDER_PROFIT_YOY":10.560565312,"GROSS_PROFIT_RATIO":67.88004929595,"EPS_TTM":0.393626108165,"OPERATE_INCOME_QOQ":1.841686777472,"NET_PROFIT_RATIO":18.9347304151,"ROE_AVG":7.416661148703,"GROSS_PROFIT_QOQ":3.894616220522,"ROA":5.222590879268,"HOLDER_PROFIT_QOQ":5.283112817695,"ROE_YEARLY":14.833322297406,"ROIC_YEARLY":15.343944570305,"TOTAL_ASSETS":35609185000,"TOTAL_LIABILITIES":8565478000,"TAX_EBT":36.904043163164,"OCF_SALES":15.532236078109,"TOTAL_PARENT_EQUITY":25617273000,"DEBT_ASSET_RATIO":24.0541253612,"OPERATE_PROFIT":3062410000,"PRETAX_PROFIT":3029435000,"NETCASH_OPERATE":1567971000,"NETCASH_INVEST":-363866000,"NETCASH_FINANCE":-1407849000,"END_CASH":7210240000,"DIVI_RATIO":0.720054940769,"DIVIDEND_RATE":5.544483985765,"CURRENT_RATIO":3.33640143628,"COMMON_ACS":2000000000000,"CURRENTDEBT_DEBT":78.368270865911,"ISSUED_COMMON_SHARES":9067251704,"HK_COMMON_SHARES":9067251704,"PER_SHARES":1000,"TOTAL_MARKET_CAP":50957954576.48,"HKSK_MARKET_CAP":50957954576.48,"PE_TTM":12.881833514278,"PB_TTM":1.815505732513,"REPORT_DATE_SQ":"2023-06-30 00:00:00","REPORT_TYPE_SQ":"2023年中报","OPERATE_INCOME_SQ":9735225000,"DPS_HKD":0.3116,"OPERATE_INCOME_QOQ_SQ":0.292816837254,"NET_PROFIT_RATIO_SQ":16.6270630622,"HOLDER_PROFIT_SQ":1695913000,"HOLDER_PROFIT_QOQ_SQ":-11.330808604044,"ROE_AVG_SQ":7.006921962807,"PE_TTM_SQ":7.354803785688,"PB_TTM_SQ":1.314524453694,"ROA_SQ":4.811895934745,"START_DATE":"2024-01-01 00:00:00","FISCAL_YEAR":"12-31","CURRENCY":"HKD","IS_CNY_CODE":0,"DPS_HKD_LY":0.3116,"ORG_TYPE":"一般企业","PREMIUM_INCOME":null,"PREMIUM_INCOME_YOY":null,"NET_INTEREST_INCOME":null,"NET_INTEREST_INCOME_YOY":null,"FEE_COMMISSION_INCOME":null,"FEE_COMMISSION_INCOME_YOY":null,"ACCOUNTS_RECE_TDAYS":27.296329645132,"INVENTORY_TDAYS":1.474762957138,"CURRENT_ASSETS_TDAYS":0.449160823467,"TOTAL_ASSETS_TDAYS":0.281181167091,"PREMIUM_EXPENSE":null,"LOAN_DEPOSIT":null,"LOAN_EQUITY":null,"LOAN_ASSETS":null,"DEPOSIT_EQUITY":null,"DEPOSIT_ASSETS":null,"EQUITY_MULTIPLIER":1.316727214949,"EQUITY_RATIO":0.334363380521},{"SECUCODE":"06186.HK","SECURITY_CODE":"06186","SECURITY_NAME_ABBR":"中国飞鹤","ORG_CODE":"10673838","STD_REPORT_DATE":"2023-12-31 00:00:00","REPORT_DATE":"2023-12-31 00:00:00","DATE_TYPE_CODE":"001","REPORT_TYPE":"2023年年报","PER_NETCASH_OPERATE":0.457177779478,"PER_OI":2.154148096648,"BPS":2.751093695678,"BASIC_EPS":0.37,"DILUTED_EPS":0.37,"OPERATE_INCOME":19532203000,"OPERATE_INCOME_YOY":-8.3465608944,"GROSS_PROFIT":12663353000,"GROSS_PROFIT_YOY":-9.227180192967,"HOLDER_PROFIT":3390009000,"HOLDER_PROFIT_YOY":-31.4047738913,"GROSS_PROFIT_RATIO":64.833203914582,"EPS_TTM":0.373873926816,"OPERATE_INCOME_QOQ":-8.614154038198,"NET_PROFIT_RATIO":16.8457802737,"ROE_AVG":13.856323549446,"GROSS_PROFIT_QOQ":-8.058292162317,"ROA":9.454713930052,"HOLDER_PROFIT_QOQ":-22.639165837911,"ROE_YEARLY":13.856323549446,"ROIC_YEARLY":13.821217481723,"TOTAL_ASSETS":36194678000,"TOTAL_LIABILITIES":9860332000,"TAX_EBT":32.161775002412,"OCF_SALES":21.223135966793,"TOTAL_PARENT_EQUITY":24944859000,"DEBT_ASSET_RATIO":27.2424912856,"OPERATE_PROFIT":4910832000,"PRETAX_PROFIT":4850292000,"NETCASH_OPERATE":4145346000,"NETCASH_INVEST":386697000,"NETCASH_FINANCE":-2705301000,"END_CASH":7447381000,"DIVI_RATIO":0.758096255639,"DIVIDEND_RATE":5.125,"CURRENT_RATIO":3.055211094751,"COMMON_ACS":2000000000000,"CURRENTDEBT_DEBT":74.867965906219,"ISSUED_COMMON_SHARES":9067251704,"HK_COMMON_SHARES":9067251704,"PER_SHARES":1000,"TOTAL_MARKET_CAP":55128890360.32,"HKSK_MARKET_CAP":55128890360.32,"PE_TTM":13.936218463845,"PB_TTM":1.964105845851,"REPORT_DATE_SQ":"2022-12-31 00:00:00","REPORT_TYPE_SQ":"2022年年报","OPERATE_INCOME_SQ":21310933000,"DPS_HKD":0.3116,"OPERATE_INCOME_QOQ_SQ":1.940208920923,"NET_PROFIT_RATIO_SQ":23.2186267959,"HOLDER_PROFIT_SQ":4942048000,"HOLDER_PROFIT_QOQ_SQ":-8.257096686465,"ROE_AVG_SQ":22.00999886455,"PE_TTM_SQ":8.197541719464,"PB_TTM_SQ":1.465147047346,"ROA_SQ":14.752999293388,"START_DATE":"2023-01-01 00:00:00","FISCAL_YEAR":"12-31","CURRENCY":"HKD","IS_CNY_CODE":0,"DPS_HKD_LY":0.307,"ORG_TYPE":"一般企业","PREMIUM_INCOME":null,"PREMIUM_INCOME_YOY":null,"NET_INTEREST_INCOME":null,"NET_INTEREST_INCOME_YOY":null,"FEE_COMMISSION_INCOME":null,"FEE_COMMISSION_INCOME_YOY":null,"ACCOUNTS_RECE_TDAYS":45.32701271125,"INVENTORY_TDAYS":3.230708629012,"CURRENT_ASSETS_TDAYS":0.872285813454,"TOTAL_ASSETS_TDAYS":0.544751921864,"PREMIUM_EXPENSE":null,"LOAN_DEPOSIT":null,"LOAN_EQUITY":null,"LOAN_ASSETS":null,"DEPOSIT_EQUITY":null,"DEPOSIT_ASSETS":null,"EQUITY_MULTIPLIER":1.37442858843,"EQUITY_RATIO":0.395285136709},{"SECUCODE":"06186.HK","SECURITY_CODE":"06186","SECURITY_NAME_ABBR":"中国飞鹤","ORG_CODE":"10673838","STD_REPORT_DATE":"2023-06-30 00:00:00","REPORT_DATE":"2023-06-30 00:00:00","DATE_TYPE_CODE":"002","REPORT_TYPE":"2023年中报","PER_NETCASH_OPERATE":0.125334191981,"PER_OI":1.073550373079,"BPS":2.693295807508,"BASIC_EPS":0.19,"DILUTED_EPS":0.19,"OPERATE_INCOME":9735225000,"OPERATE_INCOME_YOY":0.6451270741,"GROSS_PROFIT":6359266000,"GROSS_PROFIT_YOY":-2.713311533092,"HOLDER_PROFIT":1695913000,"HOLDER_PROFIT_YOY":-24.8227858931,"GROSS_PROFIT_RATIO":65.322229327006,"EPS_TTM":0.483232506445,"OPERATE_INCOME_QOQ":0.292816837254,"NET_PROFIT_RATIO":16.6270630622,"ROE_AVG":7.006921962807,"GROSS_PROFIT_QOQ":-1.271335999885,"ROA":4.811895934745,"HOLDER_PROFIT_QOQ":-11.330808604044,"ROE_YEARLY":14.013843925615,"ROIC_YEARLY":14.394945111894,"TOTAL_ASSETS":34972576000,"TOTAL_LIABILITIES":9141784000,"TAX_EBT":33.525663559815,"OCF_SALES":11.674737872006,"TOTAL_PARENT_EQUITY":24420791000,"DEBT_ASSET_RATIO":26.1398645613,"OPERATE_PROFIT":2472052000,"PRETAX_PROFIT":2435048000,"NETCASH_OPERATE":1136562000,"NETCASH_INVEST":2311275000,"NETCASH_FINANCE":-1434234000,"END_CASH":7580868000,"DIVI_RATIO":0.586534267086,"DIVIDEND_RATE":5.125,"CURRENT_RATIO":3.189063386311,"COMMON_ACS":2000000000000,"CURRENTDEBT_DEBT":73.897261191032,"ISSUED_COMMON_SHARES":9067251704,"HK_COMMON_SHARES":9067251704,"PER_SHARES":1000,"TOTAL_MARKET_CAP":55128890360.32,"HKSK_MARKET_CAP":55128890360.32,"PE_TTM":13.936218463845,"PB_TTM":1.964105845851,"REPORT_DATE_SQ":"2022-06-30 00:00:00","REPORT_TYPE_SQ":"2022年中报","OPERATE_INCOME_SQ":9672823000,"DPS_HKD":0.3116,"OPERATE_INCOME_QOQ_SQ":-8.214424094556,"NET_PROFIT_RATIO_SQ":23.4890682896,"HOLDER_PROFIT_SQ":2255887000,"HOLDER_PROFIT_QOQ_SQ":-21.600778571641,"ROE_AVG_SQ":10.540428188031,"PE_TTM_SQ":8.197541719464,"PB_TTM_SQ":1.465147047346,"ROA_SQ":7.113317513187,"START_DATE":"2023-01-01 00:00:00","FISCAL_YEAR":"12-31","CURRENCY":"HKD","IS_CNY_CODE":0,"DPS_HKD_LY":0.307,"ORG_TYPE":"一般企业","PREMIUM_INCOME":null,"PREMIUM_INCOME_YOY":null,"NET_INTEREST_INCOME":null,"NET_INTEREST_INCOME_YOY":null,"FEE_COMMISSION_INCOME":null,"FEE_COMMISSION_INCOME_YOY":null,"ACCOUNTS_RECE_TDAYS":20.395209593383,"INVENTORY_TDAYS":1.682873661312,"CURRENT_ASSETS_TDAYS":0.444800057971,"TOTAL_ASSETS_TDAYS":0.276222244899,"PREMIUM_EXPENSE":null,"LOAN_DEPOSIT":null,"LOAN_EQUITY":null,"LOAN_ASSETS":null,"DEPOSIT_EQUITY":null,"DEPOSIT_ASSETS":null,"EQUITY_MULTIPLIER":1.35391032532,"EQUITY_RATIO":0.37434430359},{"SECUCODE":"06186.HK","SECURITY_CODE":"06186","SECURITY_NAME_ABBR":"中国飞鹤","ORG_CODE":"10673838","STD_REPORT_DATE":"2022-12-31 00:00:00","REPORT_DATE":"2022-12-31 00:00:00","DATE_TYPE_CODE":"001","REPORT_TYPE":"2022年年报","PER_NETCASH_OPERATE":0.691269168564,"PER_OI":2.346138810521,"BPS":2.645343901661,"BASIC_EPS":0.55,"DILUTED_EPS":0.55,"OPERATE_INCOME":21310933000,"OPERATE_INCOME_YOY":-6.4335921627,"GROSS_PROFIT":13950600000,"GROSS_PROFIT_YOY":-12.850086293445,"HOLDER_PROFIT":4942048000,"HOLDER_PROFIT_YOY":-28.0742780864,"GROSS_PROFIT_RATIO":65.462173805342,"EPS_TTM":0.544074284137,"OPERATE_INCOME_QOQ":1.940208920923,"NET_PROFIT_RATIO":23.2186267959,"ROE_AVG":22.00999886455,"GROSS_PROFIT_QOQ":-0.969154389618,"ROA":14.752999293388,"HOLDER_PROFIT_QOQ":-8.257096686465,"ROE_YEARLY":22.00999886455,"ROIC_YEARLY":21.934944701685,"TOTAL_ASSETS":35515773000,"TOTAL_LIABILITIES":10040830000,"TAX_EBT":25.738780500214,"OCF_SALES":29.464120599506,"TOTAL_PARENT_EQUITY":23985999000,"DEBT_ASSET_RATIO":28.2714668775,"OPERATE_PROFIT":6714002000,"PRETAX_PROFIT":6663109000,"NETCASH_OPERATE":6279079000,"NETCASH_INVEST":-4803708000,"NETCASH_FINANCE":-1975285000,"END_CASH":5579482000,"DIVI_RATIO":0.520944349446,"DIVIDEND_RATE":5.125,"CURRENT_RATIO":2.97997423217,"COMMON_ACS":2000000000000,"CURRENTDEBT_DEBT":74.293549437646,"ISSUED_COMMON_SHARES":9067251704,"HK_COMMON_SHARES":9067251704,"PER_SHARES":1000,"TOTAL_MARKET_CAP":55128890360.32,"HKSK_MARKET_CAP":55128890360.32,"PE_TTM":13.936218463845,"PB_TTM":1.964105845851,"REPORT_DATE_SQ":"2021-12-31 00:00:00","REPORT_TYPE_SQ":"2021年年报","OPERATE_INCOME_SQ":22776265000,"DPS_HKD":0.3116,"OPERATE_INCOME_QOQ_SQ":6.283966399053,"NET_PROFIT_RATIO_SQ":30.3600963547,"HOLDER_PROFIT_SQ":6871044000,"HOLDER_PROFIT_QOQ_SQ":-18.433234866619,"ROE_AVG_SQ":35.538281391407,"PE_TTM_SQ":8.197541719464,"PB_TTM_SQ":1.465147047346,"ROA_SQ":22.978442573207,"START_DATE":"2022-01-01 00:00:00","FISCAL_YEAR":"12-31","CURRENCY":"HKD","IS_CNY_CODE":0,"DPS_HKD_LY":0.2864,"ORG_TYPE":"一般企业","PREMIUM_INCOME":null,"PREMIUM_INCOME_YOY":null,"NET_INTEREST_INCOME":null,"NET_INTEREST_INCOME_YOY":null,"FEE_COMMISSION_INCOME":null,"FEE_COMMISSION_INCOME_YOY":null,"ACCOUNTS_RECE_TDAYS":46.94146670793,"INVENTORY_TDAYS":3.961456662898,"CURRENT_ASSETS_TDAYS":1.010013123671,"TOTAL_ASSETS_TDAYS":0.636173868587,"PREMIUM_EXPENSE":null,"LOAN_DEPOSIT":null,"LOAN_EQUITY":null,"LOAN_ASSETS":null,"DEPOSIT_EQUITY":null,"DEPOSIT_ASSETS":null,"EQUITY_MULTIPLIER":1.394145337243,"EQUITY_RATIO":0.418612124515},{"SECUCODE":"06186.HK","SECURITY_CODE":"06186","SECURITY_NAME_ABBR":"中国飞鹤","ORG_CODE":"10673838","STD_REPORT_DATE":"2022-06-30 00:00:00","REPORT_DATE":"2022-06-30 00:00:00","DATE_TYPE_CODE":"002","REPORT_TYPE":"2022年中报","PER_NETCASH_OPERATE":0.116344174021,"PER_OI":1.086197460005,"BPS":2.413428755964,"BASIC_EPS":0.25,"DILUTED_EPS":0.25,"OPERATE_INCOME":9672823000,"OPERATE_INCOME_YOY":-16.2073594379,"GROSS_PROFIT":6536625000,"GROSS_PROFIT_YOY":-22.708324662106,"HOLDER_PROFIT":2255887000,"HOLDER_PROFIT_YOY":-39.6835527311,"GROSS_PROFIT_RATIO":67.577221251748,"EPS_TTM":0.604908965712,"OPERATE_INCOME_QOQ":-8.214424094556,"NET_PROFIT_RATIO":23.4890682896,"ROE_AVG":10.540428188031,"GROSS_PROFIT_QOQ":-11.997203326497,"ROA":7.113317513187,"HOLDER_PROFIT_QOQ":-21.600778571641,"ROE_YEARLY":21.080856376061,"ROIC_YEARLY":22.283427340078,"TOTAL_ASSETS":31945718000,"TOTAL_LIABILITIES":8565010000,"TAX_EBT":29.760958195198,"OCF_SALES":10.711143995915,"TOTAL_PARENT_EQUITY":21883166000,"DEBT_ASSET_RATIO":26.8111363157,"OPERATE_PROFIT":3254586000,"PRETAX_PROFIT":3234748000,"NETCASH_OPERATE":1036070000,"NETCASH_INVEST":289484000,"NETCASH_FINANCE":-90931000,"END_CASH":7249304000,"DIVI_RATIO":0.468553848704,"DIVIDEND_RATE":5.125,"CURRENT_RATIO":3.012129393794,"COMMON_ACS":2000000000000,"CURRENTDEBT_DEBT":74.438547065327,"ISSUED_COMMON_SHARES":9067251704,"HK_COMMON_SHARES":9067251704,"PER_SHARES":1000,"TOTAL_MARKET_CAP":55128890360.32,"HKSK_MARKET_CAP":55128890360.32,"PE_TTM":13.936218463845,"PB_TTM":1.964105845851,"REPORT_DATE_SQ":"2021-06-30 00:00:00","REPORT_TYPE_SQ":"2021年中报","OPERATE_INCOME_SQ":11543762000,"DPS_HKD":0.3116,"OPERATE_INCOME_QOQ_SQ":15.259778625373,"NET_PROFIT_RATIO_SQ":32.6172178532,"HOLDER_PROFIT_SQ":3740086000,"HOLDER_PROFIT_QOQ_SQ":13.271101980631,"ROE_AVG_SQ":19.731563526643,"PE_TTM_SQ":8.197541719464,"PB_TTM_SQ":1.465147047346,"ROA_SQ":12.910570431462,"START_DATE":"2022-01-01 00:00:00","FISCAL_YEAR":"12-31","CURRENCY":"HKD","IS_CNY_CODE":0,"DPS_HKD_LY":0.2864,"ORG_TYPE":"一般企业","PREMIUM_INCOME":null,"PREMIUM_INCOME_YOY":null,"NET_INTEREST_INCOME":null,"NET_INTEREST_INCOME_YOY":null,"FEE_COMMISSION_INCOME":null,"FEE_COMMISSION_INCOME_YOY":null,"ACCOUNTS_RECE_TDAYS":20.965299226439,"INVENTORY_TDAYS":1.921916647644,"CURRENT_ASSETS_TDAYS":0.493839201115,"TOTAL_ASSETS_TDAYS":0.305005797045,"PREMIUM_EXPENSE":null,"LOAN_DEPOSIT":null,"LOAN_EQUITY":null,"LOAN_ASSETS":null,"DEPOSIT_EQUITY":null,"DEPOSIT_ASSETS":null,"EQUITY_MULTIPLIER":1.366328085532,"EQUITY_RATIO":0.391397204591},{"SECUCODE":"06186.HK","SECURITY_CODE":"06186","SECURITY_NAME_ABBR":"中国飞鹤","ORG_CODE":"10673838","STD_REPORT_DATE":"2021-12-31 00:00:00","REPORT_DATE":"2021-12-31 00:00:00","DATE_TYPE_CODE":"001","REPORT_TYPE":"2021年年报","PER_NETCASH_OPERATE":0.764414392031,"PER_OI":2.554756524194,"BPS":2.307347439221,"BASIC_EPS":0.77,"DILUTED_EPS":0.75,"OPERATE_INCOME":22776265000,"OPERATE_INCOME_YOY":22.5026643858,"GROSS_PROFIT":16007589000,"GROSS_PROFIT_YOY":18.748211275762,"HOLDER_PROFIT":6871044000,"HOLDER_PROFIT_YOY":-7.6084262835,"GROSS_PROFIT_RATIO":70.281887745862,"EPS_TTM":0.77070777351,"OPERATE_INCOME_QOQ":6.283966399053,"NET_PROFIT_RATIO":30.3600963547,"ROE_AVG":35.538281391407,"GROSS_PROFIT_QOQ":1.563578700566,"ROA":22.978442573207,"HOLDER_PROFIT_QOQ":-18.433234866619,"ROE_YEARLY":35.538281391407,"ROIC_YEARLY":36.945348468731,"TOTAL_ASSETS":31481424000,"TOTAL_LIABILITIES":9078054000,"TAX_EBT":28.50846988352,"OCF_SALES":29.921222816823,"TOTAL_PARENT_EQUITY":20921300000,"DEBT_ASSET_RATIO":28.836224181,"OPERATE_PROFIT":9717067000,"PRETAX_PROFIT":9672329000,"NETCASH_OPERATE":6814937000,"NETCASH_INVEST":-2444226000,"NETCASH_FINANCE":-4245443000,"END_CASH":5988909000,"DIVI_RATIO":0.367756020819,"DIVIDEND_RATE":5.125,"CURRENT_RATIO":2.876596525608,"COMMON_ACS":2000000000000,"CURRENTDEBT_DEBT":76.471301007903,"ISSUED_COMMON_SHARES":9067251704,"HK_COMMON_SHARES":9067251704,"PER_SHARES":1000,"TOTAL_MARKET_CAP":55128890360.32,"HKSK_MARKET_CAP":55128890360.32,"PE_TTM":13.936218463845,"PB_TTM":1.964105845851,"REPORT_DATE_SQ":"2020-12-31 00:00:00","REPORT_TYPE_SQ":"2020年年报","OPERATE_INCOME_SQ":18592465000,"DPS_HKD":0.3116,"OPERATE_INCOME_QOQ_SQ":12.43369997341,"NET_PROFIT_RATIO_SQ":39.9980960029,"HOLDER_PROFIT_SQ":7436873000,"HOLDER_PROFIT_QOQ_SQ":50.639280921636,"ROE_AVG_SQ":48.327963305472,"PE_TTM_SQ":8.197541719464,"PB_TTM_SQ":1.465147047346,"ROA_SQ":28.978638302991,"START_DATE":"2021-01-01 00:00:00","FISCAL_YEAR":"12-31","CURRENCY":"HKD","IS_CNY_CODE":0,"DPS_HKD_LY":0.4559,"ORG_TYPE":"一般企业","PREMIUM_INCOME":null,"PREMIUM_INCOME_YOY":null,"NET_INTEREST_INCOME":null,"NET_INTEREST_INCOME_YOY":null,"FEE_COMMISSION_INCOME":null,"FEE_COMMISSION_INCOME_YOY":null,"ACCOUNTS_RECE_TDAYS":59.457498407593,"INVENTORY_TDAYS":4.503025833597,"CURRENT_ASSETS_TDAYS":1.182751492164,"TOTAL_ASSETS_TDAYS":0.761693706713,"PREMIUM_EXPENSE":null,"LOAN_DEPOSIT":null,"LOAN_EQUITY":null,"LOAN_ASSETS":null,"DEPOSIT_EQUITY":null,"DEPOSIT_ASSETS":null,"EQUITY_MULTIPLIER":1.405209305565,"EQUITY_RATIO":0.433914431704},{"SECUCODE":"06186.HK","SECURITY_CODE":"06186","SECURITY_NAME_ABBR":"中国飞鹤","ORG_CODE":"10673838","STD_REPORT_DATE":"2021-06-30 00:00:00","REPORT_DATE":"2021-06-30 00:00:00","DATE_TYPE_CODE":"002","REPORT_TYPE":"2021年中报","PER_NETCASH_OPERATE":0.298123555957,"PER_OI":1.294544421205,"BPS":2.22366916219,"BASIC_EPS":0.42,"DILUTED_EPS":0.41,"OPERATE_INCOME":11543762000,"OPERATE_INCOME_YOY":32.5864433998,"GROSS_PROFIT":8457088000,"GROSS_PROFIT_YOY":36.929948196428,"HOLDER_PROFIT":3740086000,"HOLDER_PROFIT_YOY":35.8484576288,"GROSS_PROFIT_RATIO":73.261108467067,"EPS_TTM":0.944667738523,"OPERATE_INCOME_QOQ":15.259778625373,"NET_PROFIT_RATIO":32.6172178532,"ROE_AVG":19.731563526643,"GROSS_PROFIT_QOQ":16.92007390352,"ROA":12.910570431462,"HOLDER_PROFIT_QOQ":13.271101980631,"ROE_YEARLY":39.463127053285,"ROIC_YEARLY":41.754839640262,"TOTAL_ASSETS":29615516000,"TOTAL_LIABILITIES":7989394000,"TAX_EBT":28.702590184192,"OCF_SALES":23.029225654514,"TOTAL_PARENT_EQUITY":20162568000,"DEBT_ASSET_RATIO":26.9770548654,"OPERATE_PROFIT":5337519000,"PRETAX_PROFIT":5281053000,"NETCASH_OPERATE":2658439000,"NETCASH_INVEST":-1631854000,"NETCASH_FINANCE":-1749689000,"END_CASH":5228645000,"DIVI_RATIO":0.300033982788,"DIVIDEND_RATE":5.125,"CURRENT_RATIO":3.244099414826,"COMMON_ACS":2000000000000,"CURRENTDEBT_DEBT":72.456997364256,"ISSUED_COMMON_SHARES":9067251704,"HK_COMMON_SHARES":9067251704,"PER_SHARES":1000,"TOTAL_MARKET_CAP":55128890360.32,"HKSK_MARKET_CAP":55128890360.32,"PE_TTM":13.936218463845,"PB_TTM":1.964105845851,"REPORT_DATE_SQ":"2020-06-30 00:00:00","REPORT_TYPE_SQ":"2020年中报","OPERATE_INCOME_SQ":8706593000,"DPS_HKD":0.3116,"OPERATE_INCOME_QOQ_SQ":20.514303492422,"NET_PROFIT_RATIO_SQ":31.621220838,"HOLDER_PROFIT_SQ":2753131000,"HOLDER_PROFIT_QOQ_SQ":25.474097978004,"ROE_AVG_SQ":20.101342304935,"PE_TTM_SQ":8.197541719464,"PB_TTM_SQ":1.465147047346,"ROA_SQ":12.098755335498,"START_DATE":"2021-01-01 00:00:00","FISCAL_YEAR":"12-31","CURRENCY":"HKD","IS_CNY_CODE":0,"DPS_HKD_LY":0.4559,"ORG_TYPE":"一般企业","PREMIUM_INCOME":null,"PREMIUM_INCOME_YOY":null,"NET_INTEREST_INCOME":null,"NET_INTEREST_INCOME_YOY":null,"FEE_COMMISSION_INCOME":null,"FEE_COMMISSION_INCOME_YOY":null,"ACCOUNTS_RECE_TDAYS":36.090440556937,"INVENTORY_TDAYS":2.124196374377,"CURRENT_ASSETS_TDAYS":0.618569121635,"TOTAL_ASSETS_TDAYS":0.39848429246,"PREMIUM_EXPENSE":null,"LOAN_DEPOSIT":null,"LOAN_EQUITY":null,"LOAN_ASSETS":null,"DEPOSIT_EQUITY":null,"DEPOSIT_ASSETS":null,"EQUITY_MULTIPLIER":1.369432577879,"EQUITY_RATIO":0.396248831002},{"SECUCODE":"06186.HK","SECURITY_CODE":"06186","SECURITY_NAME_ABBR":"中国飞鹤","ORG_CODE":"10673838","STD_REPORT_DATE":"2020-12-31 00:00:00","REPORT_DATE":"2020-12-31 00:00:00","DATE_TYPE_CODE":"001","REPORT_TYPE":"2020年年报","PER_NETCASH_OPERATE":0.867309763202,"PER_OI":2.081244528922,"BPS":1.957275432441,"BASIC_EPS":0.83,"DILUTED_EPS":0.82,"OPERATE_INCOME":18592465000,"OPERATE_INCOME_YOY":35.4986904137,"GROSS_PROFIT":13480278000,"GROSS_PROFIT_YOY":40.279414597354,"HOLDER_PROFIT":7436873000,"HOLDER_PROFIT_YOY":89.013278937,"GROSS_PROFIT_RATIO":72.503984813203,"EPS_TTM":0.832485162325,"OPERATE_INCOME_QOQ":12.43369997341,"NET_PROFIT_RATIO":39.9980960029,"ROE_AVG":48.327963305472,"GROSS_PROFIT_QOQ":14.139868411638,"ROA":28.978638302991,"HOLDER_PROFIT_QOQ":50.639280921636,"ROE_YEARLY":48.327963305472,"ROIC_YEARLY":45.833157432158,"TOTAL_ASSETS":28322838000,"TOTAL_LIABILITIES":9137313000,"TAX_EBT":24.886215216238,"OCF_SALES":41.672650721677,"TOTAL_PARENT_EQUITY":17747109000,"DEBT_ASSET_RATIO":32.261290341,"OPERATE_PROFIT":10187305000,"PRETAX_PROFIT":9900489000,"NETCASH_OPERATE":7747973000,"NETCASH_INVEST":-3786486000,"NETCASH_FINANCE":-2542842000,"END_CASH":5912195000,"DIVI_RATIO":0.340465436295,"DIVIDEND_RATE":5.125,"CURRENT_RATIO":2.609178586338,"COMMON_ACS":2000000000000,"CURRENTDEBT_DEBT":77.784015935538,"ISSUED_COMMON_SHARES":9067251704,"HK_COMMON_SHARES":9067251704,"PER_SHARES":1000,"TOTAL_MARKET_CAP":55128890360.32,"HKSK_MARKET_CAP":55128890360.32,"PE_TTM":13.936218463845,"PB_TTM":1.964105845851,"REPORT_DATE_SQ":"2019-12-31 00:00:00","REPORT_TYPE_SQ":"2019年年报","OPERATE_INCOME_SQ":13721509000,"DPS_HKD":0.3116,"OPERATE_INCOME_QOQ_SQ":15.315752248326,"NET_PROFIT_RATIO_SQ":28.6745211478,"HOLDER_PROFIT_SQ":3934577000,"HOLDER_PROFIT_QOQ_SQ":35.598058619811,"ROE_AVG_SQ":41.819248934823,"PE_TTM_SQ":8.197541719464,"PB_TTM_SQ":1.465147047346,"ROA_SQ":22.572824835783,"START_DATE":"2020-01-01 00:00:00","FISCAL_YEAR":"12-31","CURRENCY":"HKD","IS_CNY_CODE":0,"DPS_HKD_LY":0.3318,"ORG_TYPE":"一般企业","PREMIUM_INCOME":null,"PREMIUM_INCOME_YOY":null,"NET_INTEREST_INCOME":null,"NET_INTEREST_INCOME_YOY":null,"FEE_COMMISSION_INCOME":null,"FEE_COMMISSION_INCOME_YOY":null,"ACCOUNTS_RECE_TDAYS":61.650090108611,"INVENTORY_TDAYS":5.188546843902,"CURRENT_ASSETS_TDAYS":1.037729440918,"TOTAL_ASSETS_TDAYS":0.724476965515,"PREMIUM_EXPENSE":null,"LOAN_DEPOSIT":null,"LOAN_EQUITY":null,"LOAN_ASSETS":null,"DEPOSIT_EQUITY":null,"DEPOSIT_ASSETS":null,"EQUITY_MULTIPLIER":1.476260774724,"EQUITY_RATIO":0.514862054434},{"SECUCODE":"06186.HK","SECURITY_CODE":"06186","SECURITY_NAME_ABBR":"中国飞鹤","ORG_CODE":"10673838","STD_REPORT_DATE":"2020-06-30 00:00:00","REPORT_DATE":"2020-06-30 00:00:00","DATE_TYPE_CODE":"002","REPORT_TYPE":"2020年中报","PER_NETCASH_OPERATE":0.295640600268,"PER_OI":0.974617892076,"BPS":1.58404458913,"BASIC_EPS":0.31,"DILUTED_EPS":0.3,"OPERATE_INCOME":8706593000,"OPERATE_INCOME_YOY":47.7767362032,"GROSS_PROFIT":6176215000,"GROSS_PROFIT_YOY":55.357287942546,"HOLDER_PROFIT":2753131000,"HOLDER_PROFIT_YOY":57.2469218938,"GROSS_PROFIT_RATIO":70.937219644929,"EPS_TTM":0.55263484878,"OPERATE_INCOME_QOQ":20.514303492422,"NET_PROFIT_RATIO":31.621220838,"ROE_AVG":20.101342304935,"GROSS_PROFIT_QOQ":22.901328474854,"ROA":12.098755335498,"HOLDER_PROFIT_QOQ":25.474097978004,"ROE_YEARLY":40.202684609869,"ROIC_YEARLY":39.972628836085,"TOTAL_ASSETS":22507230000,"TOTAL_LIABILITIES":8144299000,"TAX_EBT":30.639679320145,"OCF_SALES":30.334000911723,"TOTAL_PARENT_EQUITY":14362931000,"DEBT_ASSET_RATIO":36.1852569152,"OPERATE_PROFIT":4215652000,"PRETAX_PROFIT":3969317000,"NETCASH_OPERATE":2641058000,"NETCASH_INVEST":-553660000,"NETCASH_FINANCE":-184043000,"END_CASH":6613325000,"DIVI_RATIO":0.512874685022,"DIVIDEND_RATE":5.125,"CURRENT_RATIO":2.790093887163,"COMMON_ACS":2000000000000,"CURRENTDEBT_DEBT":76.291599804968,"ISSUED_COMMON_SHARES":9067251704,"HK_COMMON_SHARES":9067251704,"PER_SHARES":1000,"TOTAL_MARKET_CAP":55128890360.32,"HKSK_MARKET_CAP":55128890360.32,"PE_TTM":13.936218463845,"PB_TTM":1.964105845851,"REPORT_DATE_SQ":"2019-06-30 00:00:00","REPORT_TYPE_SQ":"2019年中报","OPERATE_INCOME_SQ":5891721000,"DPS_HKD":0.3116,"OPERATE_INCOME_QOQ_SQ":6.440918064274,"NET_PROFIT_RATIO_SQ":29.7168348603,"HOLDER_PROFIT_SQ":1750833000,"HOLDER_PROFIT_QOQ_SQ":21.30119087781,"ROE_AVG_SQ":26.276032411899,"PE_TTM_SQ":8.197541719464,"PB_TTM_SQ":1.465147047346,"ROA_SQ":13.682300439931,"START_DATE":"2020-01-01 00:00:00","FISCAL_YEAR":"12-31","CURRENCY":"HKD","IS_CNY_CODE":0,"DPS_HKD_LY":0.3318,"ORG_TYPE":"一般企业","PREMIUM_INCOME":null,"PREMIUM_INCOME_YOY":null,"NET_INTEREST_INCOME":null,"NET_INTEREST_INCOME_YOY":null,"FEE_COMMISSION_INCOME":null,"FEE_COMMISSION_INCOME_YOY":null,"ACCOUNTS_RECE_TDAYS":24.358228455445,"INVENTORY_TDAYS":3.102116725144,"CURRENT_ASSETS_TDAYS":0.502913839473,"TOTAL_ASSETS_TDAYS":0.382615060863,"PREMIUM_EXPENSE":null,"LOAN_DEPOSIT":null,"LOAN_EQUITY":null,"LOAN_ASSETS":null,"DEPOSIT_EQUITY":null,"DEPOSIT_ASSETS":null,"EQUITY_MULTIPLIER":1.567036004002,"EQUITY_RATIO":0.567036004002}],"count":19},"success":true,"message":"ok","code":0}