{"version":"77d924b0f305cb184b08acce00d1cc6f","result":{"pages":3,"data":[{"SECUCODE":"06182.HK","SECURITY_CODE":"06182","SECURITY_NAME_ABBR":"乙德投资控股","ORG_CODE":"10685350","STD_REPORT_DATE":"2024-06-30 00:00:00","REPORT_DATE":"2024-09-30 00:00:00","DATE_TYPE_CODE":"002","REPORT_TYPE":"2024年中报","PER_NETCASH_OPERATE":-0.017456399925,"PER_OI":0.077451361388,"BPS":0.10746180535,"BASIC_EPS":0.003336623,"DILUTED_EPS":0.003336623,"OPERATE_INCOME":61961089.11,"OPERATE_INCOME_YOY":20.9857195682,"GROSS_PROFIT":12781971.46,"GROSS_PROFIT_YOY":402.863913555997,"HOLDER_PROFIT":2674709.14,"HOLDER_PROFIT_YOY":117.5679677782,"GROSS_PROFIT_RATIO":20.629029675879,"EPS_TTM":-0.041607245438,"OPERATE_INCOME_QOQ":0,"NET_PROFIT_RATIO":4.3167561746,"ROE_AVG":3.160395955205,"GROSS_PROFIT_QOQ":0,"ROA":1.668579400977,"HOLDER_PROFIT_QOQ":0,"ROE_YEARLY":6.320791910409,"ROIC_YEARLY":3.815613009877,"TOTAL_ASSETS":167705886.3,"TOTAL_LIABILITIES":81736442.02,"TAX_EBT":1.034367701034,"OCF_SALES":-22.538532070035,"TOTAL_PARENT_EQUITY":85969444.28,"DEBT_ASSET_RATIO":48.7379684895,"OPERATE_PROFIT":4649629.24,"PRETAX_PROFIT":2702664.63,"NETCASH_OPERATE":-13965119.94,"NETCASH_INVEST":288572.8,"NETCASH_FINANCE":309313.97,"END_CASH":13416831.62,"DIVI_RATIO":null,"DIVIDEND_RATE":null,"CURRENT_RATIO":1.439111556446,"COMMON_ACS":2000000000,"CURRENTDEBT_DEBT":99.097508771156,"ISSUED_COMMON_SHARES":800000000,"HK_COMMON_SHARES":800000000,"PER_SHARES":8000,"TOTAL_MARKET_CAP":160800000,"HKSK_MARKET_CAP":160800000,"PE_TTM":-9.532843253498,"PB_TTM":1.686736877439,"REPORT_DATE_SQ":"2023-06-30 00:00:00","REPORT_TYPE_SQ":"2023年中报","OPERATE_INCOME_SQ":52113125.33,"DPS_HKD":null,"OPERATE_INCOME_QOQ_SQ":0,"NET_PROFIT_RATIO_SQ":-29.7283020197,"HOLDER_PROFIT_SQ":-15492347.29,"HOLDER_PROFIT_QOQ_SQ":0,"ROE_AVG_SQ":-13.994355176287,"PE_TTM_SQ":-3.129552689797,"PB_TTM_SQ":1.033868092692,"ROA_SQ":-7.812568689105,"START_DATE":"2024-04-01 00:00:00","FISCAL_YEAR":"3-31","CURRENCY":"HKD","IS_CNY_CODE":0,"DPS_HKD_LY":null,"ORG_TYPE":"一般企业","PREMIUM_INCOME":null,"PREMIUM_INCOME_YOY":null,"NET_INTEREST_INCOME":null,"NET_INTEREST_INCOME_YOY":null,"FEE_COMMISSION_INCOME":null,"FEE_COMMISSION_INCOME_YOY":null,"ACCOUNTS_RECE_TDAYS":8.361810879883,"INVENTORY_TDAYS":31.947861745753,"CURRENT_ASSETS_TDAYS":0.568117643654,"TOTAL_ASSETS_TDAYS":0.386535475596,"PREMIUM_EXPENSE":null,"LOAN_DEPOSIT":null,"LOAN_EQUITY":null,"LOAN_ASSETS":null,"DEPOSIT_EQUITY":null,"DEPOSIT_ASSETS":null,"EQUITY_MULTIPLIER":1.950761549111,"EQUITY_RATIO":0.950761549113},{"SECUCODE":"06182.HK","SECURITY_CODE":"06182","SECURITY_NAME_ABBR":"乙德投资控股","ORG_CODE":"10685350","STD_REPORT_DATE":"2023-12-31 00:00:00","REPORT_DATE":"2024-03-31 00:00:00","DATE_TYPE_CODE":"001","REPORT_TYPE":"2023年年报","PER_NETCASH_OPERATE":0.027522858,"PER_OI":0.11619704625,"BPS":0.104667996625,"BASIC_EPS":-0.041610645,"DILUTED_EPS":-0.041610645,"OPERATE_INCOME":92957637,"OPERATE_INCOME_YOY":-45.8689007491,"GROSS_PROFIT":8535168.25,"GROSS_PROFIT_YOY":-35.525000191835,"HOLDER_PROFIT":-33285796.35,"HOLDER_PROFIT_YOY":-58.2220115487,"GROSS_PROFIT_RATIO":9.181782718939,"EPS_TTM":-0.041341237038,"OPERATE_INCOME_QOQ":0,"NET_PROFIT_RATIO":-35.8074897601,"ROE_AVG":-33.16068259509,"GROSS_PROFIT_QOQ":0,"ROA":-18.326428749688,"HOLDER_PROFIT_QOQ":0,"ROE_YEARLY":-33.16068259509,"ROIC_YEARLY":-21.20990685248,"TOTAL_ASSETS":153698300.1,"TOTAL_LIABILITIES":69963902.8,"TAX_EBT":-0.171877557702,"OCF_SALES":23.68636629608,"TOTAL_PARENT_EQUITY":83734397.3,"DEBT_ASSET_RATIO":45.5202840594,"OPERATE_PROFIT":-28521876.1,"PRETAX_PROFIT":-33228683.7,"NETCASH_OPERATE":22018286.4,"NETCASH_INVEST":-635491.55,"NETCASH_FINANCE":-16916223,"END_CASH":26925441.55,"DIVI_RATIO":null,"DIVIDEND_RATE":null,"CURRENT_RATIO":1.465573557161,"COMMON_ACS":2000000000,"CURRENTDEBT_DEBT":99.571110189696,"ISSUED_COMMON_SHARES":800000000,"HK_COMMON_SHARES":800000000,"PER_SHARES":8000,"TOTAL_MARKET_CAP":169600000,"HKSK_MARKET_CAP":169600000,"PE_TTM":-10.054541142993,"PB_TTM":1.779045860781,"REPORT_DATE_SQ":"2022-12-31 00:00:00","REPORT_TYPE_SQ":"2022年年报","OPERATE_INCOME_SQ":165828040.89,"DPS_HKD":null,"OPERATE_INCOME_QOQ_SQ":0,"NET_PROFIT_RATIO_SQ":-12.2505001874,"HOLDER_PROFIT_SQ":-20314764.46,"HOLDER_PROFIT_QOQ_SQ":0,"ROE_AVG_SQ":-16.263683893304,"PE_TTM_SQ":-2.805805859818,"PB_TTM_SQ":0.926916221034,"ROA_SQ":-9.59224882143,"START_DATE":"2023-04-01 00:00:00","FISCAL_YEAR":"3-31","CURRENCY":"HKD","IS_CNY_CODE":0,"DPS_HKD_LY":null,"ORG_TYPE":"一般企业","PREMIUM_INCOME":null,"PREMIUM_INCOME_YOY":null,"NET_INTEREST_INCOME":null,"NET_INTEREST_INCOME_YOY":null,"FEE_COMMISSION_INCOME":null,"FEE_COMMISSION_INCOME_YOY":null,"ACCOUNTS_RECE_TDAYS":5.121750206039,"INVENTORY_TDAYS":36.998410806516,"CURRENT_ASSETS_TDAYS":0.721767041135,"TOTAL_ASSETS_TDAYS":0.511804342401,"PREMIUM_EXPENSE":null,"LOAN_DEPOSIT":null,"LOAN_EQUITY":null,"LOAN_ASSETS":null,"DEPOSIT_EQUITY":null,"DEPOSIT_ASSETS":null,"EQUITY_MULTIPLIER":1.835545547063,"EQUITY_RATIO":0.835545547063},{"SECUCODE":"06182.HK","SECURITY_CODE":"06182","SECURITY_NAME_ABBR":"乙德投资控股","ORG_CODE":"10685350","STD_REPORT_DATE":"2023-06-30 00:00:00","REPORT_DATE":"2023-09-30 00:00:00","DATE_TYPE_CODE":"002","REPORT_TYPE":"2023年中报","PER_NETCASH_OPERATE":0.005901507938,"PER_OI":0.065141406663,"BPS":0.1286976075,"BASIC_EPS":-0.019361993,"DILUTED_EPS":-0.019361993,"OPERATE_INCOME":52113125.33,"OPERATE_INCOME_YOY":-51.857346309,"GROSS_PROFIT":2541835.1,"GROSS_PROFIT_YOY":-80.287601886789,"HOLDER_PROFIT":-15492347.29,"HOLDER_PROFIT_YOY":-458.4849487264,"GROSS_PROFIT_RATIO":4.877533411984,"EPS_TTM":-0.025393455575,"OPERATE_INCOME_QOQ":0,"NET_PROFIT_RATIO":-29.7283020197,"ROE_AVG":-13.994355176287,"GROSS_PROFIT_QOQ":0,"ROA":-7.812568689105,"HOLDER_PROFIT_QOQ":0,"ROE_YEARLY":-27.988710352574,"ROIC_YEARLY":-17.600713077519,"TOTAL_ASSETS":184483088.09,"TOTAL_LIABILITIES":81525002.09,"TAX_EBT":-0.16018035121,"OCF_SALES":9.059534081104,"TOTAL_PARENT_EQUITY":102958086,"DEBT_ASSET_RATIO":44.1910437071,"OPERATE_PROFIT":-13183590.21,"PRETAX_PROFIT":-15467571.28,"NETCASH_OPERATE":4721206.35,"NETCASH_INVEST":-194537.56,"NETCASH_FINANCE":-5477333.47,"END_CASH":21782700.94,"DIVI_RATIO":null,"DIVIDEND_RATE":null,"CURRENT_RATIO":1.618742354913,"COMMON_ACS":2000000000,"CURRENTDEBT_DEBT":99.379804824241,"ISSUED_COMMON_SHARES":800000000,"HK_COMMON_SHARES":800000000,"PER_SHARES":8000,"TOTAL_MARKET_CAP":169600000,"HKSK_MARKET_CAP":169600000,"PE_TTM":-10.054541142993,"PB_TTM":1.779045860781,"REPORT_DATE_SQ":"2022-06-30 00:00:00","REPORT_TYPE_SQ":"2022年中报","OPERATE_INCOME_SQ":106691360.16,"DPS_HKD":null,"OPERATE_INCOME_QOQ_SQ":0,"NET_PROFIT_RATIO_SQ":-2.5626462311,"HOLDER_PROFIT_SQ":-2734122.12,"HOLDER_PROFIT_QOQ_SQ":0,"ROE_AVG_SQ":-1.978694506717,"PE_TTM_SQ":-2.805805859818,"PB_TTM_SQ":0.926916221034,"ROA_SQ":-1.188989555535,"START_DATE":"2023-04-01 00:00:00","FISCAL_YEAR":"3-31","CURRENCY":"HKD","IS_CNY_CODE":0,"DPS_HKD_LY":null,"ORG_TYPE":"一般企业","PREMIUM_INCOME":null,"PREMIUM_INCOME_YOY":null,"NET_INTEREST_INCOME":null,"NET_INTEREST_INCOME_YOY":null,"FEE_COMMISSION_INCOME":null,"FEE_COMMISSION_INCOME_YOY":null,"ACCOUNTS_RECE_TDAYS":2.235646097825,"INVENTORY_TDAYS":21.151527016445,"CURRENT_ASSETS_TDAYS":0.361224541719,"TOTAL_ASSETS_TDAYS":0.262799021751,"PREMIUM_EXPENSE":null,"LOAN_DEPOSIT":null,"LOAN_EQUITY":null,"LOAN_ASSETS":null,"DEPOSIT_EQUITY":null,"DEPOSIT_ASSETS":null,"EQUITY_MULTIPLIER":1.791827094475,"EQUITY_RATIO":0.791827094474},{"SECUCODE":"06182.HK","SECURITY_CODE":"06182","SECURITY_NAME_ABBR":"乙德投资控股","ORG_CODE":"10685350","STD_REPORT_DATE":"2022-12-31 00:00:00","REPORT_DATE":"2023-03-31 00:00:00","DATE_TYPE_CODE":"001","REPORT_TYPE":"2022年年报","PER_NETCASH_OPERATE":-0.01175237925,"PER_OI":0.207285051113,"BPS":0.141250686288,"BASIC_EPS":-0.02538689,"DILUTED_EPS":-0.02538689,"OPERATE_INCOME":165828040.89,"OPERATE_INCOME_YOY":-43.8515940861,"GROSS_PROFIT":13237950.02,"GROSS_PROFIT_YOY":-70.915514311653,"HOLDER_PROFIT":-20314764.46,"HOLDER_PROFIT_YOY":-268.8691602387,"GROSS_PROFIT_RATIO":7.982938198481,"EPS_TTM":0.001018670275,"OPERATE_INCOME_QOQ":0,"NET_PROFIT_RATIO":-12.2505001874,"ROE_AVG":-16.263683893304,"GROSS_PROFIT_QOQ":0,"ROA":-9.59224882143,"HOLDER_PROFIT_QOQ":0,"ROE_YEARLY":-16.263683893304,"ROIC_YEARLY":-10.772144495093,"TOTAL_ASSETS":202358024.78,"TOTAL_LIABILITIES":89357475.75,"TAX_EBT":-0.099210628478,"OCF_SALES":-5.66967043061,"TOTAL_PARENT_EQUITY":113000549.03,"DEBT_ASSET_RATIO":44.1581083069,"OPERATE_PROFIT":-17321737.67,"PRETAX_PROFIT":-20294630.03,"NETCASH_OPERATE":-9401903.4,"NETCASH_INVEST":-371173.84,"NETCASH_FINANCE":6753788.15,"END_CASH":21687407.34,"DIVI_RATIO":null,"DIVIDEND_RATE":null,"CURRENT_RATIO":1.697183795444,"COMMON_ACS":2000000000,"CURRENTDEBT_DEBT":99.003673769287,"ISSUED_COMMON_SHARES":800000000,"HK_COMMON_SHARES":800000000,"PER_SHARES":8000,"TOTAL_MARKET_CAP":184000000,"HKSK_MARKET_CAP":184000000,"PE_TTM":-10.90822859853,"PB_TTM":1.930096924433,"REPORT_DATE_SQ":"2021-12-31 00:00:00","REPORT_TYPE_SQ":"2021年年报","OPERATE_INCOME_SQ":273612065.72,"DPS_HKD":null,"OPERATE_INCOME_QOQ_SQ":0,"NET_PROFIT_RATIO_SQ":4.0732485209,"HOLDER_PROFIT_SQ":11144899.42,"HOLDER_PROFIT_QOQ_SQ":0,"ROE_AVG_SQ":8.785433901469,"PE_TTM_SQ":-2.697890249825,"PB_TTM_SQ":0.891265597148,"ROA_SQ":5.6549345909,"START_DATE":"2022-04-01 00:00:00","FISCAL_YEAR":"3-31","CURRENCY":"HKD","IS_CNY_CODE":0,"DPS_HKD_LY":0.005,"ORG_TYPE":"一般企业","PREMIUM_INCOME":null,"PREMIUM_INCOME_YOY":null,"NET_INTEREST_INCOME":null,"NET_INTEREST_INCOME_YOY":null,"FEE_COMMISSION_INCOME":null,"FEE_COMMISSION_INCOME_YOY":null,"ACCOUNTS_RECE_TDAYS":5.485845846426,"INVENTORY_TDAYS":37.614803625378,"CURRENT_ASSETS_TDAYS":1.039644796672,"TOTAL_ASSETS_TDAYS":0.783008748597,"PREMIUM_EXPENSE":null,"LOAN_DEPOSIT":null,"LOAN_EQUITY":null,"LOAN_ASSETS":null,"DEPOSIT_EQUITY":null,"DEPOSIT_ASSETS":null,"EQUITY_MULTIPLIER":1.790770279588,"EQUITY_RATIO":0.790770279588},{"SECUCODE":"06182.HK","SECURITY_CODE":"06182","SECURITY_NAME_ABBR":"乙德投资控股","ORG_CODE":"10685350","STD_REPORT_DATE":"2022-06-30 00:00:00","REPORT_DATE":"2022-09-30 00:00:00","DATE_TYPE_CODE":"002","REPORT_TYPE":"2022年中报","PER_NETCASH_OPERATE":-0.00371837895,"PER_OI":0.1333642002,"BPS":0.1687526763,"BASIC_EPS":-0.003436872,"DILUTED_EPS":-0.003436872,"OPERATE_INCOME":106691360.16,"OPERATE_INCOME_YOY":-28.1885200494,"GROSS_PROFIT":12894601.08,"GROSS_PROFIT_YOY":-51.128446968191,"HOLDER_PROFIT":-2734122.12,"HOLDER_PROFIT_YOY":-133.1542004826,"GROSS_PROFIT_RATIO":12.085890610695,"EPS_TTM":0.013931124275,"OPERATE_INCOME_QOQ":0,"NET_PROFIT_RATIO":-2.5626462311,"ROE_AVG":-1.978694506717,"GROSS_PROFIT_QOQ":0,"ROA":-1.188989555535,"HOLDER_PROFIT_QOQ":0,"ROE_YEARLY":-3.957389013435,"ROIC_YEARLY":-2.671196714684,"TOTAL_ASSETS":231362987.52,"TOTAL_LIABILITIES":96360846.48,"TAX_EBT":-0.465270854104,"OCF_SALES":-2.788138754196,"TOTAL_PARENT_EQUITY":135002141.04,"DEBT_ASSET_RATIO":41.6492056542,"OPERATE_PROFIT":-1633418.64,"PRETAX_PROFIT":-2721459.96,"NETCASH_OPERATE":-2974703.16,"NETCASH_INVEST":-363584.88,"NETCASH_FINANCE":2770299.72,"END_CASH":24958021.8,"DIVI_RATIO":null,"DIVIDEND_RATE":null,"CURRENT_RATIO":1.851861027996,"COMMON_ACS":2000000000,"CURRENTDEBT_DEBT":98.498244823638,"ISSUED_COMMON_SHARES":800000000,"HK_COMMON_SHARES":800000000,"PER_SHARES":8000,"TOTAL_MARKET_CAP":184000000,"HKSK_MARKET_CAP":184000000,"PE_TTM":-10.90822859853,"PB_TTM":1.930096924433,"REPORT_DATE_SQ":"2021-06-30 00:00:00","REPORT_TYPE_SQ":"2021年中报","OPERATE_INCOME_SQ":136845933.14,"DPS_HKD":null,"OPERATE_INCOME_QOQ_SQ":0,"NET_PROFIT_RATIO_SQ":5.550651675,"HOLDER_PROFIT_SQ":7595841.08,"HOLDER_PROFIT_QOQ_SQ":0,"ROE_AVG_SQ":5.803724873652,"PE_TTM_SQ":-2.697890249825,"PB_TTM_SQ":0.891265597148,"ROA_SQ":3.866573939003,"START_DATE":"2022-04-01 00:00:00","FISCAL_YEAR":"3-31","CURRENCY":"HKD","IS_CNY_CODE":0,"DPS_HKD_LY":0.005,"ORG_TYPE":"一般企业","PREMIUM_INCOME":null,"PREMIUM_INCOME_YOY":null,"NET_INTEREST_INCOME":null,"NET_INTEREST_INCOME_YOY":null,"FEE_COMMISSION_INCOME":null,"FEE_COMMISSION_INCOME_YOY":null,"ACCOUNTS_RECE_TDAYS":4.61247311828,"INVENTORY_TDAYS":15.136393490477,"CURRENT_ASSETS_TDAYS":0.609263108965,"TOTAL_ASSETS_TDAYS":0.463969447334,"PREMIUM_EXPENSE":null,"LOAN_DEPOSIT":null,"LOAN_EQUITY":null,"LOAN_ASSETS":null,"DEPOSIT_EQUITY":null,"DEPOSIT_ASSETS":null,"EQUITY_MULTIPLIER":1.713772727881,"EQUITY_RATIO":0.713772727882},{"SECUCODE":"06182.HK","SECURITY_CODE":"06182","SECURITY_NAME_ABBR":"乙德投资控股","ORG_CODE":"10685350","STD_REPORT_DATE":"2021-12-31 00:00:00","REPORT_DATE":"2022-03-31 00:00:00","DATE_TYPE_CODE":"001","REPORT_TYPE":"2021年年报","PER_NETCASH_OPERATE":-0.009044789025,"PER_OI":0.34201508215,"BPS":0.158439927363,"BASIC_EPS":0.013949372,"DILUTED_EPS":0.013949372,"OPERATE_INCOME":273612065.72,"OPERATE_INCOME_YOY":8.2173765212,"GROSS_PROFIT":45515503.22,"GROSS_PROFIT_YOY":10.318398068011,"HOLDER_PROFIT":11144899.42,"HOLDER_PROFIT_YOY":21.610619469,"GROSS_PROFIT_RATIO":16.635049737382,"EPS_TTM":0.01431973045,"OPERATE_INCOME_QOQ":0,"NET_PROFIT_RATIO":4.0732485209,"ROE_AVG":8.785433901469,"GROSS_PROFIT_QOQ":0,"ROA":5.6549345909,"HOLDER_PROFIT_QOQ":0,"ROE_YEARLY":8.785433901469,"ROIC_YEARLY":6.603920927874,"TOTAL_ASSETS":204934927.91,"TOTAL_LIABILITIES":78182986.02,"TAX_EBT":10.358773646445,"OCF_SALES":-2.644558528864,"TOTAL_PARENT_EQUITY":126751941.89,"DEBT_ASSET_RATIO":38.1501517664,"OPERATE_PROFIT":13505749.53,"PRETAX_PROFIT":12432783.3,"NETCASH_OPERATE":-7235831.22,"NETCASH_INVEST":-1079454.31,"NETCASH_FINANCE":-2548193.42,"END_CASH":22889135.23,"DIVI_RATIO":null,"DIVIDEND_RATE":null,"CURRENT_RATIO":2.005937834718,"COMMON_ACS":2000000000,"CURRENTDEBT_DEBT":99.752079832369,"ISSUED_COMMON_SHARES":800000000,"HK_COMMON_SHARES":800000000,"PER_SHARES":8000,"TOTAL_MARKET_CAP":184000000,"HKSK_MARKET_CAP":184000000,"PE_TTM":-10.90822859853,"PB_TTM":1.930096924433,"REPORT_DATE_SQ":"2020-12-31 00:00:00","REPORT_TYPE_SQ":"2020年年报","OPERATE_INCOME_SQ":263488245.72,"DPS_HKD":null,"OPERATE_INCOME_QOQ_SQ":0,"NET_PROFIT_RATIO_SQ":3.6246527711,"HOLDER_PROFIT_SQ":9550534,"HOLDER_PROFIT_QOQ_SQ":0,"ROE_AVG_SQ":7.488551793608,"PE_TTM_SQ":-2.697890249825,"PB_TTM_SQ":0.891265597148,"ROA_SQ":5.056290383204,"START_DATE":"2021-04-01 00:00:00","FISCAL_YEAR":"3-31","CURRENCY":"HKD","IS_CNY_CODE":0,"DPS_HKD_LY":0.0175,"ORG_TYPE":"一般企业","PREMIUM_INCOME":null,"PREMIUM_INCOME_YOY":null,"NET_INTEREST_INCOME":null,"NET_INTEREST_INCOME_YOY":null,"FEE_COMMISSION_INCOME":null,"FEE_COMMISSION_INCOME_YOY":null,"ACCOUNTS_RECE_TDAYS":10.669238797002,"INVENTORY_TDAYS":33.783783783784,"CURRENT_ASSETS_TDAYS":1.850951475699,"TOTAL_ASSETS_TDAYS":1.388310721002,"PREMIUM_EXPENSE":null,"LOAN_DEPOSIT":null,"LOAN_EQUITY":null,"LOAN_ASSETS":null,"DEPOSIT_EQUITY":null,"DEPOSIT_ASSETS":null,"EQUITY_MULTIPLIER":1.616818842017,"EQUITY_RATIO":0.616818842017},{"SECUCODE":"06182.HK","SECURITY_CODE":"06182","SECURITY_NAME_ABBR":"乙德投资控股","ORG_CODE":"10685350","STD_REPORT_DATE":"2021-06-30 00:00:00","REPORT_DATE":"2021-09-30 00:00:00","DATE_TYPE_CODE":"002","REPORT_TYPE":"2021年中报","PER_NETCASH_OPERATE":-0.0119794028,"PER_OI":0.171057416425,"BPS":0.164180506125,"BASIC_EPS":0.009496884,"DILUTED_EPS":0.009496884,"OPERATE_INCOME":136845933.14,"OPERATE_INCOME_YOY":7.5572753999,"GROSS_PROFIT":26384676.32,"GROSS_PROFIT_YOY":27.510876886138,"HOLDER_PROFIT":7595841.08,"HOLDER_PROFIT_YOY":40.7967881408,"GROSS_PROFIT_RATIO":19.280570284107,"EPS_TTM":0.0119381675,"OPERATE_INCOME_QOQ":0,"NET_PROFIT_RATIO":5.550651675,"ROE_AVG":5.803724873652,"GROSS_PROFIT_QOQ":0,"ROA":3.866573939003,"HOLDER_PROFIT_QOQ":0,"ROE_YEARLY":11.607449747304,"ROIC_YEARLY":8.970083325955,"TOTAL_ASSETS":198522363.3,"TOTAL_LIABILITIES":67177958.4,"TAX_EBT":1.405709342561,"OCF_SALES":-7.003147276723,"TOTAL_PARENT_EQUITY":131344404.9,"DEBT_ASSET_RATIO":33.8389878517,"OPERATE_PROFIT":8164821.06,"PRETAX_PROFIT":7704138.88,"NETCASH_OPERATE":-9583522.24,"NETCASH_INVEST":-613132.16,"NETCASH_FINANCE":-4965037.6,"END_CASH":19508599.08,"DIVI_RATIO":null,"DIVIDEND_RATE":null,"CURRENT_RATIO":2.207483838886,"COMMON_ACS":2000000000,"CURRENTDEBT_DEBT":99.751984126984,"ISSUED_COMMON_SHARES":800000000,"HK_COMMON_SHARES":800000000,"PER_SHARES":8000,"TOTAL_MARKET_CAP":184000000,"HKSK_MARKET_CAP":184000000,"PE_TTM":-10.90822859853,"PB_TTM":1.930096924433,"REPORT_DATE_SQ":"2020-06-30 00:00:00","REPORT_TYPE_SQ":"2020年中报","OPERATE_INCOME_SQ":134204269.44,"DPS_HKD":null,"OPERATE_INCOME_QOQ_SQ":0,"NET_PROFIT_RATIO_SQ":4.2402456671,"HOLDER_PROFIT_SQ":5690590.72,"HOLDER_PROFIT_QOQ_SQ":0,"ROE_AVG_SQ":4.361383304711,"PE_TTM_SQ":-2.697890249825,"PB_TTM_SQ":0.891265597148,"ROA_SQ":2.888524626724,"START_DATE":"2021-04-01 00:00:00","FISCAL_YEAR":"3-31","CURRENCY":"HKD","IS_CNY_CODE":0,"DPS_HKD_LY":0.0175,"ORG_TYPE":"一般企业","PREMIUM_INCOME":null,"PREMIUM_INCOME_YOY":null,"NET_INTEREST_INCOME":null,"NET_INTEREST_INCOME_YOY":null,"FEE_COMMISSION_INCOME":null,"FEE_COMMISSION_INCOME_YOY":null,"ACCOUNTS_RECE_TDAYS":4.682629951112,"INVENTORY_TDAYS":14.042573471009,"CURRENT_ASSETS_TDAYS":0.940798139812,"TOTAL_ASSETS_TDAYS":0.696598195203,"PREMIUM_EXPENSE":null,"LOAN_DEPOSIT":null,"LOAN_EQUITY":null,"LOAN_ASSETS":null,"DEPOSIT_EQUITY":null,"DEPOSIT_ASSETS":null,"EQUITY_MULTIPLIER":1.511464180382,"EQUITY_RATIO":0.511464180382},{"SECUCODE":"06182.HK","SECURITY_CODE":"06182","SECURITY_NAME_ABBR":"乙德投资控股","ORG_CODE":"10685350","STD_REPORT_DATE":"2020-12-31 00:00:00","REPORT_DATE":"2021-03-31 00:00:00","DATE_TYPE_CODE":"001","REPORT_TYPE":"2020年年报","PER_NETCASH_OPERATE":0.02405593575,"PER_OI":0.32936030715,"BPS":0.165387991825,"BASIC_EPS":0.011917038,"DILUTED_EPS":0.011917038,"OPERATE_INCOME":263488245.72,"OPERATE_INCOME_YOY":98.5112642156,"GROSS_PROFIT":41258306.88,"GROSS_PROFIT_YOY":185.937187819458,"HOLDER_PROFIT":9550534,"HOLDER_PROFIT_YOY":147.4391267842,"GROSS_PROFIT_RATIO":15.658499971131,"EPS_TTM":-0.009975009438,"OPERATE_INCOME_QOQ":0,"NET_PROFIT_RATIO":3.6246527711,"ROE_AVG":7.488551793608,"GROSS_PROFIT_QOQ":0,"ROA":5.056290383204,"HOLDER_PROFIT_QOQ":0,"ROE_YEARLY":7.488551793608,"ROIC_YEARLY":6.531376617672,"TOTAL_ASSETS":197203313.86,"TOTAL_LIABILITIES":64892920.4,"TAX_EBT":-1.691864650828,"OCF_SALES":7.303835716623,"TOTAL_PARENT_EQUITY":132310393.46,"DEBT_ASSET_RATIO":32.9066074651,"OPERATE_PROFIT":10765057.66,"PRETAX_PROFIT":9391640.16,"NETCASH_OPERATE":19244748.6,"NETCASH_INVEST":-27833467.76,"NETCASH_FINANCE":-6379418.64,"END_CASH":35174701.24,"DIVI_RATIO":null,"DIVIDEND_RATE":null,"CURRENT_RATIO":2.244067619334,"COMMON_ACS":2000000000,"CURRENTDEBT_DEBT":99.618390205783,"ISSUED_COMMON_SHARES":800000000,"HK_COMMON_SHARES":800000000,"PER_SHARES":8000,"TOTAL_MARKET_CAP":184000000,"HKSK_MARKET_CAP":184000000,"PE_TTM":-10.90822859853,"PB_TTM":1.930096924433,"REPORT_DATE_SQ":"2019-12-31 00:00:00","REPORT_TYPE_SQ":"2019年年报","OPERATE_INCOME_SQ":143492930.2,"DPS_HKD":null,"OPERATE_INCOME_QOQ_SQ":0,"NET_PROFIT_RATIO_SQ":-15.1675305325,"HOLDER_PROFIT_SQ":-21764334,"HOLDER_PROFIT_QOQ_SQ":0,"ROE_AVG_SQ":-15.156817704588,"PE_TTM_SQ":-2.697890249825,"PB_TTM_SQ":0.891265597148,"ROA_SQ":-10.825452083059,"START_DATE":"2020-04-01 00:00:00","FISCAL_YEAR":"3-31","CURRENCY":"HKD","IS_CNY_CODE":0,"DPS_HKD_LY":null,"ORG_TYPE":"一般企业","PREMIUM_INCOME":null,"PREMIUM_INCOME_YOY":null,"NET_INTEREST_INCOME":null,"NET_INTEREST_INCOME_YOY":null,"FEE_COMMISSION_INCOME":null,"FEE_COMMISSION_INCOME_YOY":null,"ACCOUNTS_RECE_TDAYS":13.340208391279,"INVENTORY_TDAYS":31.2,"CURRENT_ASSETS_TDAYS":1.759165317097,"TOTAL_ASSETS_TDAYS":1.394972347014,"PREMIUM_EXPENSE":null,"LOAN_DEPOSIT":null,"LOAN_EQUITY":null,"LOAN_ASSETS":null,"DEPOSIT_EQUITY":null,"DEPOSIT_ASSETS":null,"EQUITY_MULTIPLIER":1.490459734138,"EQUITY_RATIO":0.490459734137},{"SECUCODE":"06182.HK","SECURITY_CODE":"06182","SECURITY_NAME_ABBR":"乙德投资控股","ORG_CODE":"10685350","STD_REPORT_DATE":"2020-06-30 00:00:00","REPORT_DATE":"2020-09-30 00:00:00","DATE_TYPE_CODE":"002","REPORT_TYPE":"2020年中报","PER_NETCASH_OPERATE":-0.0023758392,"PER_OI":0.1677553368,"BPS":0.1666525432,"BASIC_EPS":0.007117632,"DILUTED_EPS":0.007117632,"OPERATE_INCOME":134204269.44,"OPERATE_INCOME_YOY":109.807126961,"GROSS_PROFIT":20692098.56,"GROSS_PROFIT_YOY":294.496783876094,"HOLDER_PROFIT":5690590.72,"HOLDER_PROFIT_YOY":172.1720717709,"GROSS_PROFIT_RATIO":15.418360866121,"EPS_TTM":-0.0272054175,"OPERATE_INCOME_QOQ":0,"NET_PROFIT_RATIO":4.2402456671,"ROE_AVG":4.361383304711,"GROSS_PROFIT_QOQ":0,"ROA":2.888524626724,"HOLDER_PROFIT_QOQ":0,"ROE_YEARLY":8.722766609422,"ROIC_YEARLY":7.870876783587,"TOTAL_ASSETS":206283034.88,"TOTAL_LIABILITIES":72961000.32,"TAX_EBT":-2.663284717819,"OCF_SALES":-1.416252529022,"TOTAL_PARENT_EQUITY":133322034.56,"DEBT_ASSET_RATIO":35.3693653782,"OPERATE_PROFIT":null,"PRETAX_PROFIT":5542965.76,"NETCASH_OPERATE":-1900671.36,"NETCASH_INVEST":-249556.48,"NETCASH_FINANCE":2701185.28,"END_CASH":52683657.6,"DIVI_RATIO":null,"DIVIDEND_RATE":null,"CURRENT_RATIO":2.473744057484,"COMMON_ACS":2000000000,"CURRENTDEBT_DEBT":99.561609519336,"ISSUED_COMMON_SHARES":800000000,"HK_COMMON_SHARES":800000000,"PER_SHARES":8000,"TOTAL_MARKET_CAP":184000000,"HKSK_MARKET_CAP":184000000,"PE_TTM":-10.90822859853,"PB_TTM":1.930096924433,"REPORT_DATE_SQ":"2019-06-30 00:00:00","REPORT_TYPE_SQ":"2019年中报","OPERATE_INCOME_SQ":65660915.94,"DPS_HKD":null,"OPERATE_INCOME_QOQ_SQ":0,"NET_PROFIT_RATIO_SQ":-12.3265653763,"HOLDER_PROFIT_SQ":-8093735.73,"HOLDER_PROFIT_QOQ_SQ":0,"ROE_AVG_SQ":-5.452043225048,"PE_TTM_SQ":-2.697890249825,"PB_TTM_SQ":0.891265597148,"ROA_SQ":-3.938298670775,"START_DATE":"2020-04-01 00:00:00","FISCAL_YEAR":"3-31","CURRENCY":"HKD","IS_CNY_CODE":0,"DPS_HKD_LY":null,"ORG_TYPE":"一般企业","PREMIUM_INCOME":null,"PREMIUM_INCOME_YOY":null,"NET_INTEREST_INCOME":null,"NET_INTEREST_INCOME_YOY":null,"FEE_COMMISSION_INCOME":null,"FEE_COMMISSION_INCOME_YOY":null,"ACCOUNTS_RECE_TDAYS":7.373129284542,"INVENTORY_TDAYS":17.782228646156,"CURRENT_ASSETS_TDAYS":0.788697845795,"TOTAL_ASSETS_TDAYS":0.681216338273,"PREMIUM_EXPENSE":null,"LOAN_DEPOSIT":null,"LOAN_EQUITY":null,"LOAN_ASSETS":null,"DEPOSIT_EQUITY":null,"DEPOSIT_ASSETS":null,"EQUITY_MULTIPLIER":1.547253877131,"EQUITY_RATIO":0.547253877131}],"count":20},"success":true,"message":"ok","code":0}