{"version":"0939feb8ee6217572d1bd6f8f4d57ada","result":{"pages":4,"data":[{"SECUCODE":"06185.HK","SECURITY_CODE":"06185","SECURITY_NAME_ABBR":"康希诺生物","ORG_CODE":"10951925","STD_REPORT_DATE":"2024-09-30 00:00:00","REPORT_DATE":"2024-09-30 00:00:00","DATE_TYPE_CODE":"004","REPORT_TYPE":"2024年三季报","PER_NETCASH_OPERATE":-1.161505761415,"PER_OI":2.291688010065,"BPS":20.462386033425,"BASIC_EPS":-0.9,"DILUTED_EPS":-0.9,"OPERATE_INCOME":567077966.63,"OPERATE_INCOME_YOY":222.8788675814,"GROSS_PROFIT":420793754.53,"GROSS_PROFIT_YOY":14344.2477582936,"HOLDER_PROFIT":-222409418.57,"HOLDER_PROFIT_YOY":77.4210433604,"GROSS_PROFIT_RATIO":74.203862483085,"EPS_TTM":-2.910131574149,"OPERATE_INCOME_QOQ":20.854607053794,"NET_PROFIT_RATIO":-40.0644266943,"ROE_AVG":-4.30274714832,"GROSS_PROFIT_QOQ":-622.875714936258,"ROA":-2.569968816709,"HOLDER_PROFIT_QOQ":16.911075869183,"ROE_YEARLY":-5.73699619776,"ROIC_YEARLY":-3.390213311886,"TOTAL_ASSETS":7989566970.77,"TOTAL_LIABILITIES":2926151613.5,"TAX_EBT":-0.660961152293,"OCF_SALES":-50.683415731708,"TOTAL_PARENT_EQUITY":5063415357.27,"DEBT_ASSET_RATIO":36.6246584352,"OPERATE_PROFIT":-228818799.94,"PRETAX_PROFIT":-225704715.75,"NETCASH_OPERATE":-287414483.35,"NETCASH_INVEST":-655970024.54,"NETCASH_FINANCE":-232903034.92,"END_CASH":868929419.83,"DIVI_RATIO":null,"DIVIDEND_RATE":null,"CURRENT_RATIO":2.466273999962,"COMMON_ACS":null,"CURRENTDEBT_DEBT":60.543731769625,"ISSUED_COMMON_SHARES":247449899,"HK_COMMON_SHARES":132670900,"PER_SHARES":200,"TOTAL_MARKET_CAP":8759726424.6,"HKSK_MARKET_CAP":4696549860,"PE_TTM":-10.823114453729,"PB_TTM":1.560099880232,"REPORT_DATE_SQ":"2023-09-30 00:00:00","REPORT_TYPE_SQ":"2023年三季报","OPERATE_INCOME_SQ":175631799.9,"DPS_HKD":null,"OPERATE_INCOME_QOQ_SQ":18.217753746416,"NET_PROFIT_RATIO_SQ":-828.3920831355,"HOLDER_PROFIT_SQ":-985029654.47,"HOLDER_PROFIT_QOQ_SQ":19.45715411225,"ROE_AVG_SQ":-15.736911090849,"PE_TTM_SQ":-2.684513793433,"PB_TTM_SQ":0.668930238949,"ROA_SQ":-9.345808659918,"START_DATE":"2024-01-01 00:00:00","FISCAL_YEAR":"12-31","CURRENCY":"HKD","IS_CNY_CODE":0,"DPS_HKD_LY":null,"ORG_TYPE":"一般企业","PREMIUM_INCOME":null,"PREMIUM_INCOME_YOY":null,"NET_INTEREST_INCOME":null,"NET_INTEREST_INCOME_YOY":null,"FEE_COMMISSION_INCOME":null,"FEE_COMMISSION_INCOME_YOY":null,"ACCOUNTS_RECE_TDAYS":0.86251525241,"INVENTORY_TDAYS":0.420522802644,"CURRENT_ASSETS_TDAYS":0.118758758509,"TOTAL_ASSETS_TDAYS":0.065526572582,"PREMIUM_EXPENSE":null,"LOAN_DEPOSIT":null,"LOAN_EQUITY":null,"LOAN_ASSETS":null,"DEPOSIT_EQUITY":null,"DEPOSIT_ASSETS":null,"EQUITY_MULTIPLIER":1.57790076599,"EQUITY_RATIO":0.577900765992},{"SECUCODE":"06185.HK","SECURITY_CODE":"06185","SECURITY_NAME_ABBR":"康希诺生物","ORG_CODE":"10951925","STD_REPORT_DATE":"2024-06-30 00:00:00","REPORT_DATE":"2024-06-30 00:00:00","DATE_TYPE_CODE":"002","REPORT_TYPE":"2024年中报","PER_NETCASH_OPERATE":-0.913845594255,"PER_OI":1.153445611227,"BPS":20.44674910132,"BASIC_EPS":-0.91,"DILUTED_EPS":-0.91,"OPERATE_INCOME":285420000,"OPERATE_INCOME_YOY":1253.5995447216,"GROSS_PROFIT":187151000,"GROSS_PROFIT_YOY":124.102270868669,"HOLDER_PROFIT":-225373000,"HOLDER_PROFIT_YOY":73.2154465796,"GROSS_PROFIT_RATIO":65.570387499124,"EPS_TTM":-3.502430203053,"OPERATE_INCOME_QOQ":69.823697589477,"NET_PROFIT_RATIO":-80.63905823,"ROE_AVG":-4.361713308711,"GROSS_PROFIT_QOQ":110.389572224913,"ROA":-2.582577317579,"HOLDER_PROFIT_QOQ":42.72865165123,"ROE_YEARLY":-8.723426617422,"ROIC_YEARLY":-7.126133363667,"TOTAL_ASSETS":8134571000,"TOTAL_LIABILITIES":3075025000,"TAX_EBT":-0.420600708564,"OCF_SALES":-79.227454277906,"TOTAL_PARENT_EQUITY":5059546000,"DEBT_ASSET_RATIO":37.8019320257,"OPERATE_PROFIT":-250466000,"PRETAX_PROFIT":-229196000,"NETCASH_OPERATE":-226131000,"NETCASH_INVEST":2210000,"NETCASH_FINANCE":-113307000,"END_CASH":1721256000,"DIVI_RATIO":null,"DIVIDEND_RATE":null,"CURRENT_RATIO":2.379262457556,"COMMON_ACS":null,"CURRENTDEBT_DEBT":62.031918439688,"ISSUED_COMMON_SHARES":247449899,"HK_COMMON_SHARES":132670900,"PER_SHARES":200,"TOTAL_MARKET_CAP":8240081636.7,"HKSK_MARKET_CAP":4417940970,"PE_TTM":-10.181065291219,"PB_TTM":1.467551582252,"REPORT_DATE_SQ":"2023-06-30 00:00:00","REPORT_TYPE_SQ":"2023年中报","OPERATE_INCOME_SQ":21086000,"DPS_HKD":null,"OPERATE_INCOME_QOQ_SQ":-33.199786789489,"NET_PROFIT_RATIO_SQ":-6080.6743811059,"HOLDER_PROFIT_SQ":-841429000,"HOLDER_PROFIT_QOQ_SQ":-50.641794067111,"ROE_AVG_SQ":-13.292109310325,"PE_TTM_SQ":-3.647780507547,"PB_TTM_SQ":0.908958148219,"ROA_SQ":-7.876250711871,"START_DATE":"2024-01-01 00:00:00","FISCAL_YEAR":"12-31","CURRENCY":"HKD","IS_CNY_CODE":0,"DPS_HKD_LY":null,"ORG_TYPE":"一般企业","PREMIUM_INCOME":null,"PREMIUM_INCOME_YOY":null,"NET_INTEREST_INCOME":null,"NET_INTEREST_INCOME_YOY":null,"FEE_COMMISSION_INCOME":null,"FEE_COMMISSION_INCOME_YOY":null,"ACCOUNTS_RECE_TDAYS":0.469827446721,"INVENTORY_TDAYS":0.276718597104,"CURRENT_ASSETS_TDAYS":0.058732842322,"TOTAL_ASSETS_TDAYS":0.032706633802,"PREMIUM_EXPENSE":null,"LOAN_DEPOSIT":null,"LOAN_EQUITY":null,"LOAN_ASSETS":null,"DEPOSIT_EQUITY":null,"DEPOSIT_ASSETS":null,"EQUITY_MULTIPLIER":1.607766981465,"EQUITY_RATIO":0.607766981464},{"SECUCODE":"06185.HK","SECURITY_CODE":"06185","SECURITY_NAME_ABBR":"康希诺生物","ORG_CODE":"10951925","STD_REPORT_DATE":"2024-03-31 00:00:00","REPORT_DATE":"2024-03-31 00:00:00","DATE_TYPE_CODE":"003","REPORT_TYPE":"2024年一季报","PER_NETCASH_OPERATE":-0.437242750097,"PER_OI":0.461840082545,"BPS":20.636510588352,"BASIC_EPS":-0.69,"DILUTED_EPS":-0.69,"OPERATE_INCOME":114282281.78,"OPERATE_INCOME_YOY":13.6535036589,"GROSS_PROFIT":68049596.3,"GROSS_PROFIT_YOY":92.412207056046,"HOLDER_PROFIT":-170095866.61,"HOLDER_PROFIT_YOY":-21.8909096089,"GROSS_PROFIT_RATIO":59.545185167898,"EPS_TTM":-6.115501562359,"OPERATE_INCOME_QOQ":3.977333835484,"NET_PROFIT_RATIO":-153.0272073292,"ROE_AVG":-3.277027659993,"GROSS_PROFIT_QOQ":3.73085824965,"ROA":-1.901844707934,"HOLDER_PROFIT_QOQ":-2.060267394243,"ROE_YEARLY":-13.10811063997,"ROIC_YEARLY":-10.902563492461,"TOTAL_ASSETS":8568692147.63,"TOTAL_LIABILITIES":3462189686.83,"TAX_EBT":null,"OCF_SALES":-94.674058537161,"TOTAL_PARENT_EQUITY":5106502460.8,"DEBT_ASSET_RATIO":40.4051123226,"OPERATE_PROFIT":-198260270.67,"PRETAX_PROFIT":-174882984.28,"NETCASH_OPERATE":-108195674.35,"NETCASH_INVEST":275011228.44,"NETCASH_FINANCE":147374678.75,"END_CASH":2374907374.57,"DIVI_RATIO":null,"DIVIDEND_RATE":null,"CURRENT_RATIO":2.389161473099,"COMMON_ACS":null,"CURRENTDEBT_DEBT":60.735084328534,"ISSUED_COMMON_SHARES":247449899,"HK_COMMON_SHARES":132670900,"PER_SHARES":200,"TOTAL_MARKET_CAP":8240081636.7,"HKSK_MARKET_CAP":4417940970,"PE_TTM":-10.181065291219,"PB_TTM":1.467551582252,"REPORT_DATE_SQ":"2023-03-31 00:00:00","REPORT_TYPE_SQ":"2023年一季报","OPERATE_INCOME_SQ":100553241.3,"DPS_HKD":null,"OPERATE_INCOME_QOQ_SQ":-38.679548146,"NET_PROFIT_RATIO_SQ":-169.2629757441,"HOLDER_PROFIT_SQ":-139547622.67,"HOLDER_PROFIT_QOQ_SQ":-28.69486525091,"ROE_AVG_SQ":-2.089141880186,"PE_TTM_SQ":-3.647780507547,"PB_TTM_SQ":0.908958148219,"ROA_SQ":-1.230337269101,"START_DATE":"2024-01-01 00:00:00","FISCAL_YEAR":"12-31","CURRENCY":"HKD","IS_CNY_CODE":0,"DPS_HKD_LY":null,"ORG_TYPE":"一般企业","PREMIUM_INCOME":null,"PREMIUM_INCOME_YOY":null,"NET_INTEREST_INCOME":null,"NET_INTEREST_INCOME_YOY":null,"FEE_COMMISSION_INCOME":null,"FEE_COMMISSION_INCOME_YOY":null,"ACCOUNTS_RECE_TDAYS":0.18552139653,"INVENTORY_TDAYS":0.130956982622,"CURRENT_ASSETS_TDAYS":0.022398035056,"TOTAL_ASSETS_TDAYS":0.012777920895,"PREMIUM_EXPENSE":null,"LOAN_DEPOSIT":null,"LOAN_EQUITY":null,"LOAN_ASSETS":null,"DEPOSIT_EQUITY":null,"DEPOSIT_ASSETS":null,"EQUITY_MULTIPLIER":1.677996282858,"EQUITY_RATIO":0.677996282858},{"SECUCODE":"06185.HK","SECURITY_CODE":"06185","SECURITY_NAME_ABBR":"康希诺生物","ORG_CODE":"10951925","STD_REPORT_DATE":"2023-12-31 00:00:00","REPORT_DATE":"2023-12-31 00:00:00","DATE_TYPE_CODE":"001","REPORT_TYPE":"2023年年报","PER_NETCASH_OPERATE":-3.702777829786,"PER_OI":1.39495712625,"BPS":21.315846243283,"BASIC_EPS":-6.01,"DILUTED_EPS":-6.01,"OPERATE_INCOME":345182000,"OPERATE_INCOME_YOY":-66.5210209875,"GROSS_PROFIT":-876019000,"GROSS_PROFIT_YOY":-369.445947901204,"HOLDER_PROFIT":-1482732000,"HOLDER_PROFIT_YOY":-63.039526913,"GROSS_PROFIT_RATIO":-253.784670116055,"EPS_TTM":-5.992049323892,"OPERATE_INCOME_QOQ":-30.863672376364,"NET_PROFIT_RATIO":-569.9697550857,"ROE_AVG":-24.665553327732,"GROSS_PROFIT_QOQ":-34.895912210193,"ROA":-14.265454393792,"HOLDER_PROFIT_QOQ":-4.414121030146,"ROE_YEARLY":-24.665553327732,"ROIC_YEARLY":-21.1784411921,"TOTAL_ASSETS":9318769372.66,"TOTAL_LIABILITIES":4031354058.75,"TAX_EBT":0.578659486862,"OCF_SALES":-265.440260500258,"TOTAL_PARENT_EQUITY":5274604094.18,"DEBT_ASSET_RATIO":43.2605851696,"OPERATE_PROFIT":-2035182000,"PRETAX_PROFIT":-1978884000,"NETCASH_OPERATE":-916252000,"NETCASH_INVEST":-441622000,"NETCASH_FINANCE":-7582000,"END_CASH":2046099000,"DIVI_RATIO":null,"DIVIDEND_RATE":null,"CURRENT_RATIO":1.998896538526,"COMMON_ACS":null,"CURRENTDEBT_DEBT":63.633749708291,"ISSUED_COMMON_SHARES":247449899,"HK_COMMON_SHARES":132670900,"PER_SHARES":200,"TOTAL_MARKET_CAP":8240081636.7,"HKSK_MARKET_CAP":4417940970,"PE_TTM":-10.181065291219,"PB_TTM":1.467551582252,"REPORT_DATE_SQ":"2022-12-31 00:00:00","REPORT_TYPE_SQ":"2022年年报","OPERATE_INCOME_SQ":1031041000,"DPS_HKD":null,"OPERATE_INCOME_QOQ_SQ":-46.336897198908,"NET_PROFIT_RATIO_SQ":-93.571157694,"HOLDER_PROFIT_SQ":-909431000,"HOLDER_PROFIT_QOQ_SQ":-957.282505208186,"ROE_AVG_SQ":-12.337008896886,"PE_TTM_SQ":-3.647780507547,"PB_TTM_SQ":0.908958148219,"ROA_SQ":-7.791845718146,"START_DATE":"2023-01-01 00:00:00","FISCAL_YEAR":"12-31","CURRENCY":"HKD","IS_CNY_CODE":0,"DPS_HKD_LY":null,"ORG_TYPE":"一般企业","PREMIUM_INCOME":null,"PREMIUM_INCOME_YOY":null,"NET_INTEREST_INCOME":null,"NET_INTEREST_INCOME_YOY":null,"FEE_COMMISSION_INCOME":null,"FEE_COMMISSION_INCOME_YOY":null,"ACCOUNTS_RECE_TDAYS":0.462595036504,"INVENTORY_TDAYS":2.374877118879,"CURRENT_ASSETS_TDAYS":0.053470939887,"TOTAL_ASSETS_TDAYS":0.033210169326,"PREMIUM_EXPENSE":null,"LOAN_DEPOSIT":null,"LOAN_EQUITY":null,"LOAN_ASSETS":null,"DEPOSIT_EQUITY":null,"DEPOSIT_ASSETS":null,"EQUITY_MULTIPLIER":1.762443273321,"EQUITY_RATIO":0.764295099076},{"SECUCODE":"06185.HK","SECURITY_CODE":"06185","SECURITY_NAME_ABBR":"康希诺生物","ORG_CODE":"10951925","STD_REPORT_DATE":"2023-09-30 00:00:00","REPORT_DATE":"2023-09-30 00:00:00","DATE_TYPE_CODE":"004","REPORT_TYPE":"2023年三季报","PER_NETCASH_OPERATE":-3.026770367564,"PER_OI":0.709767110877,"BPS":23.320383937962,"BASIC_EPS":-3.99,"DILUTED_EPS":-3.99,"OPERATE_INCOME":175631799.9,"OPERATE_INCOME_YOY":-75.1720496441,"GROSS_PROFIT":2913227.2,"GROSS_PROFIT_YOY":-99.37445451799,"HOLDER_PROFIT":-985029654.47,"HOLDER_PROFIT_YOY":-107.6319749832,"GROSS_PROFIT_RATIO":1.658712830853,"EPS_TTM":-5.738734631652,"OPERATE_INCOME_QOQ":18.217753746416,"NET_PROFIT_RATIO":-828.3920831355,"ROE_AVG":-15.736911090849,"GROSS_PROFIT_QOQ":49.236268377907,"ROA":-9.345808659918,"HOLDER_PROFIT_QOQ":19.45715411225,"ROE_YEARLY":-20.982548121132,"ROIC_YEARLY":-14.205216307899,"TOTAL_ASSETS":9610642425.3,"TOTAL_LIABILITIES":3812394223.51,"TAX_EBT":0.07992815198,"OCF_SALES":-426.445565197445,"TOTAL_PARENT_EQUITY":5770626650.09,"DEBT_ASSET_RATIO":39.6684639257,"OPERATE_PROFIT":-1536371801.98,"PRETAX_PROFIT":-1456083746.67,"NETCASH_OPERATE":-748974021.75,"NETCASH_INVEST":-211774967.59,"NETCASH_FINANCE":-131319499.65,"END_CASH":2350994729.85,"DIVI_RATIO":null,"DIVIDEND_RATE":null,"CURRENT_RATIO":2.24177588424,"COMMON_ACS":null,"CURRENTDEBT_DEBT":64.670143431024,"ISSUED_COMMON_SHARES":247449899,"HK_COMMON_SHARES":132670900,"PER_SHARES":200,"TOTAL_MARKET_CAP":8240081636.7,"HKSK_MARKET_CAP":4417940970,"PE_TTM":-10.181065291219,"PB_TTM":1.467551582252,"REPORT_DATE_SQ":"2022-09-30 00:00:00","REPORT_TYPE_SQ":"2022年三季报","OPERATE_INCOME_SQ":707395485.26,"DPS_HKD":null,"OPERATE_INCOME_QOQ_SQ":-33.009162713033,"NET_PROFIT_RATIO_SQ":-69.0819132168,"HOLDER_PROFIT_SQ":-474411349.48,"HOLDER_PROFIT_QOQ_SQ":-89.279076700741,"ROE_AVG_SQ":-6.237514413399,"PE_TTM_SQ":-3.647780507547,"PB_TTM_SQ":0.908958148219,"ROA_SQ":-4.052461762185,"START_DATE":"2023-01-01 00:00:00","FISCAL_YEAR":"12-31","CURRENCY":"HKD","IS_CNY_CODE":0,"DPS_HKD_LY":null,"ORG_TYPE":"一般企业","PREMIUM_INCOME":null,"PREMIUM_INCOME_YOY":null,"NET_INTEREST_INCOME":null,"NET_INTEREST_INCOME_YOY":null,"FEE_COMMISSION_INCOME":null,"FEE_COMMISSION_INCOME_YOY":null,"ACCOUNTS_RECE_TDAYS":0.232862317915,"INVENTORY_TDAYS":0.31542257496,"CURRENT_ASSETS_TDAYS":0.026495981701,"TOTAL_ASSETS_TDAYS":0.016663672906,"PREMIUM_EXPENSE":null,"LOAN_DEPOSIT":null,"LOAN_EQUITY":null,"LOAN_ASSETS":null,"DEPOSIT_EQUITY":null,"DEPOSIT_ASSETS":null,"EQUITY_MULTIPLIER":1.657507938748,"EQUITY_RATIO":0.660655151456},{"SECUCODE":"06185.HK","SECURITY_CODE":"06185","SECURITY_NAME_ABBR":"康希诺生物","ORG_CODE":"10951925","STD_REPORT_DATE":"2023-06-30 00:00:00","REPORT_DATE":"2023-06-30 00:00:00","DATE_TYPE_CODE":"002","REPORT_TYPE":"2023年中报","PER_NETCASH_OPERATE":-3.046705628278,"PER_OI":0.08521320916,"BPS":23.893681201301,"BASIC_EPS":-3.41,"DILUTED_EPS":-3.41,"OPERATE_INCOME":21086000,"OPERATE_INCOME_YOY":-96.6518998396,"GROSS_PROFIT":-776487000,"GROSS_PROFIT_YOY":-345.589281817233,"HOLDER_PROFIT":-841429000,"HOLDER_PROFIT_YOY":-6975.5433894427,"GROSS_PROFIT_RATIO":-3682.47652470834,"EPS_TTM":-7.125070598635,"OPERATE_INCOME_QOQ":-33.199786789489,"NET_PROFIT_RATIO":-6080.6743811059,"ROE_AVG":-13.292109310325,"GROSS_PROFIT_QOQ":-154.772147008098,"ROA":-7.876250711871,"HOLDER_PROFIT_QOQ":-50.641794067111,"ROE_YEARLY":-26.584218620649,"ROIC_YEARLY":-23.428305563182,"TOTAL_ASSETS":9897272000,"TOTAL_LIABILITIES":3928013000,"TAX_EBT":0.090701180908,"OCF_SALES":-3575.39125486105,"TOTAL_PARENT_EQUITY":5912489000,"DEBT_ASSET_RATIO":39.6878351934,"OPERATE_PROFIT":-1342432000,"PRETAX_PROFIT":-1283335000,"NETCASH_OPERATE":-753907000,"NETCASH_INVEST":-67996000,"NETCASH_FINANCE":-222136000,"END_CASH":2384047000,"DIVI_RATIO":null,"DIVIDEND_RATE":null,"CURRENT_RATIO":2.166518651063,"COMMON_ACS":null,"CURRENTDEBT_DEBT":69.658578013871,"ISSUED_COMMON_SHARES":247449899,"HK_COMMON_SHARES":132670900,"PER_SHARES":200,"TOTAL_MARKET_CAP":8240081636.7,"HKSK_MARKET_CAP":4417940970,"PE_TTM":-10.181065291219,"PB_TTM":1.467551582252,"REPORT_DATE_SQ":"2022-06-30 00:00:00","REPORT_TYPE_SQ":"2022年中报","OPERATE_INCOME_SQ":629790000,"DPS_HKD":null,"OPERATE_INCOME_QOQ_SQ":-33.798729035092,"NET_PROFIT_RATIO_SQ":2.5473570555,"HOLDER_PROFIT_SQ":12238000,"HOLDER_PROFIT_QOQ_SQ":-51.729996873044,"ROE_AVG_SQ":0.155944862698,"PE_TTM_SQ":-3.647780507547,"PB_TTM_SQ":0.908958148219,"ROA_SQ":0.102567609722,"START_DATE":"2023-01-01 00:00:00","FISCAL_YEAR":"12-31","CURRENCY":"HKD","IS_CNY_CODE":0,"DPS_HKD_LY":null,"ORG_TYPE":"一般企业","PREMIUM_INCOME":null,"PREMIUM_INCOME_YOY":null,"NET_INTEREST_INCOME":null,"NET_INTEREST_INCOME_YOY":null,"FEE_COMMISSION_INCOME":null,"FEE_COMMISSION_INCOME_YOY":null,"ACCOUNTS_RECE_TDAYS":0.024371792938,"INVENTORY_TDAYS":1.408871989861,"CURRENT_ASSETS_TDAYS":0.003087666912,"TOTAL_ASSETS_TDAYS":0.001973768702,"PREMIUM_EXPENSE":null,"LOAN_DEPOSIT":null,"LOAN_EQUITY":null,"LOAN_ASSETS":null,"DEPOSIT_EQUITY":null,"DEPOSIT_ASSETS":null,"EQUITY_MULTIPLIER":1.658040302826,"EQUITY_RATIO":0.664358614452},{"SECUCODE":"06185.HK","SECURITY_CODE":"06185","SECURITY_NAME_ABBR":"康希诺生物","ORG_CODE":"10951925","STD_REPORT_DATE":"2023-03-31 00:00:00","REPORT_DATE":"2023-03-31 00:00:00","DATE_TYPE_CODE":"003","REPORT_TYPE":"2023年一季报","PER_NETCASH_OPERATE":-1.395854277556,"PER_OI":0.406357980773,"BPS":26.717226504101,"BASIC_EPS":-0.57,"DILUTED_EPS":-0.57,"OPERATE_INCOME":100553241.3,"OPERATE_INCOME_YOY":-79.8634238167,"GROSS_PROFIT":35366569.17,"GROSS_PROFIT_YOY":-89.920637147637,"HOLDER_PROFIT":-139547622.67,"HOLDER_PROFIT_YOY":-214.9357976493,"GROSS_PROFIT_RATIO":35.171501596173,"EPS_TTM":-4.729809972563,"OPERATE_INCOME_QOQ":-38.679548146,"NET_PROFIT_RATIO":-169.2629757441,"ROE_AVG":-2.089141880186,"GROSS_PROFIT_QOQ":-169.079938051627,"ROA":-1.230337269101,"HOLDER_PROFIT_QOQ":-28.69486525091,"ROE_YEARLY":-8.356567520743,"ROIC_YEARLY":-7.543291069995,"TOTAL_ASSETS":11215389000,"TOTAL_LIABILITIES":4137354000,"TAX_EBT":15.098135005357,"OCF_SALES":-343.504420554335,"TOTAL_PARENT_EQUITY":6611175000,"DEBT_ASSET_RATIO":36.8899732323,"OPERATE_PROFIT":-194657084.12,"PRETAX_PROFIT":-200465616.51,"NETCASH_OPERATE":-345405099.94,"NETCASH_INVEST":-172008398.75,"NETCASH_FINANCE":-10474806.49,"END_CASH":2843893796.13,"DIVI_RATIO":null,"DIVIDEND_RATE":null,"CURRENT_RATIO":2.793919737667,"COMMON_ACS":null,"CURRENTDEBT_DEBT":63.329920524084,"ISSUED_COMMON_SHARES":247449899,"HK_COMMON_SHARES":132670900,"PER_SHARES":200,"TOTAL_MARKET_CAP":8240081636.7,"HKSK_MARKET_CAP":4417940970,"PE_TTM":-10.181065291219,"PB_TTM":1.467551582252,"REPORT_DATE_SQ":"2022-03-31 00:00:00","REPORT_TYPE_SQ":"2022年一季报","OPERATE_INCOME_SQ":499355000,"DPS_HKD":null,"OPERATE_INCOME_QOQ_SQ":0.758122307081,"NET_PROFIT_RATIO_SQ":22.8885261988,"HOLDER_PROFIT_SQ":121413000,"HOLDER_PROFIT_QOQ_SQ":7.079382988837,"ROE_AVG_SQ":1.514866435277,"PE_TTM_SQ":-3.647780507547,"PB_TTM_SQ":0.908958148219,"ROA_SQ":1.01992719306,"START_DATE":"2023-01-01 00:00:00","FISCAL_YEAR":"12-31","CURRENCY":"HKD","IS_CNY_CODE":0,"DPS_HKD_LY":null,"ORG_TYPE":"一般企业","PREMIUM_INCOME":null,"PREMIUM_INCOME_YOY":null,"NET_INTEREST_INCOME":null,"NET_INTEREST_INCOME_YOY":null,"FEE_COMMISSION_INCOME":null,"FEE_COMMISSION_INCOME_YOY":null,"ACCOUNTS_RECE_TDAYS":0.116696376146,"INVENTORY_TDAYS":0.08892414431,"CURRENT_ASSETS_TDAYS":0.013361844839,"TOTAL_ASSETS_TDAYS":0.008865407599,"PREMIUM_EXPENSE":null,"LOAN_DEPOSIT":null,"LOAN_EQUITY":null,"LOAN_ASSETS":null,"DEPOSIT_EQUITY":null,"DEPOSIT_ASSETS":null,"EQUITY_MULTIPLIER":1.584534266925,"EQUITY_RATIO":0.625812204336},{"SECUCODE":"06185.HK","SECURITY_CODE":"06185","SECURITY_NAME_ABBR":"康希诺生物","ORG_CODE":"10951925","STD_REPORT_DATE":"2022-12-31 00:00:00","REPORT_DATE":"2022-12-31 00:00:00","DATE_TYPE_CODE":"001","REPORT_TYPE":"2022年年报","PER_NETCASH_OPERATE":-7.628206791064,"PER_OI":4.1666656732,"BPS":27.270530427656,"BASIC_EPS":-3.68,"DILUTED_EPS":-3.68,"OPERATE_INCOME":1031041000,"OPERATE_INCOME_YOY":-76.0206405002,"GROSS_PROFIT":-186607000,"GROSS_PROFIT_YOY":-106.216228010419,"HOLDER_PROFIT":-909431000,"HOLDER_PROFIT_YOY":-147.5050015932,"GROSS_PROFIT_RATIO":-18.098892284594,"EPS_TTM":-3.675212653855,"OPERATE_INCOME_QOQ":-46.336897198908,"NET_PROFIT_RATIO":-93.571157694,"ROE_AVG":-12.337008896886,"GROSS_PROFIT_QOQ":-113.051685814483,"ROA":-7.791845718146,"HOLDER_PROFIT_QOQ":-957.282505208186,"ROE_YEARLY":-12.337008896886,"ROIC_YEARLY":-14.091150241187,"TOTAL_ASSETS":11468960000,"TOTAL_LIABILITIES":4223358000,"TAX_EBT":18.517214090191,"OCF_SALES":-183.077006636981,"TOTAL_PARENT_EQUITY":6748090000,"DEBT_ASSET_RATIO":36.824245616,"OPERATE_PROFIT":-1368742000,"PRETAX_PROFIT":-1184001000,"NETCASH_OPERATE":-1887599000,"NETCASH_INVEST":-1191955000,"NETCASH_FINANCE":854602000,"END_CASH":3391268000,"DIVI_RATIO":null,"DIVIDEND_RATE":null,"CURRENT_RATIO":2.627469141572,"COMMON_ACS":null,"CURRENTDEBT_DEBT":69.661747831939,"ISSUED_COMMON_SHARES":247449899,"HK_COMMON_SHARES":132670900,"PER_SHARES":200,"TOTAL_MARKET_CAP":8240081636.7,"HKSK_MARKET_CAP":4417940970,"PE_TTM":-10.181065291219,"PB_TTM":1.467551582252,"REPORT_DATE_SQ":"2021-12-31 00:00:00","REPORT_TYPE_SQ":"2021年年报","OPERATE_INCOME_SQ":4299702000,"DPS_HKD":null,"OPERATE_INCOME_QOQ_SQ":38.760685994572,"NET_PROFIT_RATIO_SQ":44.3539110385,"HOLDER_PROFIT_SQ":1914390000,"HOLDER_PROFIT_QOQ_SQ":71.979662957215,"ROE_AVG_SQ":27.220298736661,"PE_TTM_SQ":-3.647780507547,"PB_TTM_SQ":0.908958148219,"ROA_SQ":20.560232753704,"START_DATE":"2022-01-01 00:00:00","FISCAL_YEAR":"12-31","CURRENCY":"HKD","IS_CNY_CODE":0,"DPS_HKD_LY":0.937273,"ORG_TYPE":"一般企业","PREMIUM_INCOME":null,"PREMIUM_INCOME_YOY":null,"NET_INTEREST_INCOME":null,"NET_INTEREST_INCOME_YOY":null,"FEE_COMMISSION_INCOME":null,"FEE_COMMISSION_INCOME_YOY":null,"ACCOUNTS_RECE_TDAYS":2.034783346622,"INVENTORY_TDAYS":1.56772185879,"CURRENT_ASSETS_TDAYS":0.121156197795,"TOTAL_ASSETS_TDAYS":0.088337789245,"PREMIUM_EXPENSE":null,"LOAN_DEPOSIT":null,"LOAN_EQUITY":null,"LOAN_ASSETS":null,"DEPOSIT_EQUITY":null,"DEPOSIT_ASSETS":null,"EQUITY_MULTIPLIER":1.582885728474,"EQUITY_RATIO":0.625859761799},{"SECUCODE":"06185.HK","SECURITY_CODE":"06185","SECURITY_NAME_ABBR":"康希诺生物","ORG_CODE":"10951925","STD_REPORT_DATE":"2022-09-30 00:00:00","REPORT_DATE":"2022-09-30 00:00:00","DATE_TYPE_CODE":"004","REPORT_TYPE":"2022年三季报","PER_NETCASH_OPERATE":-5.630545842332,"PER_OI":2.858742267096,"BPS":29.163455023273,"BASIC_EPS":-1.92,"DILUTED_EPS":-1.92,"OPERATE_INCOME":707395485.26,"OPERATE_INCOME_YOY":-77.0756130956,"GROSS_PROFIT":465709893.81,"GROSS_PROFIT_YOY":-77.161802820362,"HOLDER_PROFIT":-474411349.48,"HOLDER_PROFIT_YOY":-135.5658162256,"GROSS_PROFIT_RATIO":65.834364110575,"EPS_TTM":0.428704963828,"OPERATE_INCOME_QOQ":-33.009162713033,"NET_PROFIT_RATIO":-69.0819132168,"ROE_AVG":-6.237514413399,"GROSS_PROFIT_QOQ":-24.07993475061,"ROA":-4.052461762185,"HOLDER_PROFIT_QOQ":-89.279076700741,"ROE_YEARLY":-8.316685884532,"ROIC_YEARLY":-7.063536181209,"TOTAL_ASSETS":11539285000,"TOTAL_LIABILITIES":3784224000,"TAX_EBT":24.452393314083,"OCF_SALES":-196.958983312011,"TOTAL_PARENT_EQUITY":7216494000,"DEBT_ASSET_RATIO":32.7942675824,"OPERATE_PROFIT":-861042102.66,"PRETAX_PROFIT":-646853341.75,"NETCASH_OPERATE":-1393277778.3,"NETCASH_INVEST":-1923585810.26,"NETCASH_FINANCE":628604712.22,"END_CASH":2964815651.42,"DIVI_RATIO":null,"DIVIDEND_RATE":null,"CURRENT_RATIO":2.921922227625,"COMMON_ACS":null,"CURRENTDEBT_DEBT":73.20288122479,"ISSUED_COMMON_SHARES":247449899,"HK_COMMON_SHARES":132670900,"PER_SHARES":200,"TOTAL_MARKET_CAP":8240081636.7,"HKSK_MARKET_CAP":4417940970,"PE_TTM":-10.181065291219,"PB_TTM":1.467551582252,"REPORT_DATE_SQ":"2021-09-30 00:00:00","REPORT_TYPE_SQ":"2021年三季报","OPERATE_INCOME_SQ":3085775000,"DPS_HKD":null,"OPERATE_INCOME_QOQ_SQ":48.97342154876,"NET_PROFIT_RATIO_SQ":43.2272458727,"HOLDER_PROFIT_SQ":1333896000,"HOLDER_PROFIT_QOQ_SQ":73.199935750339,"ROE_AVG_SQ":19.774583462845,"PE_TTM_SQ":-3.647780507547,"PB_TTM_SQ":0.908958148219,"ROA_SQ":15.129288449038,"START_DATE":"2022-01-01 00:00:00","FISCAL_YEAR":"12-31","CURRENCY":"HKD","IS_CNY_CODE":0,"DPS_HKD_LY":0.937273,"ORG_TYPE":"一般企业","PREMIUM_INCOME":null,"PREMIUM_INCOME_YOY":null,"NET_INTEREST_INCOME":null,"NET_INTEREST_INCOME_YOY":null,"FEE_COMMISSION_INCOME":null,"FEE_COMMISSION_INCOME_YOY":null,"ACCOUNTS_RECE_TDAYS":3.010584289706,"INVENTORY_TDAYS":0.275256095818,"CURRENT_ASSETS_TDAYS":0.081384423953,"TOTAL_ASSETS_TDAYS":0.060426322076,"PREMIUM_EXPENSE":null,"LOAN_DEPOSIT":null,"LOAN_EQUITY":null,"LOAN_ASSETS":null,"DEPOSIT_EQUITY":null,"DEPOSIT_ASSETS":null,"EQUITY_MULTIPLIER":1.487968308695,"EQUITY_RATIO":0.524385387142}],"count":29},"success":true,"message":"ok","code":0}