{"version":"b00b12c0f106ce5c033ff879097a3cdd","result":{"pages":3,"data":[{"SECUCODE":"06188.HK","SECURITY_CODE":"06188","SECURITY_NAME_ABBR":"迪信通","ORG_CODE":"10130756","STD_REPORT_DATE":"2024-06-30 00:00:00","REPORT_DATE":"2024-06-30 00:00:00","DATE_TYPE_CODE":"002","REPORT_TYPE":"2024年中报","PER_NETCASH_OPERATE":-0.100844888277,"PER_OI":10.757187799929,"BPS":0.04134758868,"BASIC_EPS":-0.03,"DILUTED_EPS":-0.03,"OPERATE_INCOME":9535821000,"OPERATE_INCOME_YOY":4.2211562864,"GROSS_PROFIT":334270000,"GROSS_PROFIT_YOY":-3.985408378693,"HOLDER_PROFIT":-29267000,"HOLDER_PROFIT_YOY":-10.7088818278,"GROSS_PROFIT_RATIO":3.505413954394,"EPS_TTM":-0.713936008873,"OPERATE_INCOME_QOQ":2.252532253602,"NET_PROFIT_RATIO":-0.3049239284,"ROE_AVG":-54.569524075887,"GROSS_PROFIT_QOQ":-1.775770428399,"ROA":-0.331964392801,"HOLDER_PROFIT_QOQ":-0.449332984152,"ROE_YEARLY":-109.139048151774,"ROIC_YEARLY":-0.69957178209,"TOTAL_ASSETS":9300426000,"TOTAL_LIABILITIES":9290213000,"TAX_EBT":-5.565640429858,"OCF_SALES":-0.937465164248,"TOTAL_PARENT_EQUITY":36653000,"DEBT_ASSET_RATIO":99.8901878258,"OPERATE_PROFIT":49303000,"PRETAX_PROFIT":-27544000,"NETCASH_OPERATE":-89395000,"NETCASH_INVEST":28740000,"NETCASH_FINANCE":-422428000,"END_CASH":234183000,"DIVI_RATIO":null,"DIVIDEND_RATE":null,"CURRENT_RATIO":0.986832096075,"COMMON_ACS":null,"CURRENTDEBT_DEBT":97.820179149821,"ISSUED_COMMON_SHARES":886460400,"HK_COMMON_SHARES":548760400,"PER_SHARES":500,"TOTAL_MARKET_CAP":664845300,"HKSK_MARKET_CAP":411570300,"PE_TTM":-0.951629089439,"PB_TTM":16.55501618978,"REPORT_DATE_SQ":"2023-06-30 00:00:00","REPORT_TYPE_SQ":"2023年中报","OPERATE_INCOME_SQ":9149602000,"DPS_HKD":null,"OPERATE_INCOME_QOQ_SQ":21.814894899048,"NET_PROFIT_RATIO_SQ":-0.359698706,"HOLDER_PROFIT_SQ":-26436000,"HOLDER_PROFIT_QOQ_SQ":51.31414222419,"ROE_AVG_SQ":-6.381214569426,"PE_TTM_SQ":-11.44954397542,"PB_TTM_SQ":3.718783731818,"ROA_SQ":-0.333570531474,"START_DATE":"2024-01-01 00:00:00","FISCAL_YEAR":"12-31","CURRENCY":"HKD","IS_CNY_CODE":0,"DPS_HKD_LY":null,"ORG_TYPE":"一般企业","PREMIUM_INCOME":null,"PREMIUM_INCOME_YOY":null,"NET_INTEREST_INCOME":null,"NET_INTEREST_INCOME_YOY":null,"FEE_COMMISSION_INCOME":null,"FEE_COMMISSION_INCOME_YOY":null,"ACCOUNTS_RECE_TDAYS":4.528037702699,"INVENTORY_TDAYS":22.713149190363,"CURRENT_ASSETS_TDAYS":1.124938065901,"TOTAL_ASSETS_TDAYS":1.081611722459,"PREMIUM_EXPENSE":null,"LOAN_DEPOSIT":null,"LOAN_EQUITY":null,"LOAN_ASSETS":null,"DEPOSIT_EQUITY":null,"DEPOSIT_ASSETS":null,"EQUITY_MULTIPLIER":910.645843491576,"EQUITY_RATIO":253.463918369574},{"SECUCODE":"06188.HK","SECURITY_CODE":"06188","SECURITY_NAME_ABBR":"迪信通","ORG_CODE":"10130756","STD_REPORT_DATE":"2023-12-31 00:00:00","REPORT_DATE":"2023-12-31 00:00:00","DATE_TYPE_CODE":"001","REPORT_TYPE":"2023年年报","PER_NETCASH_OPERATE":0.064890659526,"PER_OI":19.342084542073,"BPS":0.079656124515,"BASIC_EPS":-0.84,"DILUTED_EPS":-0.84,"OPERATE_INCOME":17145992000,"OPERATE_INCOME_YOY":26.9364799815,"GROSS_PROFIT":781351000,"GROSS_PROFIT_YOY":22.577937725122,"HOLDER_PROFIT":-630045000,"HOLDER_PROFIT_YOY":-128.6259112632,"GROSS_PROFIT_RATIO":4.557047501247,"EPS_TTM":-0.710742408798,"OPERATE_INCOME_QOQ":4.204399705558,"NET_PROFIT_RATIO":-3.8844354996,"ROE_AVG":-252.433505550136,"GROSS_PROFIT_QOQ":7.27950989384,"ROA":-8.184167507811,"HOLDER_PROFIT_QOQ":-369.5940909904,"ROE_YEARLY":-252.433505550136,"ROIC_YEARLY":-8.706750234444,"TOTAL_ASSETS":8332188000,"TOTAL_LIABILITIES":8288208000,"TAX_EBT":-0.748018394143,"OCF_SALES":0.33548948349,"TOTAL_PARENT_EQUITY":70612000,"DEBT_ASSET_RATIO":99.4721674547,"OPERATE_PROFIT":-472939000,"PRETAX_PROFIT":-661080000,"NETCASH_OPERATE":57523000,"NETCASH_INVEST":-178322000,"NETCASH_FINANCE":613932000,"END_CASH":717266000,"DIVI_RATIO":null,"DIVIDEND_RATE":null,"CURRENT_RATIO":0.98376931004,"COMMON_ACS":null,"CURRENTDEBT_DEBT":97.936912297568,"ISSUED_COMMON_SHARES":886460400,"HK_COMMON_SHARES":548760400,"PER_SHARES":500,"TOTAL_MARKET_CAP":735762132,"HKSK_MARKET_CAP":455471132,"PE_TTM":-1.053136192312,"PB_TTM":18.320884583356,"REPORT_DATE_SQ":"2022-12-31 00:00:00","REPORT_TYPE_SQ":"2022年年报","OPERATE_INCOME_SQ":13507537000,"DPS_HKD":null,"OPERATE_INCOME_QOQ_SQ":26.018366957576,"NET_PROFIT_RATIO_SQ":-2.0665869729,"HOLDER_PROFIT_SQ":-275579000,"HOLDER_PROFIT_QOQ_SQ":5.549557701074,"ROE_AVG_SQ":-48.618132452165,"PE_TTM_SQ":-10.124359892885,"PB_TTM_SQ":3.288367200088,"ROA_SQ":-3.817088521025,"START_DATE":"2023-01-01 00:00:00","FISCAL_YEAR":"12-31","CURRENCY":"HKD","IS_CNY_CODE":0,"DPS_HKD_LY":null,"ORG_TYPE":"一般企业","PREMIUM_INCOME":null,"PREMIUM_INCOME_YOY":null,"NET_INTEREST_INCOME":null,"NET_INTEREST_INCOME_YOY":null,"FEE_COMMISSION_INCOME":null,"FEE_COMMISSION_INCOME_YOY":null,"ACCOUNTS_RECE_TDAYS":7.858454258834,"INVENTORY_TDAYS":53.886803946846,"CURRENT_ASSETS_TDAYS":2.336821349066,"TOTAL_ASSETS_TDAYS":2.227232509037,"PREMIUM_EXPENSE":null,"LOAN_DEPOSIT":null,"LOAN_EQUITY":null,"LOAN_ASSETS":null,"DEPOSIT_EQUITY":null,"DEPOSIT_ASSETS":null,"EQUITY_MULTIPLIER":189.454024558421,"EQUITY_RATIO":117.376763156404},{"SECUCODE":"06188.HK","SECURITY_CODE":"06188","SECURITY_NAME_ABBR":"迪信通","ORG_CODE":"10130756","STD_REPORT_DATE":"2023-06-30 00:00:00","REPORT_DATE":"2023-06-30 00:00:00","DATE_TYPE_CODE":"002","REPORT_TYPE":"2023年中报","PER_NETCASH_OPERATE":-0.378434110568,"PER_OI":12.491599545859,"BPS":0.45122376589,"BASIC_EPS":-0.04,"DILUTED_EPS":-0.04,"OPERATE_INCOME":9149602000,"OPERATE_INCOME_YOY":47.5041137704,"GROSS_PROFIT":348145000,"GROSS_PROFIT_YOY":35.335963769947,"HOLDER_PROFIT":-26436000,"HOLDER_PROFIT_YOY":84.2499419114,"GROSS_PROFIT_RATIO":3.805028896339,"EPS_TTM":-0.183174407791,"OPERATE_INCOME_QOQ":21.814894899048,"NET_PROFIT_RATIO":-0.359698706,"ROE_AVG":-6.381214569426,"GROSS_PROFIT_QOQ":14.260344632839,"ROA":-0.333570531474,"HOLDER_PROFIT_QOQ":51.31414222419,"ROE_YEARLY":-12.762429138852,"ROIC_YEARLY":-0.686669460255,"TOTAL_ASSETS":8785830000,"TOTAL_LIABILITIES":8382965000,"TAX_EBT":20.335495739737,"OCF_SALES":-3.029508824537,"TOTAL_PARENT_EQUITY":399992000,"DEBT_ASSET_RATIO":95.4146051085,"OPERATE_PROFIT":35987000,"PRETAX_PROFIT":-41312000,"NETCASH_OPERATE":-277188000,"NETCASH_INVEST":-644682000,"NETCASH_FINANCE":911827000,"END_CASH":214418000,"DIVI_RATIO":null,"DIVIDEND_RATE":null,"CURRENT_RATIO":1.023317825457,"COMMON_ACS":null,"CURRENTDEBT_DEBT":98.393372750572,"ISSUED_COMMON_SHARES":886460400,"HK_COMMON_SHARES":548760400,"PER_SHARES":500,"TOTAL_MARKET_CAP":735762132,"HKSK_MARKET_CAP":455471132,"PE_TTM":-1.053136192312,"PB_TTM":18.320884583356,"REPORT_DATE_SQ":"2022-06-30 00:00:00","REPORT_TYPE_SQ":"2022年中报","OPERATE_INCOME_SQ":6202947000,"DPS_HKD":null,"OPERATE_INCOME_QOQ_SQ":4.634695863794,"NET_PROFIT_RATIO_SQ":-2.72251238,"HOLDER_PROFIT_SQ":-167847000,"HOLDER_PROFIT_QOQ_SQ":91.821273418066,"ROE_AVG_SQ":-27.076311070997,"PE_TTM_SQ":-10.124359892885,"PB_TTM_SQ":3.288367200088,"ROA_SQ":-2.389587618284,"START_DATE":"2023-01-01 00:00:00","FISCAL_YEAR":"12-31","CURRENCY":"HKD","IS_CNY_CODE":0,"DPS_HKD_LY":null,"ORG_TYPE":"一般企业","PREMIUM_INCOME":null,"PREMIUM_INCOME_YOY":null,"NET_INTEREST_INCOME":null,"NET_INTEREST_INCOME_YOY":null,"FEE_COMMISSION_INCOME":null,"FEE_COMMISSION_INCOME_YOY":null,"ACCOUNTS_RECE_TDAYS":3.758563221578,"INVENTORY_TDAYS":31.494514420668,"CURRENT_ASSETS_TDAYS":1.209482890525,"TOTAL_ASSETS_TDAYS":1.154500530305,"PREMIUM_EXPENSE":null,"LOAN_DEPOSIT":null,"LOAN_EQUITY":null,"LOAN_ASSETS":null,"DEPOSIT_EQUITY":null,"DEPOSIT_ASSETS":null,"EQUITY_MULTIPLIER":21.808372531965,"EQUITY_RATIO":20.957831656633},{"SECUCODE":"06188.HK","SECURITY_CODE":"06188","SECURITY_NAME_ABBR":"迪信通","ORG_CODE":"10130756","STD_REPORT_DATE":"2022-12-31 00:00:00","REPORT_DATE":"2022-12-31 00:00:00","DATE_TYPE_CODE":"001","REPORT_TYPE":"2022年年报","PER_NETCASH_OPERATE":-0.818459264146,"PER_OI":18.44132051371,"BPS":0.4834564522,"BASIC_EPS":-0.38,"DILUTED_EPS":-0.38,"OPERATE_INCOME":13507537000,"OPERATE_INCOME_YOY":31.8589349986,"GROSS_PROFIT":637432000,"GROSS_PROFIT_YOY":10.706023744851,"HOLDER_PROFIT":-275579000,"HOLDER_PROFIT_YOY":92.2751565689,"GROSS_PROFIT_RATIO":4.719083871471,"EPS_TTM":-0.37623740478,"OPERATE_INCOME_QOQ":26.018366957576,"NET_PROFIT_RATIO":-2.0665869729,"ROE_AVG":-48.618132452165,"GROSS_PROFIT_QOQ":31.289056224486,"ROA":-3.817088521025,"HOLDER_PROFIT_QOQ":5.549557701074,"ROE_YEARLY":-48.618132452165,"ROIC_YEARLY":-3.908477084701,"TOTAL_ASSETS":7064491000,"TOTAL_LIABILITIES":6626578000,"TAX_EBT":-7.166851583825,"OCF_SALES":-4.438181439,"TOTAL_PARENT_EQUITY":428565000,"DEBT_ASSET_RATIO":93.8012094573,"OPERATE_PROFIT":-78408000,"PRETAX_PROFIT":-260477000,"NETCASH_OPERATE":-599489000,"NETCASH_INVEST":10325000,"NETCASH_FINANCE":721443000,"END_CASH":224133000,"DIVI_RATIO":null,"DIVIDEND_RATE":null,"CURRENT_RATIO":1.036216353793,"COMMON_ACS":null,"CURRENTDEBT_DEBT":97.416358790314,"ISSUED_COMMON_SHARES":886460400,"HK_COMMON_SHARES":548760400,"PER_SHARES":500,"TOTAL_MARKET_CAP":735762132,"HKSK_MARKET_CAP":455471132,"PE_TTM":-1.053136192312,"PB_TTM":18.320884583356,"REPORT_DATE_SQ":"2021-12-31 00:00:00","REPORT_TYPE_SQ":"2021年年报","OPERATE_INCOME_SQ":10243930000,"DPS_HKD":null,"OPERATE_INCOME_QOQ_SQ":-22.117923423392,"NET_PROFIT_RATIO_SQ":-35.1133305284,"HOLDER_PROFIT_SQ":-3567438000,"HOLDER_PROFIT_QOQ_SQ":-5.143655107492,"ROE_AVG_SQ":-142.979418220964,"PE_TTM_SQ":-10.124359892885,"PB_TTM_SQ":3.288367200088,"ROA_SQ":-42.673341407617,"START_DATE":"2022-01-01 00:00:00","FISCAL_YEAR":"12-31","CURRENCY":"HKD","IS_CNY_CODE":0,"DPS_HKD_LY":null,"ORG_TYPE":"一般企业","PREMIUM_INCOME":null,"PREMIUM_INCOME_YOY":null,"NET_INTEREST_INCOME":null,"NET_INTEREST_INCOME_YOY":null,"FEE_COMMISSION_INCOME":null,"FEE_COMMISSION_INCOME_YOY":null,"ACCOUNTS_RECE_TDAYS":5.18244476822,"INVENTORY_TDAYS":45.142819561729,"CURRENT_ASSETS_TDAYS":2.016115295657,"TOTAL_ASSETS_TDAYS":1.870950414583,"PREMIUM_EXPENSE":null,"LOAN_DEPOSIT":null,"LOAN_EQUITY":null,"LOAN_ASSETS":null,"DEPOSIT_EQUITY":null,"DEPOSIT_ASSETS":null,"EQUITY_MULTIPLIER":16.132179222891,"EQUITY_RATIO":15.462247267042},{"SECUCODE":"06188.HK","SECURITY_CODE":"06188","SECURITY_NAME_ABBR":"迪信通","ORG_CODE":"10130756","STD_REPORT_DATE":"2022-06-30 00:00:00","REPORT_DATE":"2022-06-30 00:00:00","DATE_TYPE_CODE":"002","REPORT_TYPE":"2022年中报","PER_NETCASH_OPERATE":-0.925173565697,"PER_OI":8.468644857797,"BPS":0.603213634811,"BASIC_EPS":-0.23,"DILUTED_EPS":-0.23,"OPERATE_INCOME":6202947000,"OPERATE_INCOME_YOY":8.2884208086,"GROSS_PROFIT":257245000,"GROSS_PROFIT_YOY":-25.975857157245,"HOLDER_PROFIT":-167847000,"HOLDER_PROFIT_YOY":95.1257058923,"GROSS_PROFIT_RATIO":4.147141673143,"EPS_TTM":-0.398343719333,"OPERATE_INCOME_QOQ":4.634695863794,"NET_PROFIT_RATIO":-2.72251238,"ROE_AVG":-27.076311070997,"GROSS_PROFIT_QOQ":-15.67764524443,"ROA":-2.389587618284,"HOLDER_PROFIT_QOQ":91.821273418066,"ROE_YEARLY":-54.152622141995,"ROIC_YEARLY":-4.854261461963,"TOTAL_ASSETS":6673464000,"TOTAL_LIABILITIES":6126854000,"TAX_EBT":-0.13459907856,"OCF_SALES":-10.924694342866,"TOTAL_PARENT_EQUITY":534725000,"DEBT_ASSET_RATIO":91.8092013383,"OPERATE_PROFIT":-65639000,"PRETAX_PROFIT":-168649000,"NETCASH_OPERATE":-677653000,"NETCASH_INVEST":9529000,"NETCASH_FINANCE":678604000,"END_CASH":101275000,"DIVI_RATIO":null,"DIVIDEND_RATE":null,"CURRENT_RATIO":1.024678270502,"COMMON_ACS":null,"CURRENTDEBT_DEBT":96.535611914369,"ISSUED_COMMON_SHARES":886460400,"HK_COMMON_SHARES":548760400,"PER_SHARES":500,"TOTAL_MARKET_CAP":735762132,"HKSK_MARKET_CAP":455471132,"PE_TTM":-1.053136192312,"PB_TTM":18.320884583356,"REPORT_DATE_SQ":"2021-06-30 00:00:00","REPORT_TYPE_SQ":"2021年中报","OPERATE_INCOME_SQ":5728172000,"DPS_HKD":null,"OPERATE_INCOME_QOQ_SQ":-2.930011844887,"NET_PROFIT_RATIO_SQ":-60.0084285179,"HOLDER_PROFIT_SQ":-3443514000,"HOLDER_PROFIT_QOQ_SQ":-3074.62608055268,"ROE_AVG_SQ":-134.215680428054,"PE_TTM_SQ":-10.124359892885,"PB_TTM_SQ":3.288367200088,"ROA_SQ":-40.851411853339,"START_DATE":"2022-01-01 00:00:00","FISCAL_YEAR":"12-31","CURRENCY":"HKD","IS_CNY_CODE":0,"DPS_HKD_LY":null,"ORG_TYPE":"一般企业","PREMIUM_INCOME":null,"PREMIUM_INCOME_YOY":null,"NET_INTEREST_INCOME":null,"NET_INTEREST_INCOME_YOY":null,"FEE_COMMISSION_INCOME":null,"FEE_COMMISSION_INCOME_YOY":null,"ACCOUNTS_RECE_TDAYS":2.186517184646,"INVENTORY_TDAYS":20.498003016591,"CURRENT_ASSETS_TDAYS":0.971413984769,"TOTAL_ASSETS_TDAYS":0.883095041798,"PREMIUM_EXPENSE":null,"LOAN_DEPOSIT":null,"LOAN_EQUITY":null,"LOAN_ASSETS":null,"DEPOSIT_EQUITY":null,"DEPOSIT_ASSETS":null,"EQUITY_MULTIPLIER":12.208821646123,"EQUITY_RATIO":11.45795315349},{"SECUCODE":"06188.HK","SECURITY_CODE":"06188","SECURITY_NAME_ABBR":"迪信通","ORG_CODE":"10130756","STD_REPORT_DATE":"2021-12-31 00:00:00","REPORT_DATE":"2021-12-31 00:00:00","DATE_TYPE_CODE":"001","REPORT_TYPE":"2021年年报","PER_NETCASH_OPERATE":-1.355189987063,"PER_OI":13.985643455947,"BPS":0.795390296058,"BASIC_EPS":-4.87,"DILUTED_EPS":-4.87,"OPERATE_INCOME":10243930000,"OPERATE_INCOME_YOY":-24.3998774921,"GROSS_PROFIT":575788000,"GROSS_PROFIT_YOY":-51.06718756241,"HOLDER_PROFIT":-3567438000,"HOLDER_PROFIT_YOY":-3227.6305868738,"GROSS_PROFIT_RATIO":5.620772496493,"EPS_TTM":-4.870485831043,"OPERATE_INCOME_QOQ":-22.117923423392,"NET_PROFIT_RATIO":-35.1133305284,"ROE_AVG":-142.979418220964,"GROSS_PROFIT_QOQ":-34.451931363207,"ROA":-42.673341407617,"HOLDER_PROFIT_QOQ":-5.143655107492,"ROE_YEARLY":-142.979418220964,"ROIC_YEARLY":-43.553803036452,"TOTAL_ASSETS":7374734000,"TOTAL_LIABILITIES":6656738000,"TAX_EBT":7.895939645855,"OCF_SALES":-9.689865120125,"TOTAL_PARENT_EQUITY":705082000,"DEBT_ASSET_RATIO":90.2641098648,"OPERATE_PROFIT":-3672951000,"PRETAX_PROFIT":-3905349000,"NETCASH_OPERATE":-992623000,"NETCASH_INVEST":-30478000,"NETCASH_FINANCE":1045794000,"END_CASH":91225000,"DIVI_RATIO":null,"DIVIDEND_RATE":null,"CURRENT_RATIO":1.045771629796,"COMMON_ACS":null,"CURRENTDEBT_DEBT":96.394119762562,"ISSUED_COMMON_SHARES":886460400,"HK_COMMON_SHARES":548760400,"PER_SHARES":500,"TOTAL_MARKET_CAP":735762132,"HKSK_MARKET_CAP":455471132,"PE_TTM":-1.053136192312,"PB_TTM":18.320884583356,"REPORT_DATE_SQ":"2020-12-31 00:00:00","REPORT_TYPE_SQ":"2020年年报","OPERATE_INCOME_SQ":13550150000,"DPS_HKD":null,"OPERATE_INCOME_QOQ_SQ":-4.648432458694,"NET_PROFIT_RATIO_SQ":0.8450976557,"HOLDER_PROFIT_SQ":114062000,"HOLDER_PROFIT_QOQ_SQ":-37.702017029783,"ROE_AVG_SQ":2.748707785387,"PE_TTM_SQ":-10.124359892885,"PB_TTM_SQ":3.288367200088,"ROA_SQ":1.124523957654,"START_DATE":"2021-01-01 00:00:00","FISCAL_YEAR":"12-31","CURRENCY":"HKD","IS_CNY_CODE":0,"DPS_HKD_LY":null,"ORG_TYPE":"一般企业","PREMIUM_INCOME":null,"PREMIUM_INCOME_YOY":null,"NET_INTEREST_INCOME":null,"NET_INTEREST_INCOME_YOY":null,"FEE_COMMISSION_INCOME":null,"FEE_COMMISSION_INCOME_YOY":null,"ACCOUNTS_RECE_TDAYS":3.485047093024,"INVENTORY_TDAYS":6.768511621395,"CURRENT_ASSETS_TDAYS":1.345939138933,"TOTAL_ASSETS_TDAYS":1.225368800371,"PREMIUM_EXPENSE":null,"LOAN_DEPOSIT":null,"LOAN_EQUITY":null,"LOAN_ASSETS":null,"DEPOSIT_EQUITY":null,"DEPOSIT_ASSETS":null,"EQUITY_MULTIPLIER":10.271274491734,"EQUITY_RATIO":9.44108344845},{"SECUCODE":"06188.HK","SECURITY_CODE":"06188","SECURITY_NAME_ABBR":"迪信通","ORG_CODE":"10130756","STD_REPORT_DATE":"2021-06-30 00:00:00","REPORT_DATE":"2021-06-30 00:00:00","DATE_TYPE_CODE":"002","REPORT_TYPE":"2021年中报","PER_NETCASH_OPERATE":0.303385684741,"PER_OI":7.820452819019,"BPS":0.954643884826,"BASIC_EPS":-4.72,"DILUTED_EPS":-4.72,"OPERATE_INCOME":5728172000,"OPERATE_INCOME_YOY":-6.4817712683,"GROSS_PROFIT":347515000,"GROSS_PROFIT_YOY":-46.187198525825,"HOLDER_PROFIT":-3443514000,"HOLDER_PROFIT_YOY":-5525.7618252293,"GROSS_PROFIT_RATIO":6.06676964309,"EPS_TTM":-4.632220390345,"OPERATE_INCOME_QOQ":-2.930011844887,"NET_PROFIT_RATIO":-60.0084285179,"ROE_AVG":-134.215680428054,"GROSS_PROFIT_QOQ":-25.34820101454,"ROA":-40.851411853339,"HOLDER_PROFIT_QOQ":-3074.62608055268,"ROE_YEARLY":-268.431360856108,"ROIC_YEARLY":-83.752149127106,"TOTAL_ASSETS":7513711000,"TOTAL_LIABILITIES":6617270000,"TAX_EBT":8.349668741388,"OCF_SALES":3.87938769995,"TOTAL_PARENT_EQUITY":846254000,"DEBT_ASSET_RATIO":88.0692643089,"OPERATE_PROFIT":-1557673000,"PRETAX_PROFIT":-3750544000,"NETCASH_OPERATE":222218000,"NETCASH_INVEST":22531000,"NETCASH_FINANCE":-186839000,"END_CASH":128469000,"DIVI_RATIO":null,"DIVIDEND_RATE":null,"CURRENT_RATIO":1.070784127843,"COMMON_ACS":null,"CURRENTDEBT_DEBT":96.426607951618,"ISSUED_COMMON_SHARES":886460400,"HK_COMMON_SHARES":548760400,"PER_SHARES":500,"TOTAL_MARKET_CAP":735762132,"HKSK_MARKET_CAP":455471132,"PE_TTM":-1.053136192312,"PB_TTM":18.320884583356,"REPORT_DATE_SQ":"2020-06-30 00:00:00","REPORT_TYPE_SQ":"2020年中报","OPERATE_INCOME_SQ":6125193000,"DPS_HKD":null,"OPERATE_INCOME_QOQ_SQ":-7.427727776901,"NET_PROFIT_RATIO_SQ":1.0578768702,"HOLDER_PROFIT_SQ":63466000,"HOLDER_PROFIT_QOQ_SQ":-28.879851149204,"ROE_AVG_SQ":1.535102783629,"PE_TTM_SQ":-10.124359892885,"PB_TTM_SQ":3.288367200088,"ROA_SQ":0.601576282277,"START_DATE":"2021-01-01 00:00:00","FISCAL_YEAR":"12-31","CURRENCY":"HKD","IS_CNY_CODE":0,"DPS_HKD_LY":null,"ORG_TYPE":"一般企业","PREMIUM_INCOME":null,"PREMIUM_INCOME_YOY":null,"NET_INTEREST_INCOME":null,"NET_INTEREST_INCOME_YOY":null,"FEE_COMMISSION_INCOME":null,"FEE_COMMISSION_INCOME_YOY":null,"ACCOUNTS_RECE_TDAYS":2.045118719897,"INVENTORY_TDAYS":3.803328990905,"CURRENT_ASSETS_TDAYS":0.746631380009,"TOTAL_ASSETS_TDAYS":0.679549766717,"PREMIUM_EXPENSE":null,"LOAN_DEPOSIT":null,"LOAN_EQUITY":null,"LOAN_ASSETS":null,"DEPOSIT_EQUITY":null,"DEPOSIT_ASSETS":null,"EQUITY_MULTIPLIER":8.381712795347,"EQUITY_RATIO":7.819484457385},{"SECUCODE":"06188.HK","SECURITY_CODE":"06188","SECURITY_NAME_ABBR":"迪信通","ORG_CODE":"10130756","STD_REPORT_DATE":"2020-12-31 00:00:00","REPORT_DATE":"2020-12-31 00:00:00","DATE_TYPE_CODE":"001","REPORT_TYPE":"2020年年报","PER_NETCASH_OPERATE":0.430096971795,"PER_OI":18.499498402917,"BPS":4.833898953636,"BASIC_EPS":0.16,"DILUTED_EPS":0.16,"OPERATE_INCOME":13550150000,"OPERATE_INCOME_YOY":-11.7308873267,"GROSS_PROFIT":1176691000,"GROSS_PROFIT_YOY":-33.478076768481,"HOLDER_PROFIT":114062000,"HOLDER_PROFIT_YOY":-55.6935817805,"GROSS_PROFIT_RATIO":8.683970288152,"EPS_TTM":0.155724459643,"OPERATE_INCOME_QOQ":-4.648432458694,"NET_PROFIT_RATIO":0.8450976557,"ROE_AVG":2.748707785387,"GROSS_PROFIT_QOQ":-25.103193147657,"ROA":1.124523957654,"HOLDER_PROFIT_QOQ":-37.702017029783,"ROE_YEARLY":2.748707785387,"ROIC_YEARLY":1.186667320019,"TOTAL_ASSETS":9345016000,"TOTAL_LIABILITIES":4897510000,"TAX_EBT":-7.616980085897,"OCF_SALES":2.324911532345,"TOTAL_PARENT_EQUITY":4285060000,"DEBT_ASSET_RATIO":52.4077219343,"OPERATE_PROFIT":272042000,"PRETAX_PROFIT":106407000,"NETCASH_OPERATE":315029000,"NETCASH_INVEST":78098000,"NETCASH_FINANCE":-988621000,"END_CASH":71413000,"DIVI_RATIO":null,"DIVIDEND_RATE":null,"CURRENT_RATIO":1.815194097082,"COMMON_ACS":null,"CURRENTDEBT_DEBT":95.743980104175,"ISSUED_COMMON_SHARES":886460400,"HK_COMMON_SHARES":548760400,"PER_SHARES":500,"TOTAL_MARKET_CAP":735762132,"HKSK_MARKET_CAP":455471132,"PE_TTM":-1.053136192312,"PB_TTM":18.320884583356,"REPORT_DATE_SQ":"2019-12-31 00:00:00","REPORT_TYPE_SQ":"2019年年报","OPERATE_INCOME_SQ":15350953000,"DPS_HKD":null,"OPERATE_INCOME_QOQ_SQ":4.776973703295,"NET_PROFIT_RATIO_SQ":1.6966503643,"HOLDER_PROFIT_SQ":257439000,"HOLDER_PROFIT_QOQ_SQ":-18.194124469725,"ROE_AVG_SQ":6.622576013031,"PE_TTM_SQ":-10.124359892885,"PB_TTM_SQ":3.288367200088,"ROA_SQ":2.706841151211,"START_DATE":"2020-01-01 00:00:00","FISCAL_YEAR":"12-31","CURRENCY":"HKD","IS_CNY_CODE":0,"DPS_HKD_LY":null,"ORG_TYPE":"一般企业","PREMIUM_INCOME":null,"PREMIUM_INCOME_YOY":null,"NET_INTEREST_INCOME":null,"NET_INTEREST_INCOME_YOY":null,"FEE_COMMISSION_INCOME":null,"FEE_COMMISSION_INCOME_YOY":null,"ACCOUNTS_RECE_TDAYS":4.77430893524,"INVENTORY_TDAYS":4.499711255298,"CURRENT_ASSETS_TDAYS":1.482110981757,"TOTAL_ASSETS_TDAYS":1.335893488173,"PREMIUM_EXPENSE":null,"LOAN_DEPOSIT":null,"LOAN_EQUITY":null,"LOAN_ASSETS":null,"DEPOSIT_EQUITY":null,"DEPOSIT_ASSETS":null,"EQUITY_MULTIPLIER":2.101181201328,"EQUITY_RATIO":1.142926820161},{"SECUCODE":"06188.HK","SECURITY_CODE":"06188","SECURITY_NAME_ABBR":"迪信通","ORG_CODE":"10130756","STD_REPORT_DATE":"2020-06-30 00:00:00","REPORT_DATE":"2020-06-30 00:00:00","DATE_TYPE_CODE":"002","REPORT_TYPE":"2020年中报","PER_NETCASH_OPERATE":0.374807975967,"PER_OI":8.36249031347,"BPS":4.79928263011,"BASIC_EPS":0.09,"DILUTED_EPS":0.09,"OPERATE_INCOME":6125193000,"OPERATE_INCOME_YOY":-15.6938896857,"GROSS_PROFIT":645785000,"GROSS_PROFIT_YOY":-23.447003777951,"HOLDER_PROFIT":63466000,"HOLDER_PROFIT_YOY":-53.9480749416,"GROSS_PROFIT_RATIO":10.543096356311,"EPS_TTM":0.249967097197,"OPERATE_INCOME_QOQ":-7.427727776901,"NET_PROFIT_RATIO":1.0578768702,"ROE_AVG":1.535102783629,"GROSS_PROFIT_QOQ":-11.181896762748,"ROA":0.601576282277,"HOLDER_PROFIT_QOQ":-28.879851149204,"ROE_YEARLY":3.070205567257,"ROIC_YEARLY":1.274816562833,"TOTAL_ASSETS":10158644000,"TOTAL_LIABILITIES":5740737000,"TAX_EBT":20.208600137917,"OCF_SALES":4.482013872869,"TOTAL_PARENT_EQUITY":4254374000,"DEBT_ASSET_RATIO":56.5108591265,"OPERATE_PROFIT":222263000,"PRETAX_PROFIT":81208000,"NETCASH_OPERATE":274532000,"NETCASH_INVEST":-113003000,"NETCASH_FINANCE":-634057000,"END_CASH":194109000,"DIVI_RATIO":null,"DIVIDEND_RATE":null,"CURRENT_RATIO":1.676989957631,"COMMON_ACS":null,"CURRENTDEBT_DEBT":95.698914616712,"ISSUED_COMMON_SHARES":886460400,"HK_COMMON_SHARES":548760400,"PER_SHARES":500,"TOTAL_MARKET_CAP":735762132,"HKSK_MARKET_CAP":455471132,"PE_TTM":-1.053136192312,"PB_TTM":18.320884583356,"REPORT_DATE_SQ":"2019-06-30 00:00:00","REPORT_TYPE_SQ":"2019年中报","OPERATE_INCOME_SQ":7265420000,"DPS_HKD":null,"OPERATE_INCOME_QOQ_SQ":-2.046234395322,"NET_PROFIT_RATIO_SQ":1.7185104233,"HOLDER_PROFIT_SQ":137814000,"HOLDER_PROFIT_QOQ_SQ":-4.503605068945,"ROE_AVG_SQ":3.599471260567,"PE_TTM_SQ":-10.124359892885,"PB_TTM_SQ":3.288367200088,"ROA_SQ":1.567179454522,"START_DATE":"2020-01-01 00:00:00","FISCAL_YEAR":"12-31","CURRENCY":"HKD","IS_CNY_CODE":0,"DPS_HKD_LY":null,"ORG_TYPE":"一般企业","PREMIUM_INCOME":null,"PREMIUM_INCOME_YOY":null,"NET_INTEREST_INCOME":null,"NET_INTEREST_INCOME_YOY":null,"FEE_COMMISSION_INCOME":null,"FEE_COMMISSION_INCOME_YOY":null,"ACCOUNTS_RECE_TDAYS":2.206359229351,"INVENTORY_TDAYS":1.901642200334,"CURRENT_ASSETS_TDAYS":0.645217469621,"TOTAL_ASSETS_TDAYS":0.580589738312,"PREMIUM_EXPENSE":null,"LOAN_DEPOSIT":null,"LOAN_EQUITY":null,"LOAN_ASSETS":null,"DEPOSIT_EQUITY":null,"DEPOSIT_ASSETS":null,"EQUITY_MULTIPLIER":2.299424591782,"EQUITY_RATIO":1.349372904216}],"count":25},"success":true,"message":"ok","code":0}