{"version":"e2ffa300dcac9aeed816642214e72ef2","result":{"pages":5,"data":[{"SECUCODE":"06198.HK","SECURITY_CODE":"06198","SECURITY_NAME_ABBR":"青岛港","ORG_CODE":"10160635","STD_REPORT_DATE":"2024-09-30 00:00:00","REPORT_DATE":"2024-09-30 00:00:00","DATE_TYPE_CODE":"004","REPORT_TYPE":"2024年三季报","PER_NETCASH_OPERATE":0.480901256027,"PER_OI":2.153415583799,"BPS":6.520313358753,"BASIC_EPS":0.61,"DILUTED_EPS":0.61,"OPERATE_INCOME":13978035896,"OPERATE_INCOME_YOY":2.3394096767,"GROSS_PROFIT":5026421823,"GROSS_PROFIT_YOY":2.160630890505,"HOLDER_PROFIT":3931419395,"HOLDER_PROFIT_YOY":3.7807964067,"GROSS_PROFIT_RATIO":35.959428494803,"EPS_TTM":0.780537296606,"OPERATE_INCOME_QOQ":2.265557379049,"NET_PROFIT_RATIO":31.0061718703,"ROE_AVG":9.519052810426,"GROSS_PROFIT_QOQ":1.633833152899,"ROA":6.446007221859,"HOLDER_PROFIT_QOQ":1.299206551987,"ROE_YEARLY":12.692070413901,"ROIC_YEARLY":8.676451778433,"TOTAL_ASSETS":61734126648,"TOTAL_LIABILITIES":15229048660,"TAX_EBT":18.301207021071,"OCF_SALES":22.332022654866,"TOTAL_PARENT_EQUITY":42324006043,"DEBT_ASSET_RATIO":24.6687682922,"OPERATE_PROFIT":5352933297,"PRETAX_PROFIT":5304917828,"NETCASH_OPERATE":3121578143,"NETCASH_INVEST":258497936,"NETCASH_FINANCE":-2014494608,"END_CASH":11494555773,"DIVI_RATIO":0.518394097947,"DIVIDEND_RATE":7.414574043261,"CURRENT_RATIO":2.107243527677,"COMMON_ACS":null,"CURRENTDEBT_DEBT":50.464400978544,"ISSUED_COMMON_SHARES":6491100000,"HK_COMMON_SHARES":1099025000,"PER_SHARES":1000,"TOTAL_MARKET_CAP":39011511000,"HKSK_MARKET_CAP":6605140250,"PE_TTM":6.887448842218,"PB_TTM":0.83121126268,"REPORT_DATE_SQ":"2023-09-30 00:00:00","REPORT_TYPE_SQ":"2023年三季报","OPERATE_INCOME_SQ":13658507451,"DPS_HKD":0.4456159,"OPERATE_INCOME_QOQ_SQ":-1.914790421817,"NET_PROFIT_RATIO_SQ":31.1128751823,"HOLDER_PROFIT_SQ":3788195438,"HOLDER_PROFIT_QOQ_SQ":1.846209154086,"ROE_AVG_SQ":9.882577932302,"PE_TTM_SQ":5.38050423246,"PB_TTM_SQ":0.676581045092,"ROA_SQ":6.449829911979,"START_DATE":"2024-01-01 00:00:00","FISCAL_YEAR":"12-31","CURRENCY":"HKD","IS_CNY_CODE":0,"DPS_HKD_LY":0.4456159,"ORG_TYPE":"一般企业","PREMIUM_INCOME":null,"PREMIUM_INCOME_YOY":null,"NET_INTEREST_INCOME":null,"NET_INTEREST_INCOME_YOY":null,"FEE_COMMISSION_INCOME":null,"FEE_COMMISSION_INCOME_YOY":null,"ACCOUNTS_RECE_TDAYS":5.800177912096,"INVENTORY_TDAYS":150.112011966415,"CURRENT_ASSETS_TDAYS":0.902210949377,"TOTAL_ASSETS_TDAYS":0.229185724748,"PREMIUM_EXPENSE":null,"LOAN_DEPOSIT":null,"LOAN_EQUITY":null,"LOAN_ASSETS":null,"DEPOSIT_EQUITY":null,"DEPOSIT_ASSETS":null,"EQUITY_MULTIPLIER":1.327470661676,"EQUITY_RATIO":0.359820586088},{"SECUCODE":"06198.HK","SECURITY_CODE":"06198","SECURITY_NAME_ABBR":"青岛港","ORG_CODE":"10160635","STD_REPORT_DATE":"2024-06-30 00:00:00","REPORT_DATE":"2024-06-30 00:00:00","DATE_TYPE_CODE":"002","REPORT_TYPE":"2024年中报","PER_NETCASH_OPERATE":0.264468959652,"PER_OI":1.39689335182,"BPS":6.321946514766,"BASIC_EPS":0.41,"DILUTED_EPS":0.41,"OPERATE_INCOME":9067374436,"OPERATE_INCOME_YOY":-0.9844553226,"GROSS_PROFIT":3376698553,"GROSS_PROFIT_YOY":0.016633122432,"HOLDER_PROFIT":2641770421,"HOLDER_PROFIT_YOY":3.0521735568,"GROSS_PROFIT_RATIO":37.240091680714,"EPS_TTM":0.770526564989,"OPERATE_INCOME_QOQ":0.173859666313,"NET_PROFIT_RATIO":32.2833512574,"ROE_AVG":6.497745755665,"GROSS_PROFIT_QOQ":0.254710278116,"ROA":4.324013860532,"HOLDER_PROFIT_QOQ":0.409213552023,"ROE_YEARLY":12.99549151133,"ROIC_YEARLY":11.555315271612,"TOTAL_ASSETS":61944793976,"TOTAL_LIABILITIES":16839595133,"TAX_EBT":18.454621567962,"OCF_SALES":18.932652181918,"TOTAL_PARENT_EQUITY":41036387022,"DEBT_ASSET_RATIO":27.1848432324,"OPERATE_PROFIT":3613322654,"PRETAX_PROFIT":3589721938,"NETCASH_OPERATE":1716694464,"NETCASH_INVEST":-535926811,"NETCASH_FINANCE":-337472844,"END_CASH":10976474044,"DIVI_RATIO":0.525129108032,"DIVIDEND_RATE":7.656630584192,"CURRENT_RATIO":1.660608734387,"COMMON_ACS":null,"CURRENTDEBT_DEBT":56.752698152889,"ISSUED_COMMON_SHARES":6491100000,"HK_COMMON_SHARES":1099025000,"PER_SHARES":1000,"TOTAL_MARKET_CAP":37778202000,"HKSK_MARKET_CAP":6396325500,"PE_TTM":6.66970919496,"PB_TTM":0.804933369185,"REPORT_DATE_SQ":"2023-06-30 00:00:00","REPORT_TYPE_SQ":"2023年中报","OPERATE_INCOME_SQ":9157526190,"DPS_HKD":0.4456159,"OPERATE_INCOME_QOQ_SQ":-4.103379706954,"NET_PROFIT_RATIO_SQ":31.313109911,"HOLDER_PROFIT_SQ":2563527124,"HOLDER_PROFIT_QOQ_SQ":2.888516663717,"ROE_AVG_SQ":6.786185634699,"PE_TTM_SQ":4.825564334045,"PB_TTM_SQ":0.60679914358,"ROA_SQ":4.354616638769,"START_DATE":"2024-01-01 00:00:00","FISCAL_YEAR":"12-31","CURRENCY":"HKD","IS_CNY_CODE":0,"DPS_HKD_LY":0.4456159,"ORG_TYPE":"一般企业","PREMIUM_INCOME":null,"PREMIUM_INCOME_YOY":null,"NET_INTEREST_INCOME":null,"NET_INTEREST_INCOME_YOY":null,"FEE_COMMISSION_INCOME":null,"FEE_COMMISSION_INCOME_YOY":null,"ACCOUNTS_RECE_TDAYS":3.666689892593,"INVENTORY_TDAYS":110.626457908813,"CURRENT_ASSETS_TDAYS":0.591444289458,"TOTAL_ASSETS_TDAYS":0.148413550353,"PREMIUM_EXPENSE":null,"LOAN_DEPOSIT":null,"LOAN_EQUITY":null,"LOAN_ASSETS":null,"DEPOSIT_EQUITY":null,"DEPOSIT_ASSETS":null,"EQUITY_MULTIPLIER":1.373340447775,"EQUITY_RATIO":0.410357644887},{"SECUCODE":"06198.HK","SECURITY_CODE":"06198","SECURITY_NAME_ABBR":"青岛港","ORG_CODE":"10160635","STD_REPORT_DATE":"2024-03-31 00:00:00","REPORT_DATE":"2024-03-31 00:00:00","DATE_TYPE_CODE":"003","REPORT_TYPE":"2024年一季报","PER_NETCASH_OPERATE":0.08643614734,"PER_OI":0.682482273112,"BPS":6.41008544484,"BASIC_EPS":0.2,"DILUTED_EPS":0.2,"OPERATE_INCOME":4430060683,"OPERATE_INCOME_YOY":-2.6701879442,"GROSS_PROFIT":1690517813,"GROSS_PROFIT_YOY":-0.930718113051,"HOLDER_PROFIT":1316828018,"HOLDER_PROFIT_YOY":4.5957967221,"GROSS_PROFIT_RATIO":38.160150254538,"EPS_TTM":0.767386316187,"OPERATE_INCOME_QOQ":-0.668768701184,"NET_PROFIT_RATIO":33.3166847728,"ROE_AVG":3.216264209665,"GROSS_PROFIT_QOQ":-0.245407920771,"ROA":2.174514064586,"HOLDER_PROFIT_QOQ":1.175215264306,"ROE_YEARLY":12.865056838659,"ROIC_YEARLY":11.670071597074,"TOTAL_ASSETS":60868832469,"TOTAL_LIABILITIES":14836070624,"TAX_EBT":18.877983009074,"OCF_SALES":12.664965925931,"TOTAL_PARENT_EQUITY":41608505631,"DEBT_ASSET_RATIO":24.3738380091,"OPERATE_PROFIT":1830108575,"PRETAX_PROFIT":1819418954,"NETCASH_OPERATE":561065676,"NETCASH_INVEST":-351584092,"NETCASH_FINANCE":74102123,"END_CASH":10415544547,"DIVI_RATIO":0.527278007508,"DIVIDEND_RATE":7.656630584192,"CURRENT_RATIO":2.01980536172,"COMMON_ACS":null,"CURRENTDEBT_DEBT":50.747313549591,"ISSUED_COMMON_SHARES":6491100000,"HK_COMMON_SHARES":1099025000,"PER_SHARES":1000,"TOTAL_MARKET_CAP":37778202000,"HKSK_MARKET_CAP":6396325500,"PE_TTM":6.66970919496,"PB_TTM":0.804933369185,"REPORT_DATE_SQ":"2023-03-31 00:00:00","REPORT_TYPE_SQ":"2023年一季报","OPERATE_INCOME_SQ":4551596874,"DPS_HKD":0.4456159,"OPERATE_INCOME_QOQ_SQ":0.008719854091,"NET_PROFIT_RATIO_SQ":31.2176202624,"HOLDER_PROFIT_SQ":1258968390,"HOLDER_PROFIT_QOQ_SQ":2.58226275128,"ROE_AVG_SQ":3.30983349119,"PE_TTM_SQ":4.825564334045,"PB_TTM_SQ":0.60679914358,"ROA_SQ":2.159408299481,"START_DATE":"2024-01-01 00:00:00","FISCAL_YEAR":"12-31","CURRENCY":"HKD","IS_CNY_CODE":0,"DPS_HKD_LY":0.4456159,"ORG_TYPE":"一般企业","PREMIUM_INCOME":null,"PREMIUM_INCOME_YOY":null,"NET_INTEREST_INCOME":null,"NET_INTEREST_INCOME_YOY":null,"FEE_COMMISSION_INCOME":null,"FEE_COMMISSION_INCOME_YOY":null,"ACCOUNTS_RECE_TDAYS":1.845885734747,"INVENTORY_TDAYS":58.506385569328,"CURRENT_ASSETS_TDAYS":0.295352945778,"TOTAL_ASSETS_TDAYS":0.07315480177,"PREMIUM_EXPENSE":null,"LOAN_DEPOSIT":null,"LOAN_EQUITY":null,"LOAN_ASSETS":null,"DEPOSIT_EQUITY":null,"DEPOSIT_ASSETS":null,"EQUITY_MULTIPLIER":1.32229373232,"EQUITY_RATIO":0.356563409308},{"SECUCODE":"06198.HK","SECURITY_CODE":"06198","SECURITY_NAME_ABBR":"青岛港","ORG_CODE":"10160635","STD_REPORT_DATE":"2023-12-31 00:00:00","REPORT_DATE":"2023-12-31 00:00:00","DATE_TYPE_CODE":"001","REPORT_TYPE":"2023年年报","PER_NETCASH_OPERATE":0.947666442514,"PER_OI":2.799699255442,"BPS":6.204966301243,"BASIC_EPS":0.76,"DILUTED_EPS":0.76,"OPERATE_INCOME":18173127837,"OPERATE_INCOME_YOY":-5.6567016375,"GROSS_PROFIT":6471580033,"GROSS_PROFIT_YOY":6.845570760257,"HOLDER_PROFIT":4923321689,"HOLDER_PROFIT_YOY":8.7248320922,"GROSS_PROFIT_RATIO":35.610710996178,"EPS_TTM":0.758472630063,"OPERATE_INCOME_QOQ":0.292016072724,"NET_PROFIT_RATIO":30.3616643238,"ROE_AVG":12.676461416262,"GROSS_PROFIT_QOQ":4.14503404944,"ROA":8.364335070754,"HOLDER_PROFIT_QOQ":1.213575750146,"ROE_YEARLY":12.676461416262,"ROIC_YEARLY":11.006061843429,"TOTAL_ASSETS":60245860643,"TOTAL_LIABILITIES":15707197953,"TAX_EBT":18.73531091359,"OCF_SALES":33.848865754831,"TOTAL_PARENT_EQUITY":40277056758,"DEBT_ASSET_RATIO":26.0718293097,"OPERATE_PROFIT":6898520403,"PRETAX_PROFIT":6789743655,"NETCASH_OPERATE":6151397645,"NETCASH_INVEST":-1984169313,"NETCASH_FINANCE":-3052218516,"END_CASH":10132048600,"DIVI_RATIO":0.533474659138,"DIVIDEND_RATE":7.656630584192,"CURRENT_RATIO":1.729182053927,"COMMON_ACS":null,"CURRENTDEBT_DEBT":54.459359897264,"ISSUED_COMMON_SHARES":6491100000,"HK_COMMON_SHARES":1099025000,"PER_SHARES":1000,"TOTAL_MARKET_CAP":37778202000,"HKSK_MARKET_CAP":6396325500,"PE_TTM":6.66970919496,"PB_TTM":0.804933369185,"REPORT_DATE_SQ":"2022-12-31 00:00:00","REPORT_TYPE_SQ":"2022年年报","OPERATE_INCOME_SQ":19262764979,"DPS_HKD":0.4456159,"OPERATE_INCOME_QOQ_SQ":6.521335339373,"NET_PROFIT_RATIO_SQ":27.2383646103,"HOLDER_PROFIT_SQ":4528240324,"HOLDER_PROFIT_QOQ_SQ":4.844222604109,"ROE_AVG_SQ":12.406131089883,"PE_TTM_SQ":4.825564334045,"PB_TTM_SQ":0.60679914358,"ROA_SQ":7.666444662797,"START_DATE":"2023-01-01 00:00:00","FISCAL_YEAR":"12-31","CURRENCY":"HKD","IS_CNY_CODE":0,"DPS_HKD_LY":0.2974376,"ORG_TYPE":"一般企业","PREMIUM_INCOME":null,"PREMIUM_INCOME_YOY":null,"NET_INTEREST_INCOME":null,"NET_INTEREST_INCOME_YOY":null,"FEE_COMMISSION_INCOME":null,"FEE_COMMISSION_INCOME_YOY":null,"ACCOUNTS_RECE_TDAYS":7.661802047183,"INVENTORY_TDAYS":221.303010005563,"CURRENT_ASSETS_TDAYS":1.267788184039,"TOTAL_ASSETS_TDAYS":0.308747102291,"PREMIUM_EXPENSE":null,"LOAN_DEPOSIT":null,"LOAN_EQUITY":null,"LOAN_ASSETS":null,"DEPOSIT_EQUITY":null,"DEPOSIT_ASSETS":null,"EQUITY_MULTIPLIER":1.352664337103,"EQUITY_RATIO":0.389978792328},{"SECUCODE":"06198.HK","SECURITY_CODE":"06198","SECURITY_NAME_ABBR":"青岛港","ORG_CODE":"10160635","STD_REPORT_DATE":"2023-09-30 00:00:00","REPORT_DATE":"2023-09-30 00:00:00","DATE_TYPE_CODE":"004","REPORT_TYPE":"2023年三季报","PER_NETCASH_OPERATE":0.663352994562,"PER_OI":2.104189960253,"BPS":6.048986783904,"BASIC_EPS":0.58,"DILUTED_EPS":0.58,"OPERATE_INCOME":13658507451,"OPERATE_INCOME_YOY":-7.7193876146,"GROSS_PROFIT":4920116271,"GROSS_PROFIT_YOY":3.297460492431,"HOLDER_PROFIT":3788195438,"HOLDER_PROFIT_YOY":9.8320304426,"GROSS_PROFIT_RATIO":36.022356678802,"EPS_TTM":0.749378356057,"OPERATE_INCOME_QOQ":-1.914790421817,"NET_PROFIT_RATIO":31.1128751823,"ROE_AVG":9.882577932302,"GROSS_PROFIT_QOQ":-0.865521770094,"ROA":6.449829911979,"HOLDER_PROFIT_QOQ":1.846209154086,"ROE_YEARLY":13.176770576402,"ROIC_YEARLY":8.400372471784,"TOTAL_ASSETS":59990611693,"TOTAL_LIABILITIES":16582116865,"TAX_EBT":18.316699529328,"OCF_SALES":31.525337877857,"TOTAL_PARENT_EQUITY":39264578113,"DEBT_ASSET_RATIO":27.6411865074,"OPERATE_PROFIT":5291940792,"PRETAX_PROFIT":5202476333,"NETCASH_OPERATE":4305890623,"NETCASH_INVEST":-1284516522,"NETCASH_FINANCE":-2137862963,"END_CASH":9920075683,"DIVI_RATIO":0.539948778234,"DIVIDEND_RATE":7.656630584192,"CURRENT_RATIO":1.57783241243,"COMMON_ACS":null,"CURRENTDEBT_DEBT":54.735263669244,"ISSUED_COMMON_SHARES":6491100000,"HK_COMMON_SHARES":1099025000,"PER_SHARES":1000,"TOTAL_MARKET_CAP":37778202000,"HKSK_MARKET_CAP":6396325500,"PE_TTM":6.66970919496,"PB_TTM":0.804933369185,"REPORT_DATE_SQ":"2022-09-30 00:00:00","REPORT_TYPE_SQ":"2022年三季报","OPERATE_INCOME_SQ":14801058530,"DPS_HKD":0.4456159,"OPERATE_INCOME_QOQ_SQ":2.398981313647,"NET_PROFIT_RATIO_SQ":27.3744252804,"HOLDER_PROFIT_SQ":3449080767,"HOLDER_PROFIT_QOQ_SQ":5.420669281848,"ROE_AVG_SQ":9.594349773602,"PE_TTM_SQ":4.825564334045,"PB_TTM_SQ":0.60679914358,"ROA_SQ":5.617677045678,"START_DATE":"2023-01-01 00:00:00","FISCAL_YEAR":"12-31","CURRENCY":"HKD","IS_CNY_CODE":0,"DPS_HKD_LY":0.2974376,"ORG_TYPE":"一般企业","PREMIUM_INCOME":null,"PREMIUM_INCOME_YOY":null,"NET_INTEREST_INCOME":null,"NET_INTEREST_INCOME_YOY":null,"FEE_COMMISSION_INCOME":null,"FEE_COMMISSION_INCOME_YOY":null,"ACCOUNTS_RECE_TDAYS":5.390473474054,"INVENTORY_TDAYS":183.816546004857,"CURRENT_ASSETS_TDAYS":0.968744715268,"TOTAL_ASSETS_TDAYS":0.232551491475,"PREMIUM_EXPENSE":null,"LOAN_DEPOSIT":null,"LOAN_EQUITY":null,"LOAN_ASSETS":null,"DEPOSIT_EQUITY":null,"DEPOSIT_ASSETS":null,"EQUITY_MULTIPLIER":1.382001654992,"EQUITY_RATIO":0.422317459194},{"SECUCODE":"06198.HK","SECURITY_CODE":"06198","SECURITY_NAME_ABBR":"青岛港","ORG_CODE":"10160635","STD_REPORT_DATE":"2023-06-30 00:00:00","REPORT_DATE":"2023-06-30 00:00:00","DATE_TYPE_CODE":"002","REPORT_TYPE":"2023年中报","PER_NETCASH_OPERATE":0.468361803084,"PER_OI":1.410781869021,"BPS":5.877556106207,"BASIC_EPS":0.39,"DILUTED_EPS":0.39,"OPERATE_INCOME":9157526190,"OPERATE_INCOME_YOY":-7.9306925204,"GROSS_PROFIT":3376136996,"GROSS_PROFIT_YOY":6.67692943873,"HOLDER_PROFIT":2563527124,"HOLDER_PROFIT_YOY":10.8509374719,"GROSS_PROFIT_RATIO":36.867347424971,"EPS_TTM":0.735794058788,"OPERATE_INCOME_QOQ":-4.103379706954,"NET_PROFIT_RATIO":31.313109911,"ROE_AVG":6.786185634699,"GROSS_PROFIT_QOQ":0.886553173672,"ROA":4.354616638769,"HOLDER_PROFIT_QOQ":2.888516663717,"ROE_YEARLY":13.572371269398,"ROIC_YEARLY":11.372981112237,"TOTAL_ASSETS":60262450402,"TOTAL_LIABILITIES":18225575386,"TAX_EBT":18.822640192096,"OCF_SALES":33.19873988807,"TOTAL_PARENT_EQUITY":38151804441,"DEBT_ASSET_RATIO":30.2436679299,"OPERATE_PROFIT":3585163536,"PRETAX_PROFIT":3532396530,"NETCASH_OPERATE":3040183300,"NETCASH_INVEST":-1377657123,"NETCASH_FINANCE":-332702448,"END_CASH":10362646076,"DIVI_RATIO":0.549917362005,"DIVIDEND_RATE":7.656630584192,"CURRENT_RATIO":1.415206229779,"COMMON_ACS":null,"CURRENTDEBT_DEBT":58.559490380745,"ISSUED_COMMON_SHARES":6491100000,"HK_COMMON_SHARES":1099025000,"PER_SHARES":1000,"TOTAL_MARKET_CAP":37778202000,"HKSK_MARKET_CAP":6396325500,"PE_TTM":6.66970919496,"PB_TTM":0.804933369185,"REPORT_DATE_SQ":"2022-06-30 00:00:00","REPORT_TYPE_SQ":"2022年中报","OPERATE_INCOME_SQ":9946339818,"DPS_HKD":0.4456159,"OPERATE_INCOME_QOQ_SQ":5.078122979492,"NET_PROFIT_RATIO_SQ":27.2661474133,"HOLDER_PROFIT_SQ":2312589485,"HOLDER_PROFIT_QOQ_SQ":1.949704929566,"ROE_AVG_SQ":6.529092615572,"PE_TTM_SQ":4.825564334045,"PB_TTM_SQ":0.60679914358,"ROA_SQ":3.720452839302,"START_DATE":"2023-01-01 00:00:00","FISCAL_YEAR":"12-31","CURRENCY":"HKD","IS_CNY_CODE":0,"DPS_HKD_LY":0.2974376,"ORG_TYPE":"一般企业","PREMIUM_INCOME":null,"PREMIUM_INCOME_YOY":null,"NET_INTEREST_INCOME":null,"NET_INTEREST_INCOME_YOY":null,"FEE_COMMISSION_INCOME":null,"FEE_COMMISSION_INCOME_YOY":null,"ACCOUNTS_RECE_TDAYS":3.572982382626,"INVENTORY_TDAYS":121.631663902981,"CURRENT_ASSETS_TDAYS":0.631951096271,"TOTAL_ASSETS_TDAYS":0.155557222483,"PREMIUM_EXPENSE":null,"LOAN_DEPOSIT":null,"LOAN_EQUITY":null,"LOAN_ASSETS":null,"DEPOSIT_EQUITY":null,"DEPOSIT_ASSETS":null,"EQUITY_MULTIPLIER":1.433561614156,"EQUITY_RATIO":0.477712015278},{"SECUCODE":"06198.HK","SECURITY_CODE":"06198","SECURITY_NAME_ABBR":"青岛港","ORG_CODE":"10160635","STD_REPORT_DATE":"2023-03-31 00:00:00","REPORT_DATE":"2023-03-31 00:00:00","DATE_TYPE_CODE":"003","REPORT_TYPE":"2023年一季报","PER_NETCASH_OPERATE":0.157645592889,"PER_OI":0.70120578546,"BPS":5.95814083237,"BASIC_EPS":0.19,"DILUTED_EPS":0.19,"OPERATE_INCOME":4551596874,"OPERATE_INCOME_YOY":0.0369168257,"GROSS_PROFIT":1706399583,"GROSS_PROFIT_YOY":10.078247932765,"HOLDER_PROFIT":1258968390,"HOLDER_PROFIT_YOY":10.231173033,"GROSS_PROFIT_RATIO":37.490129953016,"EPS_TTM":0.715137201553,"OPERATE_INCOME_QOQ":0.008719854091,"NET_PROFIT_RATIO":31.2176202624,"ROE_AVG":3.30983349119,"GROSS_PROFIT_QOQ":2.579351104989,"ROA":2.159408299481,"HOLDER_PROFIT_QOQ":2.58226275128,"ROE_YEARLY":13.23933396476,"ROIC_YEARLY":11.241927137668,"TOTAL_ASSETS":59127178578,"TOTAL_LIABILITIES":16328073740,"TAX_EBT":19.969094433715,"OCF_SALES":22.482072475384,"TOTAL_PARENT_EQUITY":38674887957,"DEBT_ASSET_RATIO":27.6151748362,"OPERATE_PROFIT":1820151413,"PRETAX_PROFIT":1775439398,"NETCASH_OPERATE":1023293308,"NETCASH_INVEST":-333627318,"NETCASH_FINANCE":-70649800,"END_CASH":9796789895,"DIVI_RATIO":0.565801816644,"DIVIDEND_RATE":7.656630584192,"CURRENT_RATIO":1.778712072276,"COMMON_ACS":null,"CURRENTDEBT_DEBT":51.521450153617,"ISSUED_COMMON_SHARES":6491100000,"HK_COMMON_SHARES":1099025000,"PER_SHARES":1000,"TOTAL_MARKET_CAP":37778202000,"HKSK_MARKET_CAP":6396325500,"PE_TTM":6.66970919496,"PB_TTM":0.804933369185,"REPORT_DATE_SQ":"2022-03-31 00:00:00","REPORT_TYPE_SQ":"2022年一季报","OPERATE_INCOME_SQ":4549917189,"DPS_HKD":0.4456159,"OPERATE_INCOME_QOQ_SQ":4.392737101723,"NET_PROFIT_RATIO_SQ":29.8234101992,"HOLDER_PROFIT_SQ":1142116477,"HOLDER_PROFIT_QOQ_SQ":1.30703075294,"ROE_AVG_SQ":3.189019590234,"PE_TTM_SQ":4.825564334045,"PB_TTM_SQ":0.60679914358,"ROA_SQ":1.883727917695,"START_DATE":"2023-01-01 00:00:00","FISCAL_YEAR":"12-31","CURRENCY":"HKD","IS_CNY_CODE":0,"DPS_HKD_LY":0.2974376,"ORG_TYPE":"一般企业","PREMIUM_INCOME":null,"PREMIUM_INCOME_YOY":null,"NET_INTEREST_INCOME":null,"NET_INTEREST_INCOME_YOY":null,"FEE_COMMISSION_INCOME":null,"FEE_COMMISSION_INCOME_YOY":null,"ACCOUNTS_RECE_TDAYS":1.864035115128,"INVENTORY_TDAYS":55.335302867718,"CURRENT_ASSETS_TDAYS":0.315635069321,"TOTAL_ASSETS_TDAYS":0.078069919338,"PREMIUM_EXPENSE":null,"LOAN_DEPOSIT":null,"LOAN_EQUITY":null,"LOAN_ASSETS":null,"DEPOSIT_EQUITY":null,"DEPOSIT_ASSETS":null,"EQUITY_MULTIPLIER":1.381505029179,"EQUITY_RATIO":0.422188003703},{"SECUCODE":"06198.HK","SECURITY_CODE":"06198","SECURITY_NAME_ABBR":"青岛港","ORG_CODE":"10160635","STD_REPORT_DATE":"2022-12-31 00:00:00","REPORT_DATE":"2022-12-31 00:00:00","DATE_TYPE_CODE":"001","REPORT_TYPE":"2022年年报","PER_NETCASH_OPERATE":0.960239599298,"PER_OI":2.967565586572,"BPS":5.761695441605,"BASIC_EPS":0.7,"DILUTED_EPS":0.7,"OPERATE_INCOME":19262764979,"OPERATE_INCOME_YOY":14.7094127822,"GROSS_PROFIT":6056947412,"GROSS_PROFIT_YOY":13.661198559451,"HOLDER_PROFIT":4528240324,"HOLDER_PROFIT_YOY":13.6346991574,"GROSS_PROFIT_RATIO":31.443810992883,"EPS_TTM":0.697135335459,"OPERATE_INCOME_QOQ":6.521335339373,"NET_PROFIT_RATIO":27.2383646103,"ROE_AVG":12.406131089883,"GROSS_PROFIT_QOQ":6.872830717004,"ROA":7.666444662797,"HOLDER_PROFIT_QOQ":4.844222604109,"ROE_YEARLY":12.406131089883,"ROIC_YEARLY":9.83628422324,"TOTAL_ASSETS":57475892706,"TOTAL_LIABILITIES":16198992211,"TAX_EBT":19.914347910496,"OCF_SALES":32.35782230534,"TOTAL_PARENT_EQUITY":37399536533,"DEBT_ASSET_RATIO":28.1839680472,"OPERATE_PROFIT":6371834124,"PRETAX_PROFIT":6555653029,"NETCASH_OPERATE":6233011263,"NETCASH_INVEST":-795417479,"NETCASH_FINANCE":-4692304547,"END_CASH":9021244964,"DIVI_RATIO":0.580412306201,"DIVIDEND_RATE":7.656630584192,"CURRENT_RATIO":1.597514804879,"COMMON_ACS":null,"CURRENTDEBT_DEBT":53.626506666884,"ISSUED_COMMON_SHARES":6491100000,"HK_COMMON_SHARES":1099025000,"PER_SHARES":1000,"TOTAL_MARKET_CAP":37778202000,"HKSK_MARKET_CAP":6396325500,"PE_TTM":6.66970919496,"PB_TTM":0.804933369185,"REPORT_DATE_SQ":"2021-12-31 00:00:00","REPORT_TYPE_SQ":"2021年年报","OPERATE_INCOME_SQ":16792662879,"DPS_HKD":0.4456159,"OPERATE_INCOME_QOQ_SQ":1.594540571643,"NET_PROFIT_RATIO_SQ":28.7581076209,"HOLDER_PROFIT_SQ":3982212484,"HOLDER_PROFIT_QOQ_SQ":-0.159372309176,"ROE_AVG_SQ":11.672771371603,"PE_TTM_SQ":4.825564334045,"PB_TTM_SQ":0.60679914358,"ROA_SQ":6.732833418823,"START_DATE":"2022-01-01 00:00:00","FISCAL_YEAR":"12-31","CURRENCY":"HKD","IS_CNY_CODE":0,"DPS_HKD_LY":0.3004101,"ORG_TYPE":"一般企业","PREMIUM_INCOME":null,"PREMIUM_INCOME_YOY":null,"NET_INTEREST_INCOME":null,"NET_INTEREST_INCOME_YOY":null,"FEE_COMMISSION_INCOME":null,"FEE_COMMISSION_INCOME_YOY":null,"ACCOUNTS_RECE_TDAYS":8.026816986002,"INVENTORY_TDAYS":146.310244923144,"CURRENT_ASSETS_TDAYS":1.118541355396,"TOTAL_ASSETS_TDAYS":0.326345204374,"PREMIUM_EXPENSE":null,"LOAN_DEPOSIT":null,"LOAN_EQUITY":null,"LOAN_ASSETS":null,"DEPOSIT_EQUITY":null,"DEPOSIT_ASSETS":null,"EQUITY_MULTIPLIER":1.392446745954,"EQUITY_RATIO":0.433133501446},{"SECUCODE":"06198.HK","SECURITY_CODE":"06198","SECURITY_NAME_ABBR":"青岛港","ORG_CODE":"10160635","STD_REPORT_DATE":"2022-09-30 00:00:00","REPORT_DATE":"2022-09-30 00:00:00","DATE_TYPE_CODE":"004","REPORT_TYPE":"2022年三季报","PER_NETCASH_OPERATE":0.619386782055,"PER_OI":2.280208058727,"BPS":5.605192306697,"BASIC_EPS":0.53,"DILUTED_EPS":0.53,"OPERATE_INCOME":14801058530,"OPERATE_INCOME_YOY":15.4820652722,"GROSS_PROFIT":4763056369,"GROSS_PROFIT_YOY":12.353399511058,"HOLDER_PROFIT":3449080767,"HOLDER_PROFIT_YOY":11.3605410784,"GROSS_PROFIT_RATIO":32.180511679931,"EPS_TTM":0.66492489347,"OPERATE_INCOME_QOQ":2.398981313647,"NET_PROFIT_RATIO":27.3744252804,"ROE_AVG":9.594349773602,"GROSS_PROFIT_QOQ":5.312202189769,"ROA":5.617677045678,"HOLDER_PROFIT_QOQ":5.420669281848,"ROE_YEARLY":12.792466364803,"ROIC_YEARLY":7.025889627456,"TOTAL_ASSETS":62280766332,"TOTAL_LIABILITIES":21149163612,"TAX_EBT":20.628309191433,"OCF_SALES":27.163608149045,"TOTAL_PARENT_EQUITY":36383863782,"DEBT_ASSET_RATIO":33.9577767866,"OPERATE_PROFIT":4936768334,"PRETAX_PROFIT":5102628457,"NETCASH_OPERATE":4020501541,"NETCASH_INVEST":-3964578232,"NETCASH_FINANCE":-3105100638,"END_CASH":5229164354,"DIVI_RATIO":0.608528770335,"DIVIDEND_RATE":7.656630584192,"CURRENT_RATIO":1.236433314873,"COMMON_ACS":null,"CURRENTDEBT_DEBT":72.190944172076,"ISSUED_COMMON_SHARES":6491100000,"HK_COMMON_SHARES":1099025000,"PER_SHARES":1000,"TOTAL_MARKET_CAP":37778202000,"HKSK_MARKET_CAP":6396325500,"PE_TTM":6.66970919496,"PB_TTM":0.804933369185,"REPORT_DATE_SQ":"2021-09-30 00:00:00","REPORT_TYPE_SQ":"2021年三季报","OPERATE_INCOME_SQ":12816759464,"DPS_HKD":0.4456159,"OPERATE_INCOME_QOQ_SQ":5.080176267149,"NET_PROFIT_RATIO_SQ":29.9149852416,"HOLDER_PROFIT_SQ":3098795749,"HOLDER_PROFIT_QOQ_SQ":-0.617129195922,"ROE_AVG_SQ":9.129260790004,"PE_TTM_SQ":4.825564334045,"PB_TTM_SQ":0.60679914358,"ROA_SQ":5.320638719329,"START_DATE":"2022-01-01 00:00:00","FISCAL_YEAR":"12-31","CURRENCY":"HKD","IS_CNY_CODE":0,"DPS_HKD_LY":0.3004101,"ORG_TYPE":"一般企业","PREMIUM_INCOME":null,"PREMIUM_INCOME_YOY":null,"NET_INTEREST_INCOME":null,"NET_INTEREST_INCOME_YOY":null,"FEE_COMMISSION_INCOME":null,"FEE_COMMISSION_INCOME_YOY":null,"ACCOUNTS_RECE_TDAYS":5.706095460557,"INVENTORY_TDAYS":66.997286173323,"CURRENT_ASSETS_TDAYS":0.750509260213,"TOTAL_ASSETS_TDAYS":0.240949073416,"PREMIUM_EXPENSE":null,"LOAN_DEPOSIT":null,"LOAN_EQUITY":null,"LOAN_ASSETS":null,"DEPOSIT_EQUITY":null,"DEPOSIT_ASSETS":null,"EQUITY_MULTIPLIER":1.514182823266,"EQUITY_RATIO":0.581278660747}],"count":39},"success":true,"message":"ok","code":0}