{"version":"4c0b23abf7b45d3e4b02b183a3e1d3e1","result":{"pages":2,"data":[{"SECUCODE":"06190.HK","SECURITY_CODE":"06190","SECURITY_NAME_ABBR":"九江银行","ORG_CODE":"10121854","STD_REPORT_DATE":"2024-06-30 00:00:00","REPORT_DATE":"2024-06-30 00:00:00","DATE_TYPE_CODE":"002","REPORT_TYPE":"2024年中报","PER_NETCASH_OPERATE":-5.87074087248,"PER_OI":1.931798259108,"BPS":11.926582212509,"BASIC_EPS":0.08,"DILUTED_EPS":0.08,"OPERATE_INCOME":5500539000,"OPERATE_INCOME_YOY":4.6650542217,"GROSS_PROFIT":null,"GROSS_PROFIT_YOY":null,"HOLDER_PROFIT":553857000,"HOLDER_PROFIT_YOY":-39.9398158691,"GROSS_PROFIT_RATIO":null,"EPS_TTM":0.124771051658,"OPERATE_INCOME_QOQ":2.366821747814,"NET_PROFIT_RATIO":10.7658358572,"ROE_AVG":1.365631576958,"GROSS_PROFIT_QOQ":null,"ROA":0.110584606675,"HOLDER_PROFIT_QOQ":-50.901349121454,"ROE_YEARLY":2.731263153916,"ROIC_YEARLY":0.236959932887,"TOTAL_ASSETS":497839927000,"TOTAL_LIABILITIES":456041928000,"TAX_EBT":-13.590266415258,"OCF_SALES":-303.90030867884,"TOTAL_PARENT_EQUITY":40957199000,"DEBT_ASSET_RATIO":91.6041288107,"OPERATE_PROFIT":517918000,"PRETAX_PROFIT":521329000,"NETCASH_OPERATE":-16716155000,"NETCASH_INVEST":3462133000,"NETCASH_FINANCE":237782000,"END_CASH":17816230000,"DIVI_RATIO":0.477573260963,"DIVIDEND_RATE":1.304636904762,"CURRENT_RATIO":null,"COMMON_ACS":null,"CURRENTDEBT_DEBT":null,"ISSUED_COMMON_SHARES":2847367200,"HK_COMMON_SHARES":482367200,"PER_SHARES":200,"TOTAL_MARKET_CAP":14350730688,"HKSK_MARKET_CAP":2431130688,"PE_TTM":35.42493451884,"PB_TTM":0.385685279994,"REPORT_DATE_SQ":"2023-06-30 00:00:00","REPORT_TYPE_SQ":"2023年中报","OPERATE_INCOME_SQ":5255373000,"DPS_HKD":0.0657537,"OPERATE_INCOME_QOQ_SQ":0.398060891752,"NET_PROFIT_RATIO_SQ":17.9689814595,"HOLDER_PROFIT_SQ":922170000,"HOLDER_PROFIT_QOQ_SQ":-6.284873656134,"ROE_AVG_SQ":2.562689489777,"PE_TTM_SQ":11.75150908592,"PB_TTM_SQ":0.594943712034,"ROA_SQ":0.189709094331,"START_DATE":"2024-01-01 00:00:00","FISCAL_YEAR":"12-31","CURRENCY":"HKD","IS_CNY_CODE":0,"DPS_HKD_LY":0.0657537,"ORG_TYPE":"银行","PREMIUM_INCOME":null,"PREMIUM_INCOME_YOY":null,"NET_INTEREST_INCOME":4510430000,"NET_INTEREST_INCOME_YOY":9.248387044425,"FEE_COMMISSION_INCOME":null,"FEE_COMMISSION_INCOME_YOY":null,"ACCOUNTS_RECE_TDAYS":null,"INVENTORY_TDAYS":null,"CURRENT_ASSETS_TDAYS":null,"TOTAL_ASSETS_TDAYS":0.010982526931,"PREMIUM_EXPENSE":null,"LOAN_DEPOSIT":83.012521359426,"LOAN_EQUITY":7.249986727834,"LOAN_ASSETS":60.86995469128,"DEPOSIT_EQUITY":8.733606218805,"DEPOSIT_ASSETS":73.326232831462,"EQUITY_MULTIPLIER":11.910616271417,"EQUITY_RATIO":11.134597558783},{"SECUCODE":"06190.HK","SECURITY_CODE":"06190","SECURITY_NAME_ABBR":"九江银行","ORG_CODE":"10121854","STD_REPORT_DATE":"2023-12-31 00:00:00","REPORT_DATE":"2023-12-31 00:00:00","DATE_TYPE_CODE":"001","REPORT_TYPE":"2023年年报","PER_NETCASH_OPERATE":-5.979006501164,"PER_OI":3.637903815145,"BPS":11.645368043855,"BASIC_EPS":0.15,"DILUTED_EPS":0.15,"OPERATE_INCOME":10358448000,"OPERATE_INCOME_YOY":-4.7056079861,"GROSS_PROFIT":null,"GROSS_PROFIT_YOY":null,"HOLDER_PROFIT":723582000,"HOLDER_PROFIT_YOY":-55.1993788681,"GROSS_PROFIT_RATIO":null,"EPS_TTM":0.254123177369,"OPERATE_INCOME_QOQ":-5.083433716227,"NET_PROFIT_RATIO":7.1962228318,"ROE_AVG":1.909586887177,"GROSS_PROFIT_QOQ":null,"ROA":0.147136387926,"HOLDER_PROFIT_QOQ":-52.194887976279,"ROE_YEARLY":1.909586887177,"ROIC_YEARLY":0.158071354103,"TOTAL_ASSETS":503849217000,"TOTAL_LIABILITIES":462892707000,"TAX_EBT":12.82906161818,"OCF_SALES":-164.353067177631,"TOTAL_PARENT_EQUITY":40156479000,"DEBT_ASSET_RATIO":91.8712764418,"OPERATE_PROFIT":845596000,"PRETAX_PROFIT":855121000,"NETCASH_OPERATE":-17024427000,"NETCASH_INVEST":18065113000,"NETCASH_FINANCE":10915493000,"END_CASH":30823209000,"DIVI_RATIO":0.234482028089,"DIVIDEND_RATE":1.315074,"CURRENT_RATIO":null,"COMMON_ACS":null,"CURRENTDEBT_DEBT":null,"ISSUED_COMMON_SHARES":2847367200,"HK_COMMON_SHARES":482367200,"PER_SHARES":200,"TOTAL_MARKET_CAP":14236836000,"HKSK_MARKET_CAP":2411836000,"PE_TTM":35.143784244881,"PB_TTM":0.382624285708,"REPORT_DATE_SQ":"2022-12-31 00:00:00","REPORT_TYPE_SQ":"2022年年报","OPERATE_INCOME_SQ":10869945000,"DPS_HKD":0.0657537,"OPERATE_INCOME_QOQ_SQ":2.248221182364,"NET_PROFIT_RATIO_SQ":15.4588270686,"HOLDER_PROFIT_SQ":1615116000,"HOLDER_PROFIT_QOQ_SQ":-3.001978257188,"ROE_AVG_SQ":4.594166669345,"PE_TTM_SQ":11.292051587824,"PB_TTM_SQ":0.571682754872,"ROA_SQ":0.34320119135,"START_DATE":"2023-01-01 00:00:00","FISCAL_YEAR":"12-31","CURRENCY":"HKD","IS_CNY_CODE":0,"DPS_HKD_LY":0.1086838,"ORG_TYPE":"银行","PREMIUM_INCOME":null,"PREMIUM_INCOME_YOY":null,"NET_INTEREST_INCOME":8288977000,"NET_INTEREST_INCOME_YOY":-3.544979129282,"FEE_COMMISSION_INCOME":972202000,"FEE_COMMISSION_INCOME_YOY":null,"ACCOUNTS_RECE_TDAYS":null,"INVENTORY_TDAYS":null,"CURRENT_ASSETS_TDAYS":null,"TOTAL_ASSETS_TDAYS":0.021063329702,"PREMIUM_EXPENSE":null,"LOAN_DEPOSIT":79.162385059343,"LOAN_EQUITY":7.165677031563,"LOAN_ASSETS":58.247807696801,"DEPOSIT_EQUITY":9.051871070069,"DEPOSIT_ASSETS":73.580157612907,"EQUITY_MULTIPLIER":12.302054471901,"EQUITY_RATIO":11.527223464986},{"SECUCODE":"06190.HK","SECURITY_CODE":"06190","SECURITY_NAME_ABBR":"九江银行","ORG_CODE":"10121854","STD_REPORT_DATE":"2023-06-30 00:00:00","REPORT_DATE":"2023-06-30 00:00:00","DATE_TYPE_CODE":"002","REPORT_TYPE":"2023年中报","PER_NETCASH_OPERATE":0.759958430937,"PER_OI":2.183037552393,"BPS":10.305457265926,"BASIC_EPS":0.24,"DILUTED_EPS":0.24,"OPERATE_INCOME":5255373000,"OPERATE_INCOME_YOY":0.830163788,"GROSS_PROFIT":null,"GROSS_PROFIT_YOY":null,"HOLDER_PROFIT":922170000,"HOLDER_PROFIT_YOY":-9.9160087449,"GROSS_PROFIT_RATIO":null,"EPS_TTM":0.628739977848,"OPERATE_INCOME_QOQ":0.398060891752,"NET_PROFIT_RATIO":17.9689814595,"ROE_AVG":2.562689489777,"GROSS_PROFIT_QOQ":null,"ROA":0.189709094331,"HOLDER_PROFIT_QOQ":-6.284873656134,"ROE_YEARLY":5.125378979555,"ROIC_YEARLY":0.406867475784,"TOTAL_ASSETS":492490232000,"TOTAL_LIABILITIES":455351707000,"TAX_EBT":6.567799754432,"OCF_SALES":34.811972432785,"TOTAL_PARENT_EQUITY":36341261000,"DEBT_ASSET_RATIO":92.4590331773,"OPERATE_PROFIT":1003035000,"PRETAX_PROFIT":1010719000,"NETCASH_OPERATE":1829499000,"NETCASH_INVEST":1776295000,"NETCASH_FINANCE":-3771929000,"END_CASH":18729846000,"DIVI_RATIO":0.094772592985,"DIVIDEND_RATE":1.315074,"CURRENT_RATIO":null,"COMMON_ACS":null,"CURRENTDEBT_DEBT":null,"ISSUED_COMMON_SHARES":2847367200,"HK_COMMON_SHARES":482367200,"PER_SHARES":200,"TOTAL_MARKET_CAP":14236836000,"HKSK_MARKET_CAP":2411836000,"PE_TTM":35.143784244881,"PB_TTM":0.382624285708,"REPORT_DATE_SQ":"2022-06-30 00:00:00","REPORT_TYPE_SQ":"2022年中报","OPERATE_INCOME_SQ":5212104000,"DPS_HKD":0.0657537,"OPERATE_INCOME_QOQ_SQ":2.739272472982,"NET_PROFIT_RATIO_SQ":19.9309914,"HOLDER_PROFIT_SQ":1023678000,"HOLDER_PROFIT_QOQ_SQ":-3.668473230154,"ROE_AVG_SQ":2.929898755326,"PE_TTM_SQ":11.292051587824,"PB_TTM_SQ":0.571682754872,"ROA_SQ":0.217815602952,"START_DATE":"2023-01-01 00:00:00","FISCAL_YEAR":"12-31","CURRENCY":"HKD","IS_CNY_CODE":0,"DPS_HKD_LY":0.1086838,"ORG_TYPE":"银行","PREMIUM_INCOME":null,"PREMIUM_INCOME_YOY":null,"NET_INTEREST_INCOME":4128601000,"NET_INTEREST_INCOME_YOY":-5.027102901773,"FEE_COMMISSION_INCOME":null,"FEE_COMMISSION_INCOME_YOY":null,"ACCOUNTS_RECE_TDAYS":null,"INVENTORY_TDAYS":null,"CURRENT_ASSETS_TDAYS":null,"TOTAL_ASSETS_TDAYS":0.010811369403,"PREMIUM_EXPENSE":null,"LOAN_DEPOSIT":75.506561030029,"LOAN_EQUITY":7.681097566476,"LOAN_ASSETS":57.922901910469,"DEPOSIT_EQUITY":10.172755137691,"DEPOSIT_ASSETS":76.712408988449,"EQUITY_MULTIPLIER":13.260899079807,"EQUITY_RATIO":12.529881860731},{"SECUCODE":"06190.HK","SECURITY_CODE":"06190","SECURITY_NAME_ABBR":"九江银行","ORG_CODE":"10121854","STD_REPORT_DATE":"2022-12-31 00:00:00","REPORT_DATE":"2022-12-31 00:00:00","DATE_TYPE_CODE":"001","REPORT_TYPE":"2022年年报","PER_NETCASH_OPERATE":-4.988241095916,"PER_OI":4.515283335255,"BPS":10.054839783222,"BASIC_EPS":0.53,"DILUTED_EPS":0.53,"OPERATE_INCOME":10869945000,"OPERATE_INCOME_YOY":5.0490785593,"GROSS_PROFIT":null,"GROSS_PROFIT_YOY":null,"HOLDER_PROFIT":1615116000,"HOLDER_PROFIT_YOY":-6.5603247186,"GROSS_PROFIT_RATIO":null,"EPS_TTM":0.670905543616,"OPERATE_INCOME_QOQ":2.248221182364,"NET_PROFIT_RATIO":15.4588270686,"ROE_AVG":4.594166669345,"GROSS_PROFIT_QOQ":null,"ROA":0.34320119135,"HOLDER_PROFIT_QOQ":-3.001978257188,"ROE_YEARLY":4.594166669345,"ROIC_YEARLY":0.37092131376,"TOTAL_ASSETS":479703540000,"TOTAL_LIABILITIES":443287259000,"TAX_EBT":16.043491989895,"OCF_SALES":-110.474597617559,"TOTAL_PARENT_EQUITY":35627661000,"DEBT_ASSET_RATIO":92.4085861447,"OPERATE_PROFIT":1993196000,"PRETAX_PROFIT":2001472000,"NETCASH_OPERATE":-12008528000,"NETCASH_INVEST":3531445000,"NETCASH_FINANCE":-4179674000,"END_CASH":18861838000,"DIVI_RATIO":0.088816255255,"DIVIDEND_RATE":1.315074,"CURRENT_RATIO":null,"COMMON_ACS":null,"CURRENTDEBT_DEBT":null,"ISSUED_COMMON_SHARES":2847367200,"HK_COMMON_SHARES":482367200,"PER_SHARES":200,"TOTAL_MARKET_CAP":14236836000,"HKSK_MARKET_CAP":2411836000,"PE_TTM":35.143784244881,"PB_TTM":0.382624285708,"REPORT_DATE_SQ":"2021-12-31 00:00:00","REPORT_TYPE_SQ":"2021年年报","OPERATE_INCOME_SQ":10347492000,"DPS_HKD":0.0657537,"OPERATE_INCOME_QOQ_SQ":4.407866935791,"NET_PROFIT_RATIO_SQ":17.2477156783,"HOLDER_PROFIT_SQ":1728512000,"HOLDER_PROFIT_QOQ_SQ":-0.980052932482,"ROE_AVG_SQ":5.699006952048,"PE_TTM_SQ":11.292051587824,"PB_TTM_SQ":0.571682754872,"ROA_SQ":0.394053957421,"START_DATE":"2022-01-01 00:00:00","FISCAL_YEAR":"12-31","CURRENCY":"HKD","IS_CNY_CODE":0,"DPS_HKD_LY":0.1171718,"ORG_TYPE":"银行","PREMIUM_INCOME":null,"PREMIUM_INCOME_YOY":null,"NET_INTEREST_INCOME":8593619000,"NET_INTEREST_INCOME_YOY":1.620922019572,"FEE_COMMISSION_INCOME":841659000,"FEE_COMMISSION_INCOME_YOY":null,"ACCOUNTS_RECE_TDAYS":null,"INVENTORY_TDAYS":null,"CURRENT_ASSETS_TDAYS":null,"TOTAL_ASSETS_TDAYS":0.023097895593,"PREMIUM_EXPENSE":null,"LOAN_DEPOSIT":72.071102800257,"LOAN_EQUITY":7.46789912457,"LOAN_ASSETS":56.691912884362,"DEPOSIT_EQUITY":10.36184938819,"DEPOSIT_ASSETS":78.661087012199,"EQUITY_MULTIPLIER":13.172776758862,"EQUITY_RATIO":12.442221761344},{"SECUCODE":"06190.HK","SECURITY_CODE":"06190","SECURITY_NAME_ABBR":"九江银行","ORG_CODE":"10121854","STD_REPORT_DATE":"2022-06-30 00:00:00","REPORT_DATE":"2022-06-30 00:00:00","DATE_TYPE_CODE":"002","REPORT_TYPE":"2022年中报","PER_NETCASH_OPERATE":-3.42564399814,"PER_OI":2.165063975284,"BPS":9.902575614413,"BASIC_EPS":0.29,"DILUTED_EPS":0.29,"OPERATE_INCOME":5212104000,"OPERATE_INCOME_YOY":5.7509772437,"GROSS_PROFIT":null,"GROSS_PROFIT_YOY":null,"HOLDER_PROFIT":1023678000,"HOLDER_PROFIT_YOY":-5.8330144386,"GROSS_PROFIT_RATIO":null,"EPS_TTM":0.691669305788,"OPERATE_INCOME_QOQ":2.739272472982,"NET_PROFIT_RATIO":19.9309914,"ROE_AVG":2.929898755326,"GROSS_PROFIT_QOQ":null,"ROA":0.217815602952,"HOLDER_PROFIT_QOQ":-3.668473230154,"ROE_YEARLY":5.859797510652,"ROIC_YEARLY":0.470609567039,"TOTAL_ASSETS":478446209000,"TOTAL_LIABILITIES":442512240000,"TAX_EBT":7.84399132398,"OCF_SALES":-158.223684715424,"TOTAL_PARENT_EQUITY":35194109000,"DEBT_ASSET_RATIO":92.4894443045,"OPERATE_PROFIT":1121670000,"PRETAX_PROFIT":1127245000,"NETCASH_OPERATE":-8246783000,"NETCASH_INVEST":-410697000,"NETCASH_FINANCE":-4376516000,"END_CASH":18419552000,"DIVI_RATIO":0.086150010584,"DIVIDEND_RATE":1.315074,"CURRENT_RATIO":null,"COMMON_ACS":null,"CURRENTDEBT_DEBT":null,"ISSUED_COMMON_SHARES":2847367200,"HK_COMMON_SHARES":482367200,"PER_SHARES":200,"TOTAL_MARKET_CAP":14236836000,"HKSK_MARKET_CAP":2411836000,"PE_TTM":35.143784244881,"PB_TTM":0.382624285708,"REPORT_DATE_SQ":"2021-06-30 00:00:00","REPORT_TYPE_SQ":"2021年中报","OPERATE_INCOME_SQ":4928658000,"DPS_HKD":0.0657537,"OPERATE_INCOME_QOQ_SQ":-2.756607264071,"NET_PROFIT_RATIO_SQ":22.9009600585,"HOLDER_PROFIT_SQ":1087088000,"HOLDER_PROFIT_QOQ_SQ":4.349624624221,"ROE_AVG_SQ":3.631453174548,"PE_TTM_SQ":11.292051587824,"PB_TTM_SQ":0.571682754872,"ROA_SQ":0.251959183029,"START_DATE":"2022-01-01 00:00:00","FISCAL_YEAR":"12-31","CURRENCY":"HKD","IS_CNY_CODE":0,"DPS_HKD_LY":0.1171718,"ORG_TYPE":"银行","PREMIUM_INCOME":null,"PREMIUM_INCOME_YOY":null,"NET_INTEREST_INCOME":4347136000,"NET_INTEREST_INCOME_YOY":8.623572251906,"FEE_COMMISSION_INCOME":337517000,"FEE_COMMISSION_INCOME_YOY":null,"ACCOUNTS_RECE_TDAYS":null,"INVENTORY_TDAYS":null,"CURRENT_ASSETS_TDAYS":null,"TOTAL_ASSETS_TDAYS":0.011090182415,"PREMIUM_EXPENSE":null,"LOAN_DEPOSIT":74.121295025877,"LOAN_EQUITY":7.468850184626,"LOAN_ASSETS":56.095215293053,"DEPOSIT_EQUITY":10.076524137926,"DEPOSIT_ASSETS":75.680295755045,"EQUITY_MULTIPLIER":13.314594026633,"EQUITY_RATIO":12.573474725557},{"SECUCODE":"06190.HK","SECURITY_CODE":"06190","SECURITY_NAME_ABBR":"九江银行","ORG_CODE":"10121854","STD_REPORT_DATE":"2021-12-31 00:00:00","REPORT_DATE":"2021-12-31 00:00:00","DATE_TYPE_CODE":"001","REPORT_TYPE":"2021年年报","PER_NETCASH_OPERATE":0.421582133378,"PER_OI":4.298260772183,"BPS":9.723402376764,"BASIC_EPS":0.72,"DILUTED_EPS":0.72,"OPERATE_INCOME":10347492000,"OPERATE_INCOME_YOY":1.5297520916,"GROSS_PROFIT":null,"GROSS_PROFIT_YOY":null,"HOLDER_PROFIT":1728512000,"HOLDER_PROFIT_YOY":3.3269430681,"GROSS_PROFIT_RATIO":null,"EPS_TTM":0.718009284167,"OPERATE_INCOME_QOQ":4.407866935791,"NET_PROFIT_RATIO":17.2477156783,"ROE_AVG":5.699006952048,"GROSS_PROFIT_QOQ":null,"ROA":0.394053957421,"HOLDER_PROFIT_QOQ":-0.980052932482,"ROE_YEARLY":5.699006952048,"ROIC_YEARLY":0.431318980918,"TOTAL_ASSETS":461502983000,"TOTAL_LIABILITIES":426089758000,"TAX_EBT":10.687757503089,"OCF_SALES":9.808202799287,"TOTAL_PARENT_EQUITY":34683937000,"DEBT_ASSET_RATIO":92.3265447235,"OPERATE_PROFIT":1990998000,"PRETAX_PROFIT":1998277000,"NETCASH_OPERATE":1014903000,"NETCASH_INVEST":266225000,"NETCASH_FINANCE":10290385000,"END_CASH":31450307000,"DIVI_RATIO":0.082989620508,"DIVIDEND_RATE":1.315074,"CURRENT_RATIO":null,"COMMON_ACS":null,"CURRENTDEBT_DEBT":null,"ISSUED_COMMON_SHARES":2847367200,"HK_COMMON_SHARES":482367200,"PER_SHARES":200,"TOTAL_MARKET_CAP":14236836000,"HKSK_MARKET_CAP":2411836000,"PE_TTM":35.143784244881,"PB_TTM":0.382624285708,"REPORT_DATE_SQ":"2020-12-31 00:00:00","REPORT_TYPE_SQ":"2020年年报","OPERATE_INCOME_SQ":10191586000,"DPS_HKD":0.0657537,"OPERATE_INCOME_QOQ_SQ":1.826313939522,"NET_PROFIT_RATIO_SQ":16.7733657941,"HOLDER_PROFIT_SQ":1672857000,"HOLDER_PROFIT_QOQ_SQ":-6.423488649312,"ROE_AVG_SQ":6.59881234892,"PE_TTM_SQ":11.292051587824,"PB_TTM_SQ":0.571682754872,"ROA_SQ":0.429407986541,"START_DATE":"2021-01-01 00:00:00","FISCAL_YEAR":"12-31","CURRENCY":"HKD","IS_CNY_CODE":0,"DPS_HKD_LY":0.120057,"ORG_TYPE":"银行","PREMIUM_INCOME":null,"PREMIUM_INCOME_YOY":null,"NET_INTEREST_INCOME":8456545000,"NET_INTEREST_INCOME_YOY":7.574083440358,"FEE_COMMISSION_INCOME":692770000,"FEE_COMMISSION_INCOME_YOY":null,"ACCOUNTS_RECE_TDAYS":null,"INVENTORY_TDAYS":null,"CURRENT_ASSETS_TDAYS":null,"TOTAL_ASSETS_TDAYS":0.023589481427,"PREMIUM_EXPENSE":null,"LOAN_DEPOSIT":70.447323062501,"LOAN_EQUITY":6.860103365339,"LOAN_ASSETS":52.64069636577,"DEPOSIT_EQUITY":9.737919153085,"DEPOSIT_ASSETS":74.723487106908,"EQUITY_MULTIPLIER":13.031938858919,"EQUITY_RATIO":12.284930571751},{"SECUCODE":"06190.HK","SECURITY_CODE":"06190","SECURITY_NAME_ABBR":"九江银行","ORG_CODE":"10121854","STD_REPORT_DATE":"2021-06-30 00:00:00","REPORT_DATE":"2021-06-30 00:00:00","DATE_TYPE_CODE":"002","REPORT_TYPE":"2021年中报","PER_NETCASH_OPERATE":-3.431211491126,"PER_OI":2.047322901134,"BPS":11.903808191652,"BASIC_EPS":0.45,"DILUTED_EPS":0.45,"OPERATE_INCOME":4928658000,"OPERATE_INCOME_YOY":-5.3927748771,"GROSS_PROFIT":null,"GROSS_PROFIT_YOY":null,"HOLDER_PROFIT":1087088000,"HOLDER_PROFIT_YOY":7.1735390531,"GROSS_PROFIT_RATIO":null,"EPS_TTM":0.725115802857,"OPERATE_INCOME_QOQ":-2.756607264071,"NET_PROFIT_RATIO":22.9009600585,"ROE_AVG":3.631453174548,"GROSS_PROFIT_QOQ":null,"ROA":0.251959183029,"HOLDER_PROFIT_QOQ":4.349624624221,"ROE_YEARLY":7.262906349097,"ROIC_YEARLY":0.55333926211,"TOTAL_ASSETS":447113889000,"TOTAL_LIABILITIES":412529741000,"TAX_EBT":12.386622525295,"OCF_SALES":-167.595032968406,"TOTAL_PARENT_EQUITY":33894513000,"DEBT_ASSET_RATIO":92.2650248962,"OPERATE_PROFIT":1283736000,"PRETAX_PROFIT":1288285000,"NETCASH_OPERATE":-8260186000,"NETCASH_INVEST":-4516219000,"NETCASH_FINANCE":17583090000,"END_CASH":24701584000,"DIVI_RATIO":0.082176278298,"DIVIDEND_RATE":1.315074,"CURRENT_RATIO":null,"COMMON_ACS":null,"CURRENTDEBT_DEBT":null,"ISSUED_COMMON_SHARES":2847367200,"HK_COMMON_SHARES":482367200,"PER_SHARES":200,"TOTAL_MARKET_CAP":14236836000,"HKSK_MARKET_CAP":2411836000,"PE_TTM":35.143784244881,"PB_TTM":0.382624285708,"REPORT_DATE_SQ":"2020-06-30 00:00:00","REPORT_TYPE_SQ":"2020年中报","OPERATE_INCOME_SQ":5209600000,"DPS_HKD":0.0657537,"OPERATE_INCOME_QOQ_SQ":4.814826644605,"NET_PROFIT_RATIO_SQ":21.2976800605,"HOLDER_PROFIT_SQ":1014325000,"HOLDER_PROFIT_QOQ_SQ":-2.695445811856,"ROE_AVG_SQ":4.040553199963,"PE_TTM_SQ":11.292051587824,"PB_TTM_SQ":0.571682754872,"ROA_SQ":0.268907807105,"START_DATE":"2021-01-01 00:00:00","FISCAL_YEAR":"12-31","CURRENCY":"HKD","IS_CNY_CODE":0,"DPS_HKD_LY":0.120057,"ORG_TYPE":"银行","PREMIUM_INCOME":null,"PREMIUM_INCOME_YOY":null,"NET_INTEREST_INCOME":4002019000,"NET_INTEREST_INCOME_YOY":1.962241538282,"FEE_COMMISSION_INCOME":308517000,"FEE_COMMISSION_INCOME_YOY":null,"ACCOUNTS_RECE_TDAYS":null,"INVENTORY_TDAYS":null,"CURRENT_ASSETS_TDAYS":null,"TOTAL_ASSETS_TDAYS":0.011423368146,"PREMIUM_EXPENSE":null,"LOAN_DEPOSIT":71.101226450949,"LOAN_EQUITY":6.661670601225,"LOAN_ASSETS":51.527856250513,"DEPOSIT_EQUITY":9.369276640847,"DEPOSIT_ASSETS":72.471121558024,"EQUITY_MULTIPLIER":12.928289833909,"EQUITY_RATIO":12.170988885428},{"SECUCODE":"06190.HK","SECURITY_CODE":"06190","SECURITY_NAME_ABBR":"九江银行","ORG_CODE":"10121854","STD_REPORT_DATE":"2020-12-31 00:00:00","REPORT_DATE":"2020-12-31 00:00:00","DATE_TYPE_CODE":"001","REPORT_TYPE":"2020年年报","PER_NETCASH_OPERATE":16.308712272893,"PER_OI":4.233498736711,"BPS":9.122874984301,"BASIC_EPS":0.69,"DILUTED_EPS":0.69,"OPERATE_INCOME":10191586000,"OPERATE_INCOME_YOY":5.3282640325,"GROSS_PROFIT":null,"GROSS_PROFIT_YOY":null,"HOLDER_PROFIT":1672857000,"HOLDER_PROFIT_YOY":-8.9457928054,"GROSS_PROFIT_RATIO":null,"EPS_TTM":0.694890667282,"OPERATE_INCOME_QOQ":1.826313939522,"NET_PROFIT_RATIO":16.7733657941,"ROE_AVG":6.59881234892,"GROSS_PROFIT_QOQ":null,"ROA":0.429407986541,"HOLDER_PROFIT_QOQ":-6.423488649312,"ROE_YEARLY":6.59881234892,"ROIC_YEARLY":0.475421060662,"TOTAL_ASSETS":415794132000,"TOTAL_LIABILITIES":389164586000,"TAX_EBT":20.027956756848,"OCF_SALES":385.230120218777,"TOTAL_PARENT_EQUITY":25976175000,"DEBT_ASSET_RATIO":93.5954973987,"OPERATE_PROFIT":2127406000,"PRETAX_PROFIT":2137587000,"NETCASH_OPERATE":39261059000,"NETCASH_INVEST":-8683115000,"NETCASH_FINANCE":-24755558000,"END_CASH":19832497000,"DIVI_RATIO":0.085750637934,"DIVIDEND_RATE":1.315074,"CURRENT_RATIO":null,"COMMON_ACS":null,"CURRENTDEBT_DEBT":null,"ISSUED_COMMON_SHARES":2847367200,"HK_COMMON_SHARES":482367200,"PER_SHARES":200,"TOTAL_MARKET_CAP":14236836000,"HKSK_MARKET_CAP":2411836000,"PE_TTM":35.143784244881,"PB_TTM":0.382624285708,"REPORT_DATE_SQ":"2019-12-31 00:00:00","REPORT_TYPE_SQ":"2019年年报","OPERATE_INCOME_SQ":9676022000,"DPS_HKD":0.0657537,"OPERATE_INCOME_QOQ_SQ":5.326037776972,"NET_PROFIT_RATIO_SQ":19.70094329,"HOLDER_PROFIT_SQ":1837210000,"HOLDER_PROFIT_QOQ_SQ":2.886426816183,"ROE_AVG_SQ":7.688962003103,"PE_TTM_SQ":11.292051587824,"PB_TTM_SQ":0.571682754872,"ROA_SQ":0.544379397686,"START_DATE":"2020-01-01 00:00:00","FISCAL_YEAR":"12-31","CURRENCY":"HKD","IS_CNY_CODE":0,"DPS_HKD_LY":0.1311232,"ORG_TYPE":"银行","PREMIUM_INCOME":null,"PREMIUM_INCOME_YOY":null,"NET_INTEREST_INCOME":7861136000,"NET_INTEREST_INCOME_YOY":6.942634927886,"FEE_COMMISSION_INCOME":623990000,"FEE_COMMISSION_INCOME_YOY":null,"ACCOUNTS_RECE_TDAYS":null,"INVENTORY_TDAYS":null,"CURRENT_ASSETS_TDAYS":null,"TOTAL_ASSETS_TDAYS":0.026160923641,"PREMIUM_EXPENSE":null,"LOAN_DEPOSIT":65.537006133407,"LOAN_EQUITY":7.72293282807,"LOAN_ASSETS":49.461543387053,"DEPOSIT_EQUITY":11.784079383103,"DEPOSIT_ASSETS":75.471167063031,"EQUITY_MULTIPLIER":15.614015049303,"EQUITY_RATIO":14.981597021116},{"SECUCODE":"06190.HK","SECURITY_CODE":"06190","SECURITY_NAME_ABBR":"九江银行","ORG_CODE":"10121854","STD_REPORT_DATE":"2020-06-30 00:00:00","REPORT_DATE":"2020-06-30 00:00:00","DATE_TYPE_CODE":"002","REPORT_TYPE":"2020年中报","PER_NETCASH_OPERATE":12.50129976017,"PER_OI":2.164023834835,"BPS":8.949196647345,"BASIC_EPS":0.42,"DILUTED_EPS":0.42,"OPERATE_INCOME":5209600000,"OPERATE_INCOME_YOY":9.844119273,"GROSS_PROFIT":null,"GROSS_PROFIT_YOY":null,"HOLDER_PROFIT":1014325000,"HOLDER_PROFIT_YOY":-4.6549030593,"GROSS_PROFIT_RATIO":null,"EPS_TTM":0.742590910103,"OPERATE_INCOME_QOQ":4.814826644605,"NET_PROFIT_RATIO":21.2976800605,"ROE_AVG":4.040553199963,"GROSS_PROFIT_QOQ":null,"ROA":0.268907807105,"HOLDER_PROFIT_QOQ":-2.695445811856,"ROE_YEARLY":8.081106399926,"ROIC_YEARLY":0.591688277551,"TOTAL_ASSETS":391051934000,"TOTAL_LIABILITIES":364871087000,"TAX_EBT":16.322332562644,"OCF_SALES":586.621368144284,"TOTAL_PARENT_EQUITY":25481649000,"DEBT_ASSET_RATIO":93.3050204529,"OPERATE_PROFIT":1299229000,"PRETAX_PROFIT":1305757000,"NETCASH_OPERATE":30095219000,"NETCASH_INVEST":-7450173000,"NETCASH_FINANCE":-10198667000,"END_CASH":26374360000,"DIVI_RATIO":0.08024245544,"DIVIDEND_RATE":1.315074,"CURRENT_RATIO":null,"COMMON_ACS":null,"CURRENTDEBT_DEBT":null,"ISSUED_COMMON_SHARES":2847367200,"HK_COMMON_SHARES":482367200,"PER_SHARES":200,"TOTAL_MARKET_CAP":14236836000,"HKSK_MARKET_CAP":2411836000,"PE_TTM":35.143784244881,"PB_TTM":0.382624285708,"REPORT_DATE_SQ":"2019-06-30 00:00:00","REPORT_TYPE_SQ":"2019年中报","OPERATE_INCOME_SQ":4670494000,"DPS_HKD":0.0657537,"OPERATE_INCOME_QOQ_SQ":15.256908715093,"NET_PROFIT_RATIO_SQ":23.2513091763,"HOLDER_PROFIT_SQ":1063846000,"HOLDER_PROFIT_QOQ_SQ":1.591863857522,"ROE_AVG_SQ":4.529435694949,"PE_TTM_SQ":11.292051587824,"PB_TTM_SQ":0.571682754872,"ROA_SQ":0.31793472983,"START_DATE":"2020-01-01 00:00:00","FISCAL_YEAR":"12-31","CURRENCY":"HKD","IS_CNY_CODE":0,"DPS_HKD_LY":0.1311232,"ORG_TYPE":"银行","PREMIUM_INCOME":null,"PREMIUM_INCOME_YOY":null,"NET_INTEREST_INCOME":3925001000,"NET_INTEREST_INCOME_YOY":17.406065450051,"FEE_COMMISSION_INCOME":268330000,"FEE_COMMISSION_INCOME_YOY":null,"ACCOUNTS_RECE_TDAYS":null,"INVENTORY_TDAYS":null,"CURRENT_ASSETS_TDAYS":null,"TOTAL_ASSETS_TDAYS":0.013600845619,"PREMIUM_EXPENSE":null,"LOAN_DEPOSIT":69.090076919502,"LOAN_EQUITY":7.2810584394,"LOAN_ASSETS":48.746537333325,"DEPOSIT_EQUITY":10.53850098891,"DEPOSIT_ASSETS":70.555048578279,"EQUITY_MULTIPLIER":14.936565421371,"EQUITY_RATIO":14.31897468645}],"count":17},"success":true,"message":"ok","code":0}