{"version":"37071cdfadf12cde440e40abc94dbfc1","result":{"pages":5,"data":[{"SECUCODE":"06196.HK","SECURITY_CODE":"06196","SECURITY_NAME_ABBR":"郑州银行","ORG_CODE":"10066057","STD_REPORT_DATE":"2024-09-30 00:00:00","REPORT_DATE":"2024-09-30 00:00:00","DATE_TYPE_CODE":"004","REPORT_TYPE":"2024年三季报","PER_NETCASH_OPERATE":1.277309426701,"PER_OI":0.996584244837,"BPS":4.938345011293,"BASIC_EPS":0.25,"DILUTED_EPS":0.25,"OPERATE_INCOME":9061035000,"OPERATE_INCOME_YOY":-13.4129849251,"GROSS_PROFIT":null,"GROSS_PROFIT_YOY":null,"HOLDER_PROFIT":2244132000,"HOLDER_PROFIT_YOY":-18.4143355468,"GROSS_PROFIT_RATIO":null,"EPS_TTM":0.147777221664,"OPERATE_INCOME_QOQ":-6.856837251547,"NET_PROFIT_RATIO":25.2616174642,"ROE_AVG":4.180902331157,"GROSS_PROFIT_QOQ":null,"ROA":0.345960158461,"HOLDER_PROFIT_QOQ":-3.845936400817,"ROE_YEARLY":5.574536441542,"ROIC_YEARLY":0.361679948736,"TOTAL_ASSETS":666626085000,"TOTAL_LIABILITIES":609820482000,"TAX_EBT":10.485696061895,"OCF_SALES":128.16873569079,"TOTAL_PARENT_EQUITY":54898739000,"DEBT_ASSET_RATIO":91.4786408336,"OPERATE_PROFIT":2567263000,"PRETAX_PROFIT":2557093000,"NETCASH_OPERATE":11613414000,"NETCASH_INVEST":-5521555000,"NETCASH_FINANCE":-8067981000,"END_CASH":10030682000,"DIVI_RATIO":null,"DIVIDEND_RATE":null,"CURRENT_RATIO":null,"COMMON_ACS":null,"CURRENTDEBT_DEBT":null,"ISSUED_COMMON_SHARES":9092091358,"HK_COMMON_SHARES":2020458000,"PER_SHARES":1000,"TOTAL_MARKET_CAP":9092091358,"HKSK_MARKET_CAP":2020458000,"PE_TTM":5.932643588277,"PB_TTM":0.182609760545,"REPORT_DATE_SQ":"2023-09-30 00:00:00","REPORT_TYPE_SQ":"2023年三季报","OPERATE_INCOME_SQ":10464658000,"DPS_HKD":null,"OPERATE_INCOME_QOQ_SQ":-4.788228699767,"NET_PROFIT_RATIO_SQ":27.2231639104,"HOLDER_PROFIT_SQ":2750645000,"HOLDER_PROFIT_QOQ_SQ":-8.68824601844,"ROE_AVG_SQ":5.268274583932,"PE_TTM_SQ":3.87744591067,"PB_TTM_SQ":0.158638866615,"ROA_SQ":0.453316300702,"START_DATE":"2024-01-01 00:00:00","FISCAL_YEAR":"12-31","CURRENCY":"HKD","IS_CNY_CODE":0,"DPS_HKD_LY":null,"ORG_TYPE":"银行","PREMIUM_INCOME":null,"PREMIUM_INCOME_YOY":null,"NET_INTEREST_INCOME":7385398000,"NET_INTEREST_INCOME_YOY":-18.10004563306,"FEE_COMMISSION_INCOME":349854000,"FEE_COMMISSION_INCOME_YOY":null,"ACCOUNTS_RECE_TDAYS":null,"INVENTORY_TDAYS":null,"CURRENT_ASSETS_TDAYS":null,"TOTAL_ASSETS_TDAYS":0.013968684126,"PREMIUM_EXPENSE":null,"LOAN_DEPOSIT":94.661171844991,"LOAN_EQUITY":6.738109372767,"LOAN_ASSETS":57.417850068078,"DEPOSIT_EQUITY":7.118134332629,"DEPOSIT_ASSETS":60.656179243271,"EQUITY_MULTIPLIER":11.73521712291,"EQUITY_RATIO":11.108096344435},{"SECUCODE":"06196.HK","SECURITY_CODE":"06196","SECURITY_NAME_ABBR":"郑州银行","ORG_CODE":"10066057","STD_REPORT_DATE":"2024-06-30 00:00:00","REPORT_DATE":"2024-06-30 00:00:00","DATE_TYPE_CODE":"002","REPORT_TYPE":"2024年中报","PER_NETCASH_OPERATE":-0.484456416743,"PER_OI":0.704474003593,"BPS":4.884267134087,"BASIC_EPS":0.18,"DILUTED_EPS":0.18,"OPERATE_INCOME":6405142000,"OPERATE_INCOME_YOY":-7.2202215743,"GROSS_PROFIT":null,"GROSS_PROFIT_YOY":null,"HOLDER_PROFIT":1593861000,"HOLDER_PROFIT_YOY":-22.1227743323,"GROSS_PROFIT_RATIO":null,"EPS_TTM":0.153687962976,"OPERATE_INCOME_QOQ":-4.42717758325,"NET_PROFIT_RATIO":25.7466891444,"ROE_AVG":2.983085831968,"GROSS_PROFIT_QOQ":null,"ROA":0.249745179138,"HOLDER_PROFIT_QOQ":-14.246692531547,"ROE_YEARLY":5.966171663937,"ROIC_YEARLY":0.522520009063,"TOTAL_ASSETS":645680374000,"TOTAL_LIABILITIES":589356033000,"TAX_EBT":11.792145273659,"OCF_SALES":-68.768530034151,"TOTAL_PARENT_EQUITY":54407058000,"DEBT_ASSET_RATIO":91.2767456983,"OPERATE_PROFIT":1873275000,"PRETAX_PROFIT":1869575000,"NETCASH_OPERATE":-4404722000,"NETCASH_INVEST":-997342000,"NETCASH_FINANCE":2434492000,"END_CASH":9061663000,"DIVI_RATIO":null,"DIVIDEND_RATE":null,"CURRENT_RATIO":null,"COMMON_ACS":null,"CURRENTDEBT_DEBT":null,"ISSUED_COMMON_SHARES":9092091358,"HK_COMMON_SHARES":2020458000,"PER_SHARES":1000,"TOTAL_MARKET_CAP":9273933185.16,"HKSK_MARKET_CAP":2060867160,"PE_TTM":6.051296460042,"PB_TTM":0.186261955756,"REPORT_DATE_SQ":"2023-06-30 00:00:00","REPORT_TYPE_SQ":"2023年中报","OPERATE_INCOME_SQ":6903597000,"DPS_HKD":null,"OPERATE_INCOME_QOQ_SQ":-3.545793631515,"NET_PROFIT_RATIO_SQ":30.6287142775,"HOLDER_PROFIT_SQ":2046633000,"HOLDER_PROFIT_QOQ_SQ":-20.707290586617,"ROE_AVG_SQ":3.94472276988,"PE_TTM_SQ":3.87744591067,"PB_TTM_SQ":0.158638866615,"ROA_SQ":0.338741923991,"START_DATE":"2024-01-01 00:00:00","FISCAL_YEAR":"12-31","CURRENCY":"HKD","IS_CNY_CODE":0,"DPS_HKD_LY":null,"ORG_TYPE":"银行","PREMIUM_INCOME":null,"PREMIUM_INCOME_YOY":null,"NET_INTEREST_INCOME":5295547000,"NET_INTEREST_INCOME_YOY":-10.635489014701,"FEE_COMMISSION_INCOME":265999000,"FEE_COMMISSION_INCOME_YOY":null,"ACCOUNTS_RECE_TDAYS":null,"INVENTORY_TDAYS":null,"CURRENT_ASSETS_TDAYS":null,"TOTAL_ASSETS_TDAYS":0.010036341539,"PREMIUM_EXPENSE":null,"LOAN_DEPOSIT":93.875028584535,"LOAN_EQUITY":6.546013347941,"LOAN_ASSETS":57.102539096225,"DEPOSIT_EQUITY":6.973114625522,"DEPOSIT_ASSETS":60.828252153131,"EQUITY_MULTIPLIER":11.463611691397,"EQUITY_RATIO":10.832345189479},{"SECUCODE":"06196.HK","SECURITY_CODE":"06196","SECURITY_NAME_ABBR":"郑州银行","ORG_CODE":"10066057","STD_REPORT_DATE":"2024-03-31 00:00:00","REPORT_DATE":"2024-03-31 00:00:00","DATE_TYPE_CODE":"003","REPORT_TYPE":"2024年一季报","PER_NETCASH_OPERATE":-0.01125626613,"PER_OI":0.374785499378,"BPS":4.80793211141,"BASIC_EPS":0.11,"DILUTED_EPS":0.11,"OPERATE_INCOME":3407584000,"OPERATE_INCOME_YOY":3.4313471058,"GROSS_PROFIT":null,"GROSS_PROFIT_YOY":null,"HOLDER_PROFIT":967445000,"HOLDER_PROFIT_YOY":-18.5698966726,"GROSS_PROFIT_RATIO":null,"EPS_TTM":0.179221032416,"OPERATE_INCOME_QOQ":0.825196121585,"NET_PROFIT_RATIO":29.0887620085,"ROE_AVG":1.822516597312,"GROSS_PROFIT_QOQ":null,"ROA":0.153129915596,"HOLDER_PROFIT_QOQ":-11.924813403693,"ROE_YEARLY":7.290066389247,"ROIC_YEARLY":0.63994484903,"TOTAL_ASSETS":632851641000,"TOTAL_LIABILITIES":577252817000,"TAX_EBT":14.069108887373,"OCF_SALES":-3.003388911323,"TOTAL_PARENT_EQUITY":53713013000,"DEBT_ASSET_RATIO":91.2145563987,"OPERATE_PROFIT":1154993000,"PRETAX_PROFIT":1153513000,"NETCASH_OPERATE":-102343000,"NETCASH_INVEST":-3534432000,"NETCASH_FINANCE":294666000,"END_CASH":8680157000,"DIVI_RATIO":null,"DIVIDEND_RATE":null,"CURRENT_RATIO":null,"COMMON_ACS":null,"CURRENTDEBT_DEBT":null,"ISSUED_COMMON_SHARES":9092091358,"HK_COMMON_SHARES":2020458000,"PER_SHARES":1000,"TOTAL_MARKET_CAP":9273933185.16,"HKSK_MARKET_CAP":2060867160,"PE_TTM":6.051296460042,"PB_TTM":0.186261955756,"REPORT_DATE_SQ":"2023-03-31 00:00:00","REPORT_TYPE_SQ":"2023年一季报","OPERATE_INCOME_SQ":3294537000,"DPS_HKD":null,"OPERATE_INCOME_QOQ_SQ":-0.823330438912,"NET_PROFIT_RATIO_SQ":37.6356070671,"HOLDER_PROFIT_SQ":1188068000,"HOLDER_PROFIT_QOQ_SQ":0.893446900141,"ROE_AVG_SQ":2.312877437487,"PE_TTM_SQ":3.87744591067,"PB_TTM_SQ":0.158638866615,"ROA_SQ":0.198359777408,"START_DATE":"2024-01-01 00:00:00","FISCAL_YEAR":"12-31","CURRENCY":"HKD","IS_CNY_CODE":0,"DPS_HKD_LY":null,"ORG_TYPE":"银行","PREMIUM_INCOME":null,"PREMIUM_INCOME_YOY":null,"NET_INTEREST_INCOME":2856050000,"NET_INTEREST_INCOME_YOY":-3.037988005575,"FEE_COMMISSION_INCOME":110412000,"FEE_COMMISSION_INCOME_YOY":null,"ACCOUNTS_RECE_TDAYS":null,"INVENTORY_TDAYS":null,"CURRENT_ASSETS_TDAYS":null,"TOTAL_ASSETS_TDAYS":0.005393619796,"PREMIUM_EXPENSE":null,"LOAN_DEPOSIT":95.378588734229,"LOAN_EQUITY":6.47081941877,"LOAN_ASSETS":56.849019057849,"DEPOSIT_EQUITY":6.784352237378,"DEPOSIT_ASSETS":59.603543952887,"EQUITY_MULTIPLIER":11.382464510409,"EQUITY_RATIO":10.746982616671},{"SECUCODE":"06196.HK","SECURITY_CODE":"06196","SECURITY_NAME_ABBR":"郑州银行","ORG_CODE":"10066057","STD_REPORT_DATE":"2023-12-31 00:00:00","REPORT_DATE":"2023-12-31 00:00:00","DATE_TYPE_CODE":"001","REPORT_TYPE":"2023年年报","PER_NETCASH_OPERATE":0.181267646255,"PER_OI":1.506739149508,"BPS":4.669329346613,"BASIC_EPS":0.15,"DILUTED_EPS":0.15,"OPERATE_INCOME":13699410000,"OPERATE_INCOME_YOY":-10.0252774181,"GROSS_PROFIT":null,"GROSS_PROFIT_YOY":null,"HOLDER_PROFIT":1850117000,"HOLDER_PROFIT_YOY":-23.6216015826,"GROSS_PROFIT_RATIO":null,"EPS_TTM":0.203486406719,"OPERATE_INCOME_QOQ":-1.213140458466,"NET_PROFIT_RATIO":13.573423965,"ROE_AVG":3.584616149186,"GROSS_PROFIT_QOQ":null,"ROA":0.302746213883,"HOLDER_PROFIT_QOQ":4.555683400546,"ROE_YEARLY":3.584616149186,"ROIC_YEARLY":0.317439259673,"TOTAL_ASSETS":630709429000,"TOTAL_LIABILITIES":576394573000,"TAX_EBT":-6.888969876457,"OCF_SALES":12.030459705929,"TOTAL_PARENT_EQUITY":52452824000,"DEBT_ASSET_RATIO":91.388291739,"OPERATE_PROFIT":1756986000,"PRETAX_PROFIT":1739636000,"NETCASH_OPERATE":1648102000,"NETCASH_INVEST":-4031664000,"NETCASH_FINANCE":3886087000,"END_CASH":12019973000,"DIVI_RATIO":null,"DIVIDEND_RATE":null,"CURRENT_RATIO":null,"COMMON_ACS":null,"CURRENTDEBT_DEBT":null,"ISSUED_COMMON_SHARES":9092091358,"HK_COMMON_SHARES":2020458000,"PER_SHARES":1000,"TOTAL_MARKET_CAP":9273933185.16,"HKSK_MARKET_CAP":2060867160,"PE_TTM":6.051296460042,"PB_TTM":0.186261955756,"REPORT_DATE_SQ":"2022-12-31 00:00:00","REPORT_TYPE_SQ":"2022年年报","OPERATE_INCOME_SQ":15225843000,"DPS_HKD":null,"OPERATE_INCOME_QOQ_SQ":-6.031134096053,"NET_PROFIT_RATIO_SQ":17.0758886716,"HOLDER_PROFIT_SQ":2422304000,"HOLDER_PROFIT_QOQ_SQ":-26.548392682081,"ROE_AVG_SQ":4.463482479087,"PE_TTM_SQ":3.87744591067,"PB_TTM_SQ":0.158638866615,"ROA_SQ":0.415313837042,"START_DATE":"2023-01-01 00:00:00","FISCAL_YEAR":"12-31","CURRENCY":"HKD","IS_CNY_CODE":0,"DPS_HKD_LY":null,"ORG_TYPE":"银行","PREMIUM_INCOME":null,"PREMIUM_INCOME_YOY":null,"NET_INTEREST_INCOME":11739613000,"NET_INTEREST_INCOME_YOY":-4.196440331592,"FEE_COMMISSION_INCOME":578926000,"FEE_COMMISSION_INCOME_YOY":null,"ACCOUNTS_RECE_TDAYS":null,"INVENTORY_TDAYS":null,"CURRENT_ASSETS_TDAYS":null,"TOTAL_ASSETS_TDAYS":0.022417201236,"PREMIUM_EXPENSE":null,"LOAN_DEPOSIT":97.280131493367,"LOAN_EQUITY":6.564557512589,"LOAN_ASSETS":56.532054160871,"DEPOSIT_EQUITY":6.74809687427,"DEPOSIT_ASSETS":58.112641598069,"EQUITY_MULTIPLIER":11.612097968166,"EQUITY_RATIO":10.988818695443},{"SECUCODE":"06196.HK","SECURITY_CODE":"06196","SECURITY_NAME_ABBR":"郑州银行","ORG_CODE":"10066057","STD_REPORT_DATE":"2023-09-30 00:00:00","REPORT_DATE":"2023-09-30 00:00:00","DATE_TYPE_CODE":"004","REPORT_TYPE":"2023年三季报","PER_NETCASH_OPERATE":-0.112177491387,"PER_OI":1.150962698015,"BPS":4.801048546613,"BASIC_EPS":0.3,"DILUTED_EPS":0.3,"OPERATE_INCOME":10464658000,"OPERATE_INCOME_YOY":-11.4879085487,"GROSS_PROFIT":null,"GROSS_PROFIT_YOY":null,"HOLDER_PROFIT":2750645000,"HOLDER_PROFIT_YOY":-19.180565574,"GROSS_PROFIT_RATIO":null,"EPS_TTM":0.194620129773,"OPERATE_INCOME_QOQ":-4.788228699767,"NET_PROFIT_RATIO":27.2231639104,"ROE_AVG":5.268274583932,"GROSS_PROFIT_QOQ":null,"ROA":0.453316300702,"HOLDER_PROFIT_QOQ":-8.68824601844,"ROE_YEARLY":7.024366111909,"ROIC_YEARLY":0.47560445976,"TOTAL_ASSETS":622051831000,"TOTAL_LIABILITIES":566450568000,"TAX_EBT":14.846785783462,"OCF_SALES":-9.746405472592,"TOTAL_PARENT_EQUITY":53650427000,"DEBT_ASSET_RATIO":91.0616350231,"OPERATE_PROFIT":3321892000,"PRETAX_PROFIT":3345512000,"NETCASH_OPERATE":-1019928000,"NETCASH_INVEST":-4001424000,"NETCASH_FINANCE":6654275000,"END_CASH":12151348000,"DIVI_RATIO":null,"DIVIDEND_RATE":null,"CURRENT_RATIO":null,"COMMON_ACS":null,"CURRENTDEBT_DEBT":null,"ISSUED_COMMON_SHARES":9092091358,"HK_COMMON_SHARES":2020458000,"PER_SHARES":1000,"TOTAL_MARKET_CAP":9273933185.16,"HKSK_MARKET_CAP":2060867160,"PE_TTM":6.051296460042,"PB_TTM":0.186261955756,"REPORT_DATE_SQ":"2022-09-30 00:00:00","REPORT_TYPE_SQ":"2022年三季报","OPERATE_INCOME_SQ":11822857000,"DPS_HKD":null,"OPERATE_INCOME_QOQ_SQ":5.00726843045,"NET_PROFIT_RATIO_SQ":29.97432854,"HOLDER_PROFIT_SQ":3403445000,"HOLDER_PROFIT_QOQ_SQ":-0.168433186908,"ROE_AVG_SQ":5.713244702049,"PE_TTM_SQ":3.87744591067,"PB_TTM_SQ":0.158638866615,"ROA_SQ":0.58123365778,"START_DATE":"2023-01-01 00:00:00","FISCAL_YEAR":"12-31","CURRENCY":"HKD","IS_CNY_CODE":0,"DPS_HKD_LY":null,"ORG_TYPE":"银行","PREMIUM_INCOME":null,"PREMIUM_INCOME_YOY":null,"NET_INTEREST_INCOME":9017585000,"NET_INTEREST_INCOME_YOY":-4.630952498043,"FEE_COMMISSION_INCOME":442230000,"FEE_COMMISSION_INCOME_YOY":null,"ACCOUNTS_RECE_TDAYS":null,"INVENTORY_TDAYS":null,"CURRENT_ASSETS_TDAYS":null,"TOTAL_ASSETS_TDAYS":0.017246137007,"PREMIUM_EXPENSE":null,"LOAN_DEPOSIT":96.456213162807,"LOAN_EQUITY":6.302327161165,"LOAN_ASSETS":56.332500370054,"DEPOSIT_EQUITY":6.533873717941,"DEPOSIT_ASSETS":58.402148003644,"EQUITY_MULTIPLIER":11.187728433381,"EQUITY_RATIO":10.558174457773},{"SECUCODE":"06196.HK","SECURITY_CODE":"06196","SECURITY_NAME_ABBR":"郑州银行","ORG_CODE":"10066057","STD_REPORT_DATE":"2023-06-30 00:00:00","REPORT_DATE":"2023-06-30 00:00:00","DATE_TYPE_CODE":"002","REPORT_TYPE":"2023年中报","PER_NETCASH_OPERATE":-0.051390046756,"PER_OI":0.759296923906,"BPS":4.728746809409,"BASIC_EPS":0.23,"DILUTED_EPS":0.23,"OPERATE_INCOME":6903597000,"OPERATE_INCOME_YOY":-8.7355513757,"GROSS_PROFIT":null,"GROSS_PROFIT_YOY":null,"HOLDER_PROFIT":2046633000,"HOLDER_PROFIT_YOY":-19.1394851023,"GROSS_PROFIT_RATIO":null,"EPS_TTM":0.213138091523,"OPERATE_INCOME_QOQ":-3.545793631515,"NET_PROFIT_RATIO":30.6287142775,"ROE_AVG":3.94472276988,"GROSS_PROFIT_QOQ":null,"ROA":0.338741923991,"HOLDER_PROFIT_QOQ":-20.707290586617,"ROE_YEARLY":7.88944553976,"ROIC_YEARLY":0.710505815927,"TOTAL_ASSETS":616859397000,"TOTAL_LIABILITIES":561945824000,"TAX_EBT":16.324045603663,"OCF_SALES":-6.768109436284,"TOTAL_PARENT_EQUITY":52993053000,"DEBT_ASSET_RATIO":91.0978785008,"OPERATE_PROFIT":2503280000,"PRETAX_PROFIT":2526990000,"NETCASH_OPERATE":-467243000,"NETCASH_INVEST":-6427238000,"NETCASH_FINANCE":7421362000,"END_CASH":11052626000,"DIVI_RATIO":null,"DIVIDEND_RATE":null,"CURRENT_RATIO":null,"COMMON_ACS":null,"CURRENTDEBT_DEBT":null,"ISSUED_COMMON_SHARES":9092091358,"HK_COMMON_SHARES":2020458000,"PER_SHARES":1000,"TOTAL_MARKET_CAP":9273933185.16,"HKSK_MARKET_CAP":2060867160,"PE_TTM":6.051296460042,"PB_TTM":0.186261955756,"REPORT_DATE_SQ":"2022-06-30 00:00:00","REPORT_TYPE_SQ":"2022年中报","OPERATE_INCOME_SQ":7564388000,"DPS_HKD":null,"OPERATE_INCOME_QOQ_SQ":2.572026760251,"NET_PROFIT_RATIO_SQ":34.7974746933,"HOLDER_PROFIT_SQ":2531066000,"HOLDER_PROFIT_QOQ_SQ":1.102571432244,"ROE_AVG_SQ":4.283744448117,"PE_TTM_SQ":3.87744591067,"PB_TTM_SQ":0.158638866615,"ROA_SQ":0.436663519281,"START_DATE":"2023-01-01 00:00:00","FISCAL_YEAR":"12-31","CURRENCY":"HKD","IS_CNY_CODE":0,"DPS_HKD_LY":null,"ORG_TYPE":"银行","PREMIUM_INCOME":null,"PREMIUM_INCOME_YOY":null,"NET_INTEREST_INCOME":5925783000,"NET_INTEREST_INCOME_YOY":-5.122393552185,"FEE_COMMISSION_INCOME":322097000,"FEE_COMMISSION_INCOME_YOY":null,"ACCOUNTS_RECE_TDAYS":null,"INVENTORY_TDAYS":null,"CURRENT_ASSETS_TDAYS":null,"TOTAL_ASSETS_TDAYS":0.011426268072,"PREMIUM_EXPENSE":null,"LOAN_DEPOSIT":96.908815912033,"LOAN_EQUITY":6.316268147403,"LOAN_ASSETS":56.228186469534,"DEPOSIT_EQUITY":6.517743600476,"DEPOSIT_ASSETS":58.021745431885,"EQUITY_MULTIPLIER":11.233277372027,"EQUITY_RATIO":10.604141339054},{"SECUCODE":"06196.HK","SECURITY_CODE":"06196","SECURITY_NAME_ABBR":"郑州银行","ORG_CODE":"10066057","STD_REPORT_DATE":"2023-03-31 00:00:00","REPORT_DATE":"2023-03-31 00:00:00","DATE_TYPE_CODE":"003","REPORT_TYPE":"2023年一季报","PER_NETCASH_OPERATE":-0.082883175086,"PER_OI":0.39858714095,"BPS":4.615399950098,"BASIC_EPS":0.13,"DILUTED_EPS":0.13,"OPERATE_INCOME":3294537000,"OPERATE_INCOME_YOY":-3.6655793042,"GROSS_PROFIT":null,"GROSS_PROFIT_YOY":null,"HOLDER_PROFIT":1188068000,"HOLDER_PROFIT_YOY":1.8554113163,"GROSS_PROFIT_RATIO":null,"EPS_TTM":0.295679013098,"OPERATE_INCOME_QOQ":-0.823330438912,"NET_PROFIT_RATIO":37.6356070671,"ROE_AVG":2.312877437487,"GROSS_PROFIT_QOQ":null,"ROA":0.198359777408,"HOLDER_PROFIT_QOQ":0.893446900141,"ROE_YEARLY":9.251509749948,"ROIC_YEARLY":0.83133786201,"TOTAL_ASSETS":606378430000,"TOTAL_LIABILITIES":552511416000,"TAX_EBT":18.339778765375,"OCF_SALES":-20.794242104429,"TOTAL_PARENT_EQUITY":51962493000,"DEBT_ASSET_RATIO":91.1166012287,"OPERATE_PROFIT":1493968000,"PRETAX_PROFIT":1518388000,"NETCASH_OPERATE":-685074000,"NETCASH_INVEST":-3084685000,"NETCASH_FINANCE":3289500000,"END_CASH":10033193000,"DIVI_RATIO":null,"DIVIDEND_RATE":null,"CURRENT_RATIO":null,"COMMON_ACS":null,"CURRENTDEBT_DEBT":null,"ISSUED_COMMON_SHARES":9092091358,"HK_COMMON_SHARES":2020458000,"PER_SHARES":1000,"TOTAL_MARKET_CAP":9273933185.16,"HKSK_MARKET_CAP":2060867160,"PE_TTM":6.051296460042,"PB_TTM":0.186261955756,"REPORT_DATE_SQ":"2022-03-31 00:00:00","REPORT_TYPE_SQ":"2022年一季报","OPERATE_INCOME_SQ":3419896000,"DPS_HKD":null,"OPERATE_INCOME_QOQ_SQ":1.570471216985,"NET_PROFIT_RATIO_SQ":35.7942171341,"HOLDER_PROFIT_SQ":1166426000,"HOLDER_PROFIT_QOQ_SQ":1.276117478439,"ROE_AVG_SQ":1.997884420475,"PE_TTM_SQ":3.87744591067,"PB_TTM_SQ":0.158638866615,"ROA_SQ":0.202840995935,"START_DATE":"2023-01-01 00:00:00","FISCAL_YEAR":"12-31","CURRENCY":"HKD","IS_CNY_CODE":0,"DPS_HKD_LY":null,"ORG_TYPE":"银行","PREMIUM_INCOME":null,"PREMIUM_INCOME_YOY":null,"NET_INTEREST_INCOME":2945535000,"NET_INTEREST_INCOME_YOY":-4.338352736076,"FEE_COMMISSION_INCOME":161462000,"FEE_COMMISSION_INCOME_YOY":null,"ACCOUNTS_RECE_TDAYS":null,"INVENTORY_TDAYS":null,"CURRENT_ASSETS_TDAYS":null,"TOTAL_ASSETS_TDAYS":0.005500557426,"PREMIUM_EXPENSE":null,"LOAN_DEPOSIT":94.649748985003,"LOAN_EQUITY":6.26836796634,"LOAN_ASSETS":55.684412290193,"DEPOSIT_EQUITY":6.622698986062,"DEPOSIT_ASSETS":58.832076035422,"EQUITY_MULTIPLIER":11.256952724342,"EQUITY_RATIO":10.632888918551},{"SECUCODE":"06196.HK","SECURITY_CODE":"06196","SECURITY_NAME_ABBR":"郑州银行","ORG_CODE":"10066057","STD_REPORT_DATE":"2022-12-31 00:00:00","REPORT_DATE":"2022-12-31 00:00:00","DATE_TYPE_CODE":"001","REPORT_TYPE":"2022年年报","PER_NETCASH_OPERATE":-3.792858797689,"PER_OI":1.842087440488,"BPS":4.484525000304,"BASIC_EPS":0.16,"DILUTED_EPS":0.16,"OPERATE_INCOME":15225843000,"OPERATE_INCOME_YOY":2.8015708696,"GROSS_PROFIT":null,"GROSS_PROFIT_YOY":null,"HOLDER_PROFIT":2422304000,"HOLDER_PROFIT_YOY":-24.9175498544,"GROSS_PROFIT_RATIO":null,"EPS_TTM":0.293060671612,"OPERATE_INCOME_QOQ":-6.031134096053,"NET_PROFIT_RATIO":17.0758886716,"ROE_AVG":4.463482479087,"GROSS_PROFIT_QOQ":null,"ROA":0.415313837042,"HOLDER_PROFIT_QOQ":-26.548392682081,"ROE_YEARLY":4.463482479087,"ROIC_YEARLY":0.439191272065,"TOTAL_ASSETS":591513618000,"TOTAL_LIABILITIES":538888382000,"TAX_EBT":7.383862383916,"OCF_SALES":-205.900041134011,"TOTAL_PARENT_EQUITY":50772566000,"DEBT_ASSET_RATIO":91.1032925703,"OPERATE_PROFIT":2909244000,"PRETAX_PROFIT":2807230000,"NETCASH_OPERATE":-31350017000,"NETCASH_INVEST":27511078000,"NETCASH_FINANCE":-7071630000,"END_CASH":10515331000,"DIVI_RATIO":null,"DIVIDEND_RATE":null,"CURRENT_RATIO":null,"COMMON_ACS":null,"CURRENTDEBT_DEBT":null,"ISSUED_COMMON_SHARES":9092091358,"HK_COMMON_SHARES":2020458000,"PER_SHARES":1000,"TOTAL_MARKET_CAP":8819328617.26,"HKSK_MARKET_CAP":1959844260,"PE_TTM":5.754664280628,"PB_TTM":0.177131467728,"REPORT_DATE_SQ":"2021-12-31 00:00:00","REPORT_TYPE_SQ":"2021年年报","OPERATE_INCOME_SQ":14810905000,"DPS_HKD":null,"OPERATE_INCOME_QOQ_SQ":5.010465663534,"NET_PROFIT_RATIO_SQ":22.9422577486,"HOLDER_PROFIT_SQ":3226192000,"HOLDER_PROFIT_QOQ_SQ":0.607632689859,"ROE_AVG_SQ":6.309716329123,"PE_TTM_SQ":3.830729694879,"PB_TTM_SQ":0.156727554969,"ROA_SQ":0.574672570175,"START_DATE":"2022-01-01 00:00:00","FISCAL_YEAR":"12-31","CURRENCY":"HKD","IS_CNY_CODE":0,"DPS_HKD_LY":null,"ORG_TYPE":"银行","PREMIUM_INCOME":null,"PREMIUM_INCOME_YOY":null,"NET_INTEREST_INCOME":12253838000,"NET_INTEREST_INCOME_YOY":2.552266235028,"FEE_COMMISSION_INCOME":790903000,"FEE_COMMISSION_INCOME_YOY":null,"ACCOUNTS_RECE_TDAYS":null,"INVENTORY_TDAYS":null,"CURRENT_ASSETS_TDAYS":null,"TOTAL_ASSETS_TDAYS":0.026105324842,"PREMIUM_EXPENSE":null,"LOAN_DEPOSIT":94.97355404014,"LOAN_EQUITY":6.16847563401,"LOAN_ASSETS":54.87912300271,"DEPOSIT_EQUITY":6.494940298225,"DEPOSIT_ASSETS":57.783583606354,"EQUITY_MULTIPLIER":11.240113355439,"EQUITY_RATIO":10.613770869883},{"SECUCODE":"06196.HK","SECURITY_CODE":"06196","SECURITY_NAME_ABBR":"郑州银行","ORG_CODE":"10066057","STD_REPORT_DATE":"2022-09-30 00:00:00","REPORT_DATE":"2022-09-30 00:00:00","DATE_TYPE_CODE":"004","REPORT_TYPE":"2022年三季报","PER_NETCASH_OPERATE":-2.751636385122,"PER_OI":1.430379676868,"BPS":4.790067904639,"BASIC_EPS":0.37,"DILUTED_EPS":0.37,"OPERATE_INCOME":11822857000,"OPERATE_INCOME_YOY":13.3468351566,"GROSS_PROFIT":null,"GROSS_PROFIT_YOY":null,"HOLDER_PROFIT":3403445000,"HOLDER_PROFIT_YOY":2.1499099289,"GROSS_PROFIT_RATIO":null,"EPS_TTM":0.398984695248,"OPERATE_INCOME_QOQ":5.00726843045,"NET_PROFIT_RATIO":29.97432854,"ROE_AVG":5.713244702049,"GROSS_PROFIT_QOQ":null,"ROA":0.58123365778,"HOLDER_PROFIT_QOQ":-0.168433186908,"ROE_YEARLY":7.617659602732,"ROIC_YEARLY":0.613919388803,"TOTAL_ASSETS":596131114000,"TOTAL_LIABILITIES":532939613000,"TAX_EBT":18.640726815403,"OCF_SALES":-192.371048723671,"TOTAL_PARENT_EQUITY":61376098000,"DEBT_ASSET_RATIO":89.3997311135,"OPERATE_PROFIT":4449223000,"PRETAX_PROFIT":4355769000,"NETCASH_OPERATE":-22743754000,"NETCASH_INVEST":20897096000,"NETCASH_FINANCE":-4008102000,"END_CASH":16202122000,"DIVI_RATIO":null,"DIVIDEND_RATE":null,"CURRENT_RATIO":null,"COMMON_ACS":null,"CURRENTDEBT_DEBT":null,"ISSUED_COMMON_SHARES":9092091358,"HK_COMMON_SHARES":2020458000,"PER_SHARES":1000,"TOTAL_MARKET_CAP":9273933185.16,"HKSK_MARKET_CAP":2060867160,"PE_TTM":6.051296460042,"PB_TTM":0.186261955756,"REPORT_DATE_SQ":"2021-09-30 00:00:00","REPORT_TYPE_SQ":"2021年三季报","OPERATE_INCOME_SQ":10430690000,"DPS_HKD":null,"OPERATE_INCOME_QOQ_SQ":1.879578379355,"NET_PROFIT_RATIO_SQ":33.1342892944,"HOLDER_PROFIT_SQ":3331814000,"HOLDER_PROFIT_QOQ_SQ":0.097453321825,"ROE_AVG_SQ":7.176692703842,"PE_TTM_SQ":3.87744591067,"PB_TTM_SQ":0.158638866615,"ROA_SQ":0.600448370024,"START_DATE":"2022-01-01 00:00:00","FISCAL_YEAR":"12-31","CURRENCY":"HKD","IS_CNY_CODE":0,"DPS_HKD_LY":null,"ORG_TYPE":"银行","PREMIUM_INCOME":null,"PREMIUM_INCOME_YOY":null,"NET_INTEREST_INCOME":9455463000,"NET_INTEREST_INCOME_YOY":8.225056347527,"FEE_COMMISSION_INCOME":547683000,"FEE_COMMISSION_INCOME_YOY":null,"ACCOUNTS_RECE_TDAYS":null,"INVENTORY_TDAYS":null,"CURRENT_ASSETS_TDAYS":null,"TOTAL_ASSETS_TDAYS":0.020190843159,"PREMIUM_EXPENSE":null,"LOAN_DEPOSIT":96.840138518837,"LOAN_EQUITY":5.208679914092,"LOAN_ASSETS":55.213407633006,"DEPOSIT_EQUITY":5.378637405685,"DEPOSIT_ASSETS":57.015002743172,"EQUITY_MULTIPLIER":9.433722962193,"EQUITY_RATIO":8.683178474461}],"count":38},"success":true,"message":"ok","code":0}