{"version":"2a1ec5e4dd2db26e87940c1f6635354f","result":{"pages":2,"data":[{"SECUCODE":"06199.HK","SECURITY_CODE":"06199","SECURITY_NAME_ABBR":"贵州银行","ORG_CODE":"10274543","STD_REPORT_DATE":"2024-06-30 00:00:00","REPORT_DATE":"2024-06-30 00:00:00","DATE_TYPE_CODE":"002","REPORT_TYPE":"2024年中报","PER_NETCASH_OPERATE":1.069161778386,"PER_OI":0.409051746592,"BPS":3.208677818314,"BASIC_EPS":0.14,"DILUTED_EPS":0.14,"OPERATE_INCOME":5967266000,"OPERATE_INCOME_YOY":-7.1957635751,"GROSS_PROFIT":null,"GROSS_PROFIT_YOY":null,"HOLDER_PROFIT":2122494000,"HOLDER_PROFIT_YOY":-3.8005790564,"GROSS_PROFIT_RATIO":null,"EPS_TTM":0.244685396382,"OPERATE_INCOME_QOQ":-4.078419785542,"NET_PROFIT_RATIO":35.5689523477,"ROE_AVG":4.627861889602,"GROSS_PROFIT_QOQ":null,"ROA":0.364305803481,"HOLDER_PROFIT_QOQ":-2.295272047247,"ROE_YEARLY":9.255723779204,"ROIC_YEARLY":0.76722124934,"TOTAL_ASSETS":588440539000,"TOTAL_LIABILITIES":538132713000,"TAX_EBT":12.925609337847,"OCF_SALES":261.37567857709,"TOTAL_PARENT_EQUITY":46808342000,"DEBT_ASSET_RATIO":91.4506525867,"OPERATE_PROFIT":2446523000,"PRETAX_PROFIT":2437564000,"NETCASH_OPERATE":15596982000,"NETCASH_INVEST":6325707000,"NETCASH_FINANCE":-8327560000,"END_CASH":74858155000,"DIVI_RATIO":0.202888731489,"DIVIDEND_RATE":5.318572815534,"CURRENT_RATIO":null,"COMMON_ACS":null,"CURRENTDEBT_DEBT":null,"ISSUED_COMMON_SHARES":14588046744,"HK_COMMON_SHARES":2200000000,"PER_SHARES":1000,"TOTAL_MARKET_CAP":15025688146.32,"HKSK_MARKET_CAP":2266000000,"PE_TTM":3.790624112754,"PB_TTM":0.292974381733,"REPORT_DATE_SQ":"2023-06-30 00:00:00","REPORT_TYPE_SQ":"2023年中报","OPERATE_INCOME_SQ":6429950000,"DPS_HKD":0.0547813,"OPERATE_INCOME_QOQ_SQ":3.460081988488,"NET_PROFIT_RATIO_SQ":34.3136105257,"HOLDER_PROFIT_SQ":2206348000,"HOLDER_PROFIT_QOQ_SQ":0.569689420557,"ROE_AVG_SQ":5.19796462754,"PE_TTM_SQ":5.798980959764,"PB_TTM_SQ":0.507989834884,"ROA_SQ":0.397827090928,"START_DATE":"2024-01-01 00:00:00","FISCAL_YEAR":"12-31","CURRENCY":"HKD","IS_CNY_CODE":0,"DPS_HKD_LY":0.0547813,"ORG_TYPE":"银行","PREMIUM_INCOME":null,"PREMIUM_INCOME_YOY":null,"NET_INTEREST_INCOME":4342575000,"NET_INTEREST_INCOME_YOY":-13.774394425742,"FEE_COMMISSION_INCOME":206435000,"FEE_COMMISSION_INCOME_YOY":null,"ACCOUNTS_RECE_TDAYS":null,"INVENTORY_TDAYS":null,"CURRENT_ASSETS_TDAYS":null,"TOTAL_ASSETS_TDAYS":0.010242241602,"PREMIUM_EXPENSE":null,"LOAN_DEPOSIT":89.840726402227,"LOAN_EQUITY":6.613113434876,"LOAN_ASSETS":56.537804238535,"DEPOSIT_EQUITY":7.360930504133,"DEPOSIT_ASSETS":62.931152165232,"EQUITY_MULTIPLIER":11.696799201824,"EQUITY_RATIO":11.49651301471},{"SECUCODE":"06199.HK","SECURITY_CODE":"06199","SECURITY_NAME_ABBR":"贵州银行","ORG_CODE":"10274543","STD_REPORT_DATE":"2023-12-31 00:00:00","REPORT_DATE":"2023-12-31 00:00:00","DATE_TYPE_CODE":"001","REPORT_TYPE":"2023年年报","PER_NETCASH_OPERATE":-0.353420926768,"PER_OI":0.777670115752,"BPS":3.079125244678,"BASIC_EPS":0.24,"DILUTED_EPS":0.24,"OPERATE_INCOME":11344688000,"OPERATE_INCOME_YOY":-5.3818956769,"GROSS_PROFIT":null,"GROSS_PROFIT_YOY":null,"HOLDER_PROFIT":3653336000,"HOLDER_PROFIT_YOY":-4.5990617464,"GROSS_PROFIT_RATIO":null,"EPS_TTM":0.250433527127,"OPERATE_INCOME_QOQ":-8.546269725871,"NET_PROFIT_RATIO":32.2030539756,"ROE_AVG":8.457831499631,"GROSS_PROFIT_QOQ":null,"ROA":0.657922453235,"HOLDER_PROFIT_QOQ":-5.139472137899,"ROE_YEARLY":8.457831499631,"ROIC_YEARLY":0.694836159893,"TOTAL_ASSETS":576786026000,"TOTAL_LIABILITIES":528368119000,"TAX_EBT":9.514494429944,"OCF_SALES":-45.446124212495,"TOTAL_PARENT_EQUITY":44918423000,"DEBT_ASSET_RATIO":91.6055686481,"OPERATE_PROFIT":4050839000,"PRETAX_PROFIT":4037482000,"NETCASH_OPERATE":-5155721000,"NETCASH_INVEST":4780256000,"NETCASH_FINANCE":6805160000,"END_CASH":61262021000,"DIVI_RATIO":0.198231883149,"DIVIDEND_RATE":4.453764227642,"CURRENT_RATIO":null,"COMMON_ACS":null,"CURRENTDEBT_DEBT":null,"ISSUED_COMMON_SHARES":14588046744,"HK_COMMON_SHARES":2200000000,"PER_SHARES":1000,"TOTAL_MARKET_CAP":17943297495.12,"HKSK_MARKET_CAP":2706000000,"PE_TTM":4.526667629793,"PB_TTM":0.349862611195,"REPORT_DATE_SQ":"2022-12-31 00:00:00","REPORT_TYPE_SQ":"2022年年报","OPERATE_INCOME_SQ":11989976000,"DPS_HKD":0.0547813,"OPERATE_INCOME_QOQ_SQ":-0.362625921242,"NET_PROFIT_RATIO_SQ":31.9388045481,"HOLDER_PROFIT_SQ":3829455000,"HOLDER_PROFIT_QOQ_SQ":1.712924745097,"ROE_AVG_SQ":9.51904198659,"PE_TTM_SQ":5.091788159793,"PB_TTM_SQ":0.44603985502,"ROA_SQ":0.738093301346,"START_DATE":"2023-01-01 00:00:00","FISCAL_YEAR":"12-31","CURRENCY":"HKD","IS_CNY_CODE":0,"DPS_HKD_LY":0.0671321,"ORG_TYPE":"银行","PREMIUM_INCOME":null,"PREMIUM_INCOME_YOY":null,"NET_INTEREST_INCOME":8750018000,"NET_INTEREST_INCOME_YOY":-13.31648275269,"FEE_COMMISSION_INCOME":338249000,"FEE_COMMISSION_INCOME_YOY":null,"ACCOUNTS_RECE_TDAYS":null,"INVENTORY_TDAYS":null,"CURRENT_ASSETS_TDAYS":null,"TOTAL_ASSETS_TDAYS":0.020430436621,"PREMIUM_EXPENSE":null,"LOAN_DEPOSIT":88.873984622631,"LOAN_EQUITY":6.539114402446,"LOAN_ASSETS":54.892146953643,"DEPOSIT_EQUITY":7.357737396621,"DEPOSIT_ASSETS":61.764021481339,"EQUITY_MULTIPLIER":11.912659215131,"EQUITY_RATIO":11.762837689115},{"SECUCODE":"06199.HK","SECURITY_CODE":"06199","SECURITY_NAME_ABBR":"贵州银行","ORG_CODE":"10274543","STD_REPORT_DATE":"2023-06-30 00:00:00","REPORT_DATE":"2023-06-30 00:00:00","DATE_TYPE_CODE":"002","REPORT_TYPE":"2023年中报","PER_NETCASH_OPERATE":0.026865351262,"PER_OI":0.440768398459,"BPS":2.976530426725,"BASIC_EPS":0.15,"DILUTED_EPS":0.15,"OPERATE_INCOME":6429950000,"OPERATE_INCOME_YOY":6.8970407244,"GROSS_PROFIT":null,"GROSS_PROFIT_YOY":null,"HOLDER_PROFIT":2206348000,"HOLDER_PROFIT_YOY":0.9986578361,"GROSS_PROFIT_RATIO":null,"EPS_TTM":0.264001827495,"OPERATE_INCOME_QOQ":3.460081988488,"NET_PROFIT_RATIO":34.3136105257,"ROE_AVG":5.19796462754,"GROSS_PROFIT_QOQ":null,"ROA":0.397827090928,"HOLDER_PROFIT_QOQ":0.569689420557,"ROE_YEARLY":10.39592925508,"ROIC_YEARLY":0.834976204164,"TOTAL_ASSETS":575418143000,"TOTAL_LIABILITIES":528496898000,"TAX_EBT":14.168519053062,"OCF_SALES":6.095117380384,"TOTAL_PARENT_EQUITY":43421765000,"DEBT_ASSET_RATIO":91.8457133181,"OPERATE_PROFIT":2579054000,"PRETAX_PROFIT":2570558000,"NETCASH_OPERATE":391913000,"NETCASH_INVEST":-1339866000,"NETCASH_FINANCE":8279051000,"END_CASH":62163586000,"DIVI_RATIO":0.188043810746,"DIVIDEND_RATE":4.453764227642,"CURRENT_RATIO":null,"COMMON_ACS":null,"CURRENTDEBT_DEBT":null,"ISSUED_COMMON_SHARES":14588046744,"HK_COMMON_SHARES":2200000000,"PER_SHARES":1000,"TOTAL_MARKET_CAP":17943297495.12,"HKSK_MARKET_CAP":2706000000,"PE_TTM":4.526667629793,"PB_TTM":0.349862611195,"REPORT_DATE_SQ":"2022-06-30 00:00:00","REPORT_TYPE_SQ":"2022年中报","OPERATE_INCOME_SQ":6015087000,"DPS_HKD":0.0547813,"OPERATE_INCOME_QOQ_SQ":2.525738119169,"NET_PROFIT_RATIO_SQ":36.3175461968,"HOLDER_PROFIT_SQ":2184532000,"HOLDER_PROFIT_QOQ_SQ":1.599128910693,"ROE_AVG_SQ":5.505773845278,"PE_TTM_SQ":5.091788159793,"PB_TTM_SQ":0.44603985502,"ROA_SQ":0.423296636391,"START_DATE":"2023-01-01 00:00:00","FISCAL_YEAR":"12-31","CURRENCY":"HKD","IS_CNY_CODE":0,"DPS_HKD_LY":0.0671321,"ORG_TYPE":"银行","PREMIUM_INCOME":null,"PREMIUM_INCOME_YOY":null,"NET_INTEREST_INCOME":5036294000,"NET_INTEREST_INCOME_YOY":-0.400254482666,"FEE_COMMISSION_INCOME":201536000,"FEE_COMMISSION_INCOME_YOY":null,"ACCOUNTS_RECE_TDAYS":null,"INVENTORY_TDAYS":null,"CURRENT_ASSETS_TDAYS":null,"TOTAL_ASSETS_TDAYS":0.011593856922,"PREMIUM_EXPENSE":null,"LOAN_DEPOSIT":85.875676176909,"LOAN_EQUITY":6.54569658158,"LOAN_ASSETS":53.375486459071,"DEPOSIT_EQUITY":7.622294080219,"DEPOSIT_ASSETS":62.154371104006,"EQUITY_MULTIPLIER":12.263488383597,"EQUITY_RATIO":12.171244029348},{"SECUCODE":"06199.HK","SECURITY_CODE":"06199","SECURITY_NAME_ABBR":"贵州银行","ORG_CODE":"10274543","STD_REPORT_DATE":"2022-12-31 00:00:00","REPORT_DATE":"2022-12-31 00:00:00","DATE_TYPE_CODE":"001","REPORT_TYPE":"2022年年报","PER_NETCASH_OPERATE":-0.292914882642,"PER_OI":0.821904139081,"BPS":2.842807041118,"BASIC_EPS":0.26,"DILUTED_EPS":0.26,"OPERATE_INCOME":11989976000,"OPERATE_INCOME_YOY":2.1539532168,"GROSS_PROFIT":null,"GROSS_PROFIT_YOY":null,"HOLDER_PROFIT":3829455000,"HOLDER_PROFIT_YOY":3.3394455306,"GROSS_PROFIT_RATIO":null,"EPS_TTM":0.262506356554,"OPERATE_INCOME_QOQ":-0.362625921242,"NET_PROFIT_RATIO":31.9388045481,"ROE_AVG":9.51904198659,"GROSS_PROFIT_QOQ":null,"ROA":0.738093301346,"HOLDER_PROFIT_QOQ":1.712924745097,"ROE_YEARLY":9.51904198659,"ROIC_YEARLY":0.784539399537,"TOTAL_ASSETS":533781331000,"TOTAL_LIABILITIES":489810809000,"TAX_EBT":10.929277084726,"OCF_SALES":-35.638570085545,"TOTAL_PARENT_EQUITY":41471002000,"DEBT_ASSET_RATIO":91.7624466338,"OPERATE_PROFIT":4297130000,"PRETAX_PROFIT":4299342000,"NETCASH_OPERATE":-4273056000,"NETCASH_INVEST":-1044070000,"NETCASH_FINANCE":11754668000,"END_CASH":54828236000,"DIVI_RATIO":0.189115076441,"DIVIDEND_RATE":4.453764227642,"CURRENT_RATIO":null,"COMMON_ACS":null,"CURRENTDEBT_DEBT":null,"ISSUED_COMMON_SHARES":14588046744,"HK_COMMON_SHARES":2200000000,"PER_SHARES":1000,"TOTAL_MARKET_CAP":17943297495.12,"HKSK_MARKET_CAP":2706000000,"PE_TTM":4.526667629793,"PB_TTM":0.349862611195,"REPORT_DATE_SQ":"2021-12-31 00:00:00","REPORT_TYPE_SQ":"2021年年报","OPERATE_INCOME_SQ":11737163000,"DPS_HKD":0.0547813,"OPERATE_INCOME_QOQ_SQ":3.086726993127,"NET_PROFIT_RATIO_SQ":31.5724080853,"HOLDER_PROFIT_SQ":3705705000,"HOLDER_PROFIT_QOQ_SQ":-4.170319397358,"ROE_AVG_SQ":9.879818147818,"PE_TTM_SQ":5.091788159793,"PB_TTM_SQ":0.44603985502,"ROA_SQ":0.771795670532,"START_DATE":"2022-01-01 00:00:00","FISCAL_YEAR":"12-31","CURRENCY":"HKD","IS_CNY_CODE":0,"DPS_HKD_LY":0.07019,"ORG_TYPE":"银行","PREMIUM_INCOME":null,"PREMIUM_INCOME_YOY":null,"NET_INTEREST_INCOME":10094212000,"NET_INTEREST_INCOME_YOY":6.093009895535,"FEE_COMMISSION_INCOME":363130000,"FEE_COMMISSION_INCOME_YOY":null,"ACCOUNTS_RECE_TDAYS":null,"INVENTORY_TDAYS":null,"CURRENT_ASSETS_TDAYS":null,"TOTAL_ASSETS_TDAYS":0.023109609511,"PREMIUM_EXPENSE":null,"LOAN_DEPOSIT":85.724095013942,"LOAN_EQUITY":6.361959473667,"LOAN_ASSETS":52.406980678011,"DEPOSIT_EQUITY":7.421436729816,"DEPOSIT_ASSETS":61.134481115826,"EQUITY_MULTIPLIER":12.139526817552,"EQUITY_RATIO":11.810922943217},{"SECUCODE":"06199.HK","SECURITY_CODE":"06199","SECURITY_NAME_ABBR":"贵州银行","ORG_CODE":"10274543","STD_REPORT_DATE":"2022-06-30 00:00:00","REPORT_DATE":"2022-06-30 00:00:00","DATE_TYPE_CODE":"002","REPORT_TYPE":"2022年中报","PER_NETCASH_OPERATE":-0.34323525883,"PER_OI":0.41232984138,"BPS":2.767086828578,"BASIC_EPS":0.15,"DILUTED_EPS":0.15,"OPERATE_INCOME":6015087000,"OPERATE_INCOME_YOY":5.1839275688,"GROSS_PROFIT":null,"GROSS_PROFIT_YOY":null,"HOLDER_PROFIT":2184532000,"HOLDER_PROFIT_YOY":2.7883006089,"GROSS_PROFIT_RATIO":null,"EPS_TTM":0.258085545383,"OPERATE_INCOME_QOQ":2.525738119169,"NET_PROFIT_RATIO":36.3175461968,"ROE_AVG":5.505773845278,"GROSS_PROFIT_QOQ":null,"ROA":0.423296636391,"HOLDER_PROFIT_QOQ":1.599128910693,"ROE_YEARLY":11.011547690556,"ROIC_YEARLY":0.906631868173,"TOTAL_ASSETS":528271669000,"TOTAL_LIABILITIES":487905277000,"TAX_EBT":13.097448774193,"OCF_SALES":-83.242885763747,"TOTAL_PARENT_EQUITY":40366392000,"DEBT_ASSET_RATIO":92.358781595,"OPERATE_PROFIT":2508663000,"PRETAX_PROFIT":2513772000,"NETCASH_OPERATE":-5007132000,"NETCASH_INVEST":-7496564000,"NETCASH_FINANCE":1029395000,"END_CASH":36909281000,"DIVI_RATIO":0.192354475383,"DIVIDEND_RATE":4.453764227642,"CURRENT_RATIO":null,"COMMON_ACS":null,"CURRENTDEBT_DEBT":null,"ISSUED_COMMON_SHARES":14588046744,"HK_COMMON_SHARES":2200000000,"PER_SHARES":1000,"TOTAL_MARKET_CAP":17943297495.12,"HKSK_MARKET_CAP":2706000000,"PE_TTM":4.526667629793,"PB_TTM":0.349862611195,"REPORT_DATE_SQ":"2021-06-30 00:00:00","REPORT_TYPE_SQ":"2021年中报","OPERATE_INCOME_SQ":5718637000,"DPS_HKD":0.0547813,"OPERATE_INCOME_QOQ_SQ":1.227860633884,"NET_PROFIT_RATIO_SQ":37.1639780598,"HOLDER_PROFIT_SQ":2125273000,"HOLDER_PROFIT_QOQ_SQ":5.347998440609,"ROE_AVG_SQ":5.798065989093,"PE_TTM_SQ":5.091788159793,"PB_TTM_SQ":0.44603985502,"ROA_SQ":0.446388789794,"START_DATE":"2022-01-01 00:00:00","FISCAL_YEAR":"12-31","CURRENCY":"HKD","IS_CNY_CODE":0,"DPS_HKD_LY":0.07019,"ORG_TYPE":"银行","PREMIUM_INCOME":null,"PREMIUM_INCOME_YOY":null,"NET_INTEREST_INCOME":5056533000,"NET_INTEREST_INCOME_YOY":7.551071802767,"FEE_COMMISSION_INCOME":251444000,"FEE_COMMISSION_INCOME_YOY":null,"ACCOUNTS_RECE_TDAYS":null,"INVENTORY_TDAYS":null,"CURRENT_ASSETS_TDAYS":null,"TOTAL_ASSETS_TDAYS":0.011655430521,"PREMIUM_EXPENSE":null,"LOAN_DEPOSIT":81.843086388672,"LOAN_EQUITY":6.576749415702,"LOAN_ASSETS":50.2543786803,"DEPOSIT_EQUITY":8.035803274169,"DEPOSIT_ASSETS":61.403327877498,"EQUITY_MULTIPLIER":13.086918171919,"EQUITY_RATIO":12.086918171929},{"SECUCODE":"06199.HK","SECURITY_CODE":"06199","SECURITY_NAME_ABBR":"贵州银行","ORG_CODE":"10274543","STD_REPORT_DATE":"2021-12-31 00:00:00","REPORT_DATE":"2021-12-31 00:00:00","DATE_TYPE_CODE":"001","REPORT_TYPE":"2021年年报","PER_NETCASH_OPERATE":-0.044515555194,"PER_OI":0.804573991705,"BPS":2.672587405578,"BASIC_EPS":0.25,"DILUTED_EPS":0.25,"OPERATE_INCOME":11737163000,"OPERATE_INCOME_YOY":4.3524883326,"GROSS_PROFIT":null,"GROSS_PROFIT_YOY":null,"HOLDER_PROFIT":3705705000,"HOLDER_PROFIT_YOY":0.9546504269,"GROSS_PROFIT_RATIO":null,"EPS_TTM":0.25402338401,"OPERATE_INCOME_QOQ":3.086726993127,"NET_PROFIT_RATIO":31.5724080853,"ROE_AVG":9.879818147818,"GROSS_PROFIT_QOQ":null,"ROA":0.771795670532,"HOLDER_PROFIT_QOQ":-4.170319397358,"ROE_YEARLY":9.879818147818,"ROIC_YEARLY":0.845617112655,"TOTAL_ASSETS":503880166000,"TOTAL_LIABILITIES":464892336000,"TAX_EBT":11.56799843072,"OCF_SALES":-5.5328106119,"TOTAL_PARENT_EQUITY":38987830000,"DEBT_ASSET_RATIO":92.2624797262,"OPERATE_PROFIT":4107217000,"PRETAX_PROFIT":4190457000,"NETCASH_OPERATE":-649395000,"NETCASH_INVEST":6832545000,"NETCASH_FINANCE":13475823000,"END_CASH":48374278000,"DIVI_RATIO":0.195430471409,"DIVIDEND_RATE":4.453764227642,"CURRENT_RATIO":null,"COMMON_ACS":null,"CURRENTDEBT_DEBT":null,"ISSUED_COMMON_SHARES":14588046744,"HK_COMMON_SHARES":2200000000,"PER_SHARES":1000,"TOTAL_MARKET_CAP":17943297495.12,"HKSK_MARKET_CAP":2706000000,"PE_TTM":4.526667629793,"PB_TTM":0.349862611195,"REPORT_DATE_SQ":"2020-12-31 00:00:00","REPORT_TYPE_SQ":"2020年年报","OPERATE_INCOME_SQ":11247612000,"DPS_HKD":0.0547813,"OPERATE_INCOME_QOQ_SQ":0.060262411041,"NET_PROFIT_RATIO_SQ":32.6350428873,"HOLDER_PROFIT_SQ":3670663000,"HOLDER_PROFIT_QOQ_SQ":-0.869677703703,"ROE_AVG_SQ":10.500049029519,"PE_TTM_SQ":5.091788159793,"PB_TTM_SQ":0.44603985502,"ROA_SQ":0.847933795548,"START_DATE":"2021-01-01 00:00:00","FISCAL_YEAR":"12-31","CURRENCY":"HKD","IS_CNY_CODE":0,"DPS_HKD_LY":0.084803,"ORG_TYPE":"银行","PREMIUM_INCOME":null,"PREMIUM_INCOME_YOY":null,"NET_INTEREST_INCOME":9514493000,"NET_INTEREST_INCOME_YOY":-5.996135904325,"FEE_COMMISSION_INCOME":null,"FEE_COMMISSION_INCOME_YOY":null,"ACCOUNTS_RECE_TDAYS":null,"INVENTORY_TDAYS":null,"CURRENT_ASSETS_TDAYS":null,"TOTAL_ASSETS_TDAYS":0.024445258292,"PREMIUM_EXPENSE":null,"LOAN_DEPOSIT":78.172932145491,"LOAN_EQUITY":6.125879332089,"LOAN_ASSETS":47.399115527004,"DEPOSIT_EQUITY":7.836317717606,"DEPOSIT_ASSETS":60.633667212057,"EQUITY_MULTIPLIER":12.924037218824,"EQUITY_RATIO":11.924037218794},{"SECUCODE":"06199.HK","SECURITY_CODE":"06199","SECURITY_NAME_ABBR":"贵州银行","ORG_CODE":"10274543","STD_REPORT_DATE":"2021-09-30 00:00:00","REPORT_DATE":"2021-09-30 00:00:00","DATE_TYPE_CODE":"004","REPORT_TYPE":"2021年三季报","PER_NETCASH_OPERATE":-0.589255323269,"PER_OI":0.593171865422,"BPS":2.651317402442,"BASIC_EPS":null,"DILUTED_EPS":null,"OPERATE_INCOME":8653218900,"OPERATE_INCOME_YOY":null,"GROSS_PROFIT":null,"GROSS_PROFIT_YOY":null,"HOLDER_PROFIT":3013289500,"HOLDER_PROFIT_YOY":null,"GROSS_PROFIT_RATIO":null,"EPS_TTM":0.265077982533,"OPERATE_INCOME_QOQ":0,"NET_PROFIT_RATIO":34.8227582686,"ROE_AVG":8.067130204821,"GROSS_PROFIT_QOQ":null,"ROA":0.637155765624,"HOLDER_PROFIT_QOQ":0,"ROE_YEARLY":10.756173606429,"ROIC_YEARLY":0.671874458069,"TOTAL_ASSETS":489455265800,"TOTAL_LIABILITIES":450777723600,"TAX_EBT":15.029781412914,"OCF_SALES":-99.339728941793,"TOTAL_PARENT_EQUITY":38677542200,"DEBT_ASSET_RATIO":92.0978391893,"OPERATE_PROFIT":null,"PRETAX_PROFIT":3546289100,"NETCASH_OPERATE":-8596084200,"NETCASH_INVEST":4273224500,"NETCASH_FINANCE":12711474500,"END_CASH":37108374500,"DIVI_RATIO":0.187280396552,"DIVIDEND_RATE":4.453764227642,"CURRENT_RATIO":null,"COMMON_ACS":null,"CURRENTDEBT_DEBT":null,"ISSUED_COMMON_SHARES":14588046744,"HK_COMMON_SHARES":2200000000,"PER_SHARES":1000,"TOTAL_MARKET_CAP":17943297495.12,"HKSK_MARKET_CAP":2706000000,"PE_TTM":4.526667629793,"PB_TTM":0.349862611195,"REPORT_DATE_SQ":"2020-09-30 00:00:00","REPORT_TYPE_SQ":"2020年三季报","OPERATE_INCOME_SQ":null,"DPS_HKD":0.0547813,"OPERATE_INCOME_QOQ_SQ":0,"NET_PROFIT_RATIO_SQ":null,"HOLDER_PROFIT_SQ":null,"HOLDER_PROFIT_QOQ_SQ":0,"ROE_AVG_SQ":null,"PE_TTM_SQ":5.091788159793,"PB_TTM_SQ":0.44603985502,"ROA_SQ":null,"START_DATE":"2021-01-01 00:00:00","FISCAL_YEAR":"12-31","CURRENCY":"HKD","IS_CNY_CODE":0,"DPS_HKD_LY":0.084803,"ORG_TYPE":"银行","PREMIUM_INCOME":null,"PREMIUM_INCOME_YOY":null,"NET_INTEREST_INCOME":6958155700,"NET_INTEREST_INCOME_YOY":null,"FEE_COMMISSION_INCOME":338659600,"FEE_COMMISSION_INCOME_YOY":null,"ACCOUNTS_RECE_TDAYS":null,"INVENTORY_TDAYS":null,"CURRENT_ASSETS_TDAYS":null,"TOTAL_ASSETS_TDAYS":0.018297107906,"PREMIUM_EXPENSE":null,"LOAN_DEPOSIT":74.159527039365,"LOAN_EQUITY":6.063680571719,"LOAN_ASSETS":47.9161789825,"DEPOSIT_EQUITY":8.17653619676,"DEPOSIT_ASSETS":64.612303901379,"EQUITY_MULTIPLIER":12.65476651204,"EQUITY_RATIO":11.654766512025},{"SECUCODE":"06199.HK","SECURITY_CODE":"06199","SECURITY_NAME_ABBR":"贵州银行","ORG_CODE":"10274543","STD_REPORT_DATE":"2021-06-30 00:00:00","REPORT_DATE":"2021-06-30 00:00:00","DATE_TYPE_CODE":"002","REPORT_TYPE":"2021年中报","PER_NETCASH_OPERATE":0.605232774129,"PER_OI":0.392008409375,"BPS":2.555647075599,"BASIC_EPS":0.15,"DILUTED_EPS":0.15,"OPERATE_INCOME":5718637000,"OPERATE_INCOME_YOY":2.4747640548,"GROSS_PROFIT":null,"GROSS_PROFIT_YOY":null,"HOLDER_PROFIT":2125273000,"HOLDER_PROFIT_YOY":10.1767993837,"GROSS_PROFIT_RATIO":null,"EPS_TTM":0.265077982533,"OPERATE_INCOME_QOQ":1.227860633884,"NET_PROFIT_RATIO":37.1639780598,"ROE_AVG":5.798065989093,"GROSS_PROFIT_QOQ":null,"ROA":0.446388789794,"HOLDER_PROFIT_QOQ":5.347998440609,"ROE_YEARLY":11.596131978186,"ROIC_YEARLY":0.993490585963,"TOTAL_ASSETS":495805957000,"TOTAL_LIABILITIES":458524058000,"TAX_EBT":17.192230395003,"OCF_SALES":154.392803739772,"TOTAL_PARENT_EQUITY":37281899000,"DEBT_ASSET_RATIO":92.4805463763,"OPERATE_PROFIT":2551895000,"PRETAX_PROFIT":2566514000,"NETCASH_OPERATE":8829164000,"NETCASH_INVEST":5815508000,"NETCASH_FINANCE":-493743000,"END_CASH":42870689000,"DIVI_RATIO":0.187280396552,"DIVIDEND_RATE":4.453764227642,"CURRENT_RATIO":null,"COMMON_ACS":null,"CURRENTDEBT_DEBT":null,"ISSUED_COMMON_SHARES":14588046744,"HK_COMMON_SHARES":2200000000,"PER_SHARES":1000,"TOTAL_MARKET_CAP":17943297495.12,"HKSK_MARKET_CAP":2706000000,"PE_TTM":4.526667629793,"PB_TTM":0.349862611195,"REPORT_DATE_SQ":"2020-06-30 00:00:00","REPORT_TYPE_SQ":"2020年中报","OPERATE_INCOME_SQ":5580532000,"DPS_HKD":0.0547813,"OPERATE_INCOME_QOQ_SQ":5.000323664589,"NET_PROFIT_RATIO_SQ":34.5659876155,"HOLDER_PROFIT_SQ":1928966000,"HOLDER_PROFIT_QOQ_SQ":3.906935526823,"ROE_AVG_SQ":5.631711679307,"PE_TTM_SQ":5.091788159793,"PB_TTM_SQ":0.44603985502,"ROA_SQ":0.462772262519,"START_DATE":"2021-01-01 00:00:00","FISCAL_YEAR":"12-31","CURRENCY":"HKD","IS_CNY_CODE":0,"DPS_HKD_LY":0.084803,"ORG_TYPE":"银行","PREMIUM_INCOME":null,"PREMIUM_INCOME_YOY":null,"NET_INTEREST_INCOME":4701518000,"NET_INTEREST_INCOME_YOY":-3.729719380834,"FEE_COMMISSION_INCOME":233448000,"FEE_COMMISSION_INCOME_YOY":null,"ACCOUNTS_RECE_TDAYS":null,"INVENTORY_TDAYS":null,"CURRENT_ASSETS_TDAYS":null,"TOTAL_ASSETS_TDAYS":0.012011329602,"PREMIUM_EXPENSE":null,"LOAN_DEPOSIT":67.626034647174,"LOAN_EQUITY":6.001169763375,"LOAN_ASSETS":45.125517723459,"DEPOSIT_EQUITY":8.874052418843,"DEPOSIT_ASSETS":66.72802561749,"EQUITY_MULTIPLIER":13.298838586466,"EQUITY_RATIO":12.298838586522},{"SECUCODE":"06199.HK","SECURITY_CODE":"06199","SECURITY_NAME_ABBR":"贵州银行","ORG_CODE":"10274543","STD_REPORT_DATE":"2020-12-31 00:00:00","REPORT_DATE":"2020-12-31 00:00:00","DATE_TYPE_CODE":"001","REPORT_TYPE":"2020年年报","PER_NETCASH_OPERATE":2.280545612707,"PER_OI":0.771015626518,"BPS":2.469681008859,"BASIC_EPS":0.25,"DILUTED_EPS":0.25,"OPERATE_INCOME":11247612000,"OPERATE_INCOME_YOY":5.0635993912,"GROSS_PROFIT":null,"GROSS_PROFIT_YOY":null,"HOLDER_PROFIT":3670663000,"HOLDER_PROFIT_YOY":3.0032800759,"GROSS_PROFIT_RATIO":null,"EPS_TTM":0.251621280382,"OPERATE_INCOME_QOQ":0.060262411041,"NET_PROFIT_RATIO":32.6350428873,"ROE_AVG":10.500049029519,"GROSS_PROFIT_QOQ":null,"ROA":0.847933795548,"HOLDER_PROFIT_QOQ":-0.869677703703,"ROE_YEARLY":10.500049029519,"ROIC_YEARLY":0.974310152222,"TOTAL_ASSETS":456401199000,"TOTAL_LIABILITIES":420373377000,"TAX_EBT":15.719687011443,"OCF_SALES":295.78461632567,"TOTAL_PARENT_EQUITY":36027822000,"DEBT_ASSET_RATIO":92.1061070657,"OPERATE_PROFIT":4460083000,"PRETAX_PROFIT":4355303000,"NETCASH_OPERATE":33268706000,"NETCASH_INVEST":-28570860000,"NETCASH_FINANCE":-31670356000,"END_CASH":28719904000,"DIVI_RATIO":0.197296149239,"DIVIDEND_RATE":4.453764227642,"CURRENT_RATIO":null,"COMMON_ACS":null,"CURRENTDEBT_DEBT":null,"ISSUED_COMMON_SHARES":14588046744,"HK_COMMON_SHARES":2200000000,"PER_SHARES":1000,"TOTAL_MARKET_CAP":17943297495.12,"HKSK_MARKET_CAP":2706000000,"PE_TTM":4.526667629793,"PB_TTM":0.349862611195,"REPORT_DATE_SQ":"2019-12-31 00:00:00","REPORT_TYPE_SQ":"2019年年报","OPERATE_INCOME_SQ":10705527000,"DPS_HKD":0.0547813,"OPERATE_INCOME_QOQ_SQ":10.51876223015,"NET_PROFIT_RATIO_SQ":33.2878241305,"HOLDER_PROFIT_SQ":3563637000,"HOLDER_PROFIT_QOQ_SQ":11.204217203584,"ROE_AVG_SQ":12.009264048795,"PE_TTM_SQ":5.091788159793,"PB_TTM_SQ":0.44603985502,"ROA_SQ":0.949554091713,"START_DATE":"2020-01-01 00:00:00","FISCAL_YEAR":"12-31","CURRENCY":"HKD","IS_CNY_CODE":0,"DPS_HKD_LY":0.076462,"ORG_TYPE":"银行","PREMIUM_INCOME":null,"PREMIUM_INCOME_YOY":null,"NET_INTEREST_INCOME":10121385000,"NET_INTEREST_INCOME_YOY":2.536997671655,"FEE_COMMISSION_INCOME":362523000,"FEE_COMMISSION_INCOME_YOY":null,"ACCOUNTS_RECE_TDAYS":null,"INVENTORY_TDAYS":null,"CURRENT_ASSETS_TDAYS":null,"TOTAL_ASSETS_TDAYS":0.025982309828,"PREMIUM_EXPENSE":null,"LOAN_DEPOSIT":71.34005897231,"LOAN_EQUITY":5.723445730358,"LOAN_ASSETS":45.180267810821,"DEPOSIT_EQUITY":8.022765628186,"DEPOSIT_ASSETS":63.33085290602,"EQUITY_MULTIPLIER":12.668020814608,"EQUITY_RATIO":11.66802081458}],"count":18},"success":true,"message":"ok","code":0}