{"version":"b4d35bbd41241ec692ea45f4b113109c","result":{"pages":2,"data":[{"SECUCODE":"06193.HK","SECURITY_CODE":"06193","SECURITY_NAME_ABBR":"泰林科建","ORG_CODE":"10000016346","STD_REPORT_DATE":"2024-06-30 00:00:00","REPORT_DATE":"2024-06-30 00:00:00","DATE_TYPE_CODE":"002","REPORT_TYPE":"2024年中报","PER_NETCASH_OPERATE":0.009195,"PER_OI":0.172725,"BPS":0.5071525,"BASIC_EPS":-0.01,"DILUTED_EPS":-0.01,"OPERATE_INCOME":69090000,"OPERATE_INCOME_YOY":-44.9043062201,"GROSS_PROFIT":6325000,"GROSS_PROFIT_YOY":-59.499263622975,"HOLDER_PROFIT":-4181000,"HOLDER_PROFIT_YOY":-346.0859329017,"GROSS_PROFIT_RATIO":9.154725720075,"EPS_TTM":-0.0587925,"OPERATE_INCOME_QOQ":-22.980765699034,"NET_PROFIT_RATIO":-6.0515269938,"ROE_AVG":-2.039905250036,"GROSS_PROFIT_QOQ":-28.079294089206,"ROA":-1.528861325586,"HOLDER_PROFIT_QOQ":-33.339003231842,"ROE_YEARLY":-4.079810500072,"ROIC_YEARLY":-3.515025662798,"TOTAL_ASSETS":257564000,"TOTAL_LIABILITIES":54703000,"TAX_EBT":-14.54794520548,"OCF_SALES":5.323491098567,"TOTAL_PARENT_EQUITY":202861000,"DEBT_ASSET_RATIO":21.238604774,"OPERATE_PROFIT":-3852000,"PRETAX_PROFIT":-3650000,"NETCASH_OPERATE":3678000,"NETCASH_INVEST":-15530000,"NETCASH_FINANCE":-5223000,"END_CASH":27096000,"DIVI_RATIO":null,"DIVIDEND_RATE":null,"CURRENT_RATIO":2.531697794236,"COMMON_ACS":1000000000,"CURRENTDEBT_DEBT":90.832312670238,"ISSUED_COMMON_SHARES":400000000,"HK_COMMON_SHARES":400000000,"PER_SHARES":2000,"TOTAL_MARKET_CAP":80000000,"HKSK_MARKET_CAP":80000000,"PE_TTM":-3.090479724855,"PB_TTM":0.359923297233,"REPORT_DATE_SQ":"2023-06-30 00:00:00","REPORT_TYPE_SQ":"2023年中报","OPERATE_INCOME_SQ":125400000,"DPS_HKD":null,"OPERATE_INCOME_QOQ_SQ":-6.825379792436,"NET_PROFIT_RATIO_SQ":1.3548644338,"HOLDER_PROFIT_SQ":1699000,"HOLDER_PROFIT_QOQ_SQ":-2.64390896921,"ROE_AVG_SQ":0.752360814356,"PE_TTM_SQ":16.642416331943,"PB_TTM_SQ":0.653055731406,"ROA_SQ":0.454838718313,"START_DATE":"2024-01-01 00:00:00","FISCAL_YEAR":"12-31","CURRENCY":"HKD","IS_CNY_CODE":0,"DPS_HKD_LY":null,"ORG_TYPE":"一般企业","PREMIUM_INCOME":null,"PREMIUM_INCOME_YOY":null,"NET_INTEREST_INCOME":null,"NET_INTEREST_INCOME_YOY":null,"FEE_COMMISSION_INCOME":null,"FEE_COMMISSION_INCOME_YOY":null,"ACCOUNTS_RECE_TDAYS":0.805362086551,"INVENTORY_TDAYS":4.288691492996,"CURRENT_ASSETS_TDAYS":0.473253213416,"TOTAL_ASSETS_TDAYS":0.252640585948,"PREMIUM_EXPENSE":null,"LOAN_DEPOSIT":null,"LOAN_EQUITY":null,"LOAN_ASSETS":null,"DEPOSIT_EQUITY":null,"DEPOSIT_ASSETS":null,"EQUITY_MULTIPLIER":1.269657548766,"EQUITY_RATIO":0.269657548765},{"SECUCODE":"06193.HK","SECURITY_CODE":"06193","SECURITY_NAME_ABBR":"泰林科建","ORG_CODE":"10000016346","STD_REPORT_DATE":"2023-12-31 00:00:00","REPORT_DATE":"2023-12-31 00:00:00","DATE_TYPE_CODE":"001","REPORT_TYPE":"2023年年报","PER_NETCASH_OPERATE":0.1302775,"PER_OI":0.6125775,"BPS":0.51765,"BASIC_EPS":-0.04,"DILUTED_EPS":-0.04,"OPERATE_INCOME":245031000,"OPERATE_INCOME_YOY":-24.8751398832,"GROSS_PROFIT":33092000,"GROSS_PROFIT_YOY":-22.804889428012,"HOLDER_PROFIT":-17637000,"HOLDER_PROFIT_YOY":-296.7536813922,"GROSS_PROFIT_RATIO":13.505229950496,"EPS_TTM":-0.0440925,"OPERATE_INCOME_QOQ":-19.371970661691,"NET_PROFIT_RATIO":-7.19786476,"ROE_AVG":-8.149845893655,"GROSS_PROFIT_QOQ":-25.938856810349,"ROA":-5.09464537952,"HOLDER_PROFIT_QOQ":-302.096940529392,"ROE_YEARLY":-8.149845893655,"ROIC_YEARLY":-5.829247373666,"TOTAL_ASSETS":289379000,"TOTAL_LIABILITIES":82319000,"TAX_EBT":-49.542140071223,"OCF_SALES":21.267104978554,"TOTAL_PARENT_EQUITY":207060000,"DEBT_ASSET_RATIO":28.4467774096,"OPERATE_PROFIT":-10949000,"PRETAX_PROFIT":-11794000,"NETCASH_OPERATE":52111000,"NETCASH_INVEST":-1849000,"NETCASH_FINANCE":-49387000,"END_CASH":44061000,"DIVI_RATIO":null,"DIVIDEND_RATE":null,"CURRENT_RATIO":2.153284009485,"COMMON_ACS":1000000000,"CURRENTDEBT_DEBT":93.753568434991,"ISSUED_COMMON_SHARES":400000000,"HK_COMMON_SHARES":400000000,"PER_SHARES":2000,"TOTAL_MARKET_CAP":66000000,"HKSK_MARKET_CAP":66000000,"PE_TTM":-2.549645773006,"PB_TTM":0.296936720217,"REPORT_DATE_SQ":"2022-12-31 00:00:00","REPORT_TYPE_SQ":"2022年年报","OPERATE_INCOME_SQ":326165000,"DPS_HKD":null,"OPERATE_INCOME_QOQ_SQ":-23.031814727939,"NET_PROFIT_RATIO_SQ":2.7483022397,"HOLDER_PROFIT_SQ":8964000,"HOLDER_PROFIT_QOQ_SQ":388.138862102218,"ROE_AVG_SQ":4.020370955915,"PE_TTM_SQ":16.434386127793,"PB_TTM_SQ":0.644892534763,"ROA_SQ":2.132506087182,"START_DATE":"2023-01-01 00:00:00","FISCAL_YEAR":"12-31","CURRENCY":"HKD","IS_CNY_CODE":0,"DPS_HKD_LY":null,"ORG_TYPE":"一般企业","PREMIUM_INCOME":null,"PREMIUM_INCOME_YOY":null,"NET_INTEREST_INCOME":null,"NET_INTEREST_INCOME_YOY":null,"FEE_COMMISSION_INCOME":null,"FEE_COMMISSION_INCOME_YOY":null,"ACCOUNTS_RECE_TDAYS":1.808373555329,"INVENTORY_TDAYS":12.442846239652,"CURRENT_ASSETS_TDAYS":1.128613408995,"TOTAL_ASSETS_TDAYS":0.707799541866,"PREMIUM_EXPENSE":null,"LOAN_DEPOSIT":null,"LOAN_EQUITY":null,"LOAN_ASSETS":null,"DEPOSIT_EQUITY":null,"DEPOSIT_ASSETS":null,"EQUITY_MULTIPLIER":1.397561093404,"EQUITY_RATIO":0.397561093403},{"SECUCODE":"06193.HK","SECURITY_CODE":"06193","SECURITY_NAME_ABBR":"泰林科建","ORG_CODE":"10000016346","STD_REPORT_DATE":"2023-06-30 00:00:00","REPORT_DATE":"2023-06-30 00:00:00","DATE_TYPE_CODE":"002","REPORT_TYPE":"2023年中报","PER_NETCASH_OPERATE":0.024755,"PER_OI":0.3135,"BPS":0.5647175,"BASIC_EPS":0.004,"DILUTED_EPS":0.004,"OPERATE_INCOME":125400000,"OPERATE_INCOME_YOY":-15.0763229538,"GROSS_PROFIT":15617000,"GROSS_PROFIT_YOY":13.14207056437,"HOLDER_PROFIT":1699000,"HOLDER_PROFIT_YOY":-12.2417355372,"GROSS_PROFIT_RATIO":12.45374800638,"EPS_TTM":0.0218175,"OPERATE_INCOME_QOQ":-6.825379792436,"NET_PROFIT_RATIO":1.3548644338,"ROE_AVG":0.752360814356,"GROSS_PROFIT_QOQ":4.231594662685,"ROA":0.454838718313,"HOLDER_PROFIT_QOQ":-2.64390896921,"ROE_YEARLY":1.504721628713,"ROIC_YEARLY":1.002549153823,"TOTAL_ASSETS":344083000,"TOTAL_LIABILITIES":118196000,"TAX_EBT":4.443194600675,"OCF_SALES":7.896331738437,"TOTAL_PARENT_EQUITY":225887000,"DEBT_ASSET_RATIO":34.3510141448,"OPERATE_PROFIT":2384000,"PRETAX_PROFIT":1778000,"NETCASH_OPERATE":9902000,"NETCASH_INVEST":-1674000,"NETCASH_FINANCE":-24489000,"END_CASH":26014000,"DIVI_RATIO":null,"DIVIDEND_RATE":null,"CURRENT_RATIO":1.82739535318,"COMMON_ACS":1000000000,"CURRENTDEBT_DEBT":99.665809333649,"ISSUED_COMMON_SHARES":400000000,"HK_COMMON_SHARES":400000000,"PER_SHARES":2000,"TOTAL_MARKET_CAP":66000000,"HKSK_MARKET_CAP":66000000,"PE_TTM":-2.549645773006,"PB_TTM":0.296936720217,"REPORT_DATE_SQ":"2022-06-30 00:00:00","REPORT_TYPE_SQ":"2022年中报","OPERATE_INCOME_SQ":147662000,"DPS_HKD":null,"OPERATE_INCOME_QOQ_SQ":-13.228850138829,"NET_PROFIT_RATIO_SQ":1.3111023825,"HOLDER_PROFIT_SQ":1936000,"HOLDER_PROFIT_QOQ_SQ":-281.611208406305,"ROE_AVG_SQ":0.878371021016,"PE_TTM_SQ":16.434386127793,"PB_TTM_SQ":0.644892534763,"ROA_SQ":0.473993986936,"START_DATE":"2023-01-01 00:00:00","FISCAL_YEAR":"12-31","CURRENCY":"HKD","IS_CNY_CODE":0,"DPS_HKD_LY":null,"ORG_TYPE":"一般企业","PREMIUM_INCOME":null,"PREMIUM_INCOME_YOY":null,"NET_INTEREST_INCOME":null,"NET_INTEREST_INCOME_YOY":null,"FEE_COMMISSION_INCOME":null,"FEE_COMMISSION_INCOME_YOY":null,"ACCOUNTS_RECE_TDAYS":null,"INVENTORY_TDAYS":5.833625591158,"CURRENT_ASSETS_TDAYS":0.518931266436,"TOTAL_ASSETS_TDAYS":0.335707918049,"PREMIUM_EXPENSE":null,"LOAN_DEPOSIT":null,"LOAN_EQUITY":null,"LOAN_ASSETS":null,"DEPOSIT_EQUITY":null,"DEPOSIT_ASSETS":null,"EQUITY_MULTIPLIER":1.52325277683,"EQUITY_RATIO":0.523252776831},{"SECUCODE":"06193.HK","SECURITY_CODE":"06193","SECURITY_NAME_ABBR":"泰林科建","ORG_CODE":"10000016346","STD_REPORT_DATE":"2022-12-31 00:00:00","REPORT_DATE":"2022-12-31 00:00:00","DATE_TYPE_CODE":"001","REPORT_TYPE":"2022年年报","PER_NETCASH_OPERATE":0.05497,"PER_OI":0.8154125,"BPS":0.564395,"BASIC_EPS":0.02,"DILUTED_EPS":0.02,"OPERATE_INCOME":326165000,"OPERATE_INCOME_YOY":-33.2138206122,"GROSS_PROFIT":42868000,"GROSS_PROFIT_YOY":-17.494899726702,"HOLDER_PROFIT":8964000,"HOLDER_PROFIT_YOY":423.292469352,"GROSS_PROFIT_RATIO":13.14304109883,"EPS_TTM":0.02241,"OPERATE_INCOME_QOQ":-23.031814727939,"NET_PROFIT_RATIO":2.7483022397,"ROE_AVG":4.020370955915,"GROSS_PROFIT_QOQ":4.053594834701,"ROA":2.132506087182,"HOLDER_PROFIT_QOQ":388.138862102218,"ROE_YEARLY":4.020370955915,"ROIC_YEARLY":2.354575912352,"TOTAL_ASSETS":402995000,"TOTAL_LIABILITIES":177237000,"TAX_EBT":28.687350835322,"OCF_SALES":6.74137323134,"TOTAL_PARENT_EQUITY":225758000,"DEBT_ASSET_RATIO":43.9799501235,"OPERATE_PROFIT":14741000,"PRETAX_PROFIT":12570000,"NETCASH_OPERATE":21988000,"NETCASH_INVEST":-9743000,"NETCASH_FINANCE":-5013000,"END_CASH":43192000,"DIVI_RATIO":null,"DIVIDEND_RATE":null,"CURRENT_RATIO":1.538892588935,"COMMON_ACS":1000000000,"CURRENTDEBT_DEBT":98.270677115952,"ISSUED_COMMON_SHARES":400000000,"HK_COMMON_SHARES":400000000,"PER_SHARES":2000,"TOTAL_MARKET_CAP":66000000,"HKSK_MARKET_CAP":66000000,"PE_TTM":-2.549645773006,"PB_TTM":0.296936720217,"REPORT_DATE_SQ":"2021-12-31 00:00:00","REPORT_TYPE_SQ":"2021年年报","OPERATE_INCOME_SQ":488372000,"DPS_HKD":null,"OPERATE_INCOME_QOQ_SQ":4.738599587799,"NET_PROFIT_RATIO_SQ":0.3507572097,"HOLDER_PROFIT_SQ":1713000,"HOLDER_PROFIT_QOQ_SQ":-88.289581624282,"ROE_AVG_SQ":0.768238947876,"PE_TTM_SQ":16.434386127793,"PB_TTM_SQ":0.644892534763,"ROA_SQ":0.43062164873,"START_DATE":"2022-01-01 00:00:00","FISCAL_YEAR":"12-31","CURRENCY":"HKD","IS_CNY_CODE":0,"DPS_HKD_LY":null,"ORG_TYPE":"一般企业","PREMIUM_INCOME":null,"PREMIUM_INCOME_YOY":null,"NET_INTEREST_INCOME":null,"NET_INTEREST_INCOME_YOY":null,"FEE_COMMISSION_INCOME":null,"FEE_COMMISSION_INCOME_YOY":null,"ACCOUNTS_RECE_TDAYS":1.831677608118,"INVENTORY_TDAYS":13.641362706151,"CURRENT_ASSETS_TDAYS":1.156500695854,"TOTAL_ASSETS_TDAYS":0.775935796437,"PREMIUM_EXPENSE":null,"LOAN_DEPOSIT":null,"LOAN_EQUITY":null,"LOAN_ASSETS":null,"DEPOSIT_EQUITY":null,"DEPOSIT_ASSETS":null,"EQUITY_MULTIPLIER":1.785075168988,"EQUITY_RATIO":0.785075168986},{"SECUCODE":"06193.HK","SECURITY_CODE":"06193","SECURITY_NAME_ABBR":"泰林科建","ORG_CODE":"10000016346","STD_REPORT_DATE":"2022-06-30 00:00:00","REPORT_DATE":"2022-06-30 00:00:00","DATE_TYPE_CODE":"002","REPORT_TYPE":"2022年中报","PER_NETCASH_OPERATE":-0.0319525,"PER_OI":0.369155,"BPS":0.5516125,"BASIC_EPS":0.005,"DILUTED_EPS":0.005,"OPERATE_INCOME":147662000,"OPERATE_INCOME_YOY":-30.4360525374,"GROSS_PROFIT":13803000,"GROSS_PROFIT_YOY":-43.805724056508,"HOLDER_PROFIT":1936000,"HOLDER_PROFIT_YOY":-71.3609467456,"GROSS_PROFIT_RATIO":9.34769947583,"EPS_TTM":-0.0077775,"OPERATE_INCOME_QOQ":-13.228850138829,"NET_PROFIT_RATIO":1.3111023825,"ROE_AVG":0.878371021016,"GROSS_PROFIT_QOQ":-20.709034219947,"ROA":0.473993986936,"HOLDER_PROFIT_QOQ":-281.611208406305,"ROE_YEARLY":1.756742042031,"ROIC_YEARLY":1.020650242773,"TOTAL_ASSETS":379182000,"TOTAL_LIABILITIES":158537000,"TAX_EBT":29.136163982431,"OCF_SALES":-8.655578280126,"TOTAL_PARENT_EQUITY":220645000,"DEBT_ASSET_RATIO":41.8102652552,"OPERATE_PROFIT":3591000,"PRETAX_PROFIT":2732000,"NETCASH_OPERATE":-12781000,"NETCASH_INVEST":466000,"NETCASH_FINANCE":-1090000,"END_CASH":22058000,"DIVI_RATIO":null,"DIVIDEND_RATE":null,"CURRENT_RATIO":1.576740419899,"COMMON_ACS":1000000000,"CURRENTDEBT_DEBT":98.153112522629,"ISSUED_COMMON_SHARES":400000000,"HK_COMMON_SHARES":400000000,"PER_SHARES":2000,"TOTAL_MARKET_CAP":66000000,"HKSK_MARKET_CAP":66000000,"PE_TTM":-2.549645773006,"PB_TTM":0.296936720217,"REPORT_DATE_SQ":"2021-06-30 00:00:00","REPORT_TYPE_SQ":"2021年中报","OPERATE_INCOME_SQ":212268000,"DPS_HKD":null,"OPERATE_INCOME_QOQ_SQ":8.179145892447,"NET_PROFIT_RATIO_SQ":3.1846533627,"HOLDER_PROFIT_SQ":6760000,"HOLDER_PROFIT_QOQ_SQ":0.294823448749,"ROE_AVG_SQ":2.947781532759,"PE_TTM_SQ":16.434386127793,"PB_TTM_SQ":0.644892534763,"ROA_SQ":1.883580251386,"START_DATE":"2022-01-01 00:00:00","FISCAL_YEAR":"12-31","CURRENCY":"HKD","IS_CNY_CODE":0,"DPS_HKD_LY":null,"ORG_TYPE":"一般企业","PREMIUM_INCOME":null,"PREMIUM_INCOME_YOY":null,"NET_INTEREST_INCOME":null,"NET_INTEREST_INCOME_YOY":null,"FEE_COMMISSION_INCOME":null,"FEE_COMMISSION_INCOME_YOY":null,"ACCOUNTS_RECE_TDAYS":0.776959868667,"INVENTORY_TDAYS":5.317140019861,"CURRENT_ASSETS_TDAYS":0.545504250265,"TOTAL_ASSETS_TDAYS":0.361523244313,"PREMIUM_EXPENSE":null,"LOAN_DEPOSIT":null,"LOAN_EQUITY":null,"LOAN_ASSETS":null,"DEPOSIT_EQUITY":null,"DEPOSIT_ASSETS":null,"EQUITY_MULTIPLIER":1.718516168506,"EQUITY_RATIO":0.718516168506},{"SECUCODE":"06193.HK","SECURITY_CODE":"06193","SECURITY_NAME_ABBR":"泰林科建","ORG_CODE":"10000016346","STD_REPORT_DATE":"2021-12-31 00:00:00","REPORT_DATE":"2021-12-31 00:00:00","DATE_TYPE_CODE":"001","REPORT_TYPE":"2021年年报","PER_NETCASH_OPERATE":-0.03223,"PER_OI":1.22093,"BPS":0.5504275,"BASIC_EPS":0,"DILUTED_EPS":0,"OPERATE_INCOME":488372000,"OPERATE_INCOME_YOY":13.3053224538,"GROSS_PROFIT":51958000,"GROSS_PROFIT_YOY":-16.564161032871,"HOLDER_PROFIT":1713000,"HOLDER_PROFIT_YOY":-88.255056565,"GROSS_PROFIT_RATIO":10.639021074099,"EPS_TTM":0.0042825,"OPERATE_INCOME_QOQ":4.738599587799,"NET_PROFIT_RATIO":0.3507572097,"ROE_AVG":0.768238947876,"GROSS_PROFIT_QOQ":-13.828446331432,"ROA":0.43062164873,"HOLDER_PROFIT_QOQ":-88.289581624282,"ROE_YEARLY":0.768238947876,"ROIC_YEARLY":0.493001423171,"TOTAL_ASSETS":437706000,"TOTAL_LIABILITIES":217535000,"TAX_EBT":37.390350877193,"OCF_SALES":-2.639790979008,"TOTAL_PARENT_EQUITY":220171000,"DEBT_ASSET_RATIO":49.6988846395,"OPERATE_PROFIT":3824000,"PRETAX_PROFIT":2736000,"NETCASH_OPERATE":-12892000,"NETCASH_INVEST":-30461000,"NETCASH_FINANCE":14837000,"END_CASH":36098000,"DIVI_RATIO":null,"DIVIDEND_RATE":null,"CURRENT_RATIO":1.380923280744,"COMMON_ACS":1000000000,"CURRENTDEBT_DEBT":98.543222929644,"ISSUED_COMMON_SHARES":400000000,"HK_COMMON_SHARES":400000000,"PER_SHARES":2000,"TOTAL_MARKET_CAP":66000000,"HKSK_MARKET_CAP":66000000,"PE_TTM":-2.549645773006,"PB_TTM":0.296936720217,"REPORT_DATE_SQ":"2020-12-31 00:00:00","REPORT_TYPE_SQ":"2020年年报","OPERATE_INCOME_SQ":431023000,"DPS_HKD":null,"OPERATE_INCOME_QOQ_SQ":-3.533269174817,"NET_PROFIT_RATIO_SQ":3.3838101447,"HOLDER_PROFIT_SQ":14585000,"HOLDER_PROFIT_QOQ_SQ":-5.897154655139,"ROE_AVG_SQ":6.705654634649,"PE_TTM_SQ":16.434386127793,"PB_TTM_SQ":0.644892534763,"ROA_SQ":4.188438073003,"START_DATE":"2021-01-01 00:00:00","FISCAL_YEAR":"12-31","CURRENCY":"HKD","IS_CNY_CODE":0,"DPS_HKD_LY":0.025,"ORG_TYPE":"一般企业","PREMIUM_INCOME":null,"PREMIUM_INCOME_YOY":null,"NET_INTEREST_INCOME":null,"NET_INTEREST_INCOME_YOY":null,"FEE_COMMISSION_INCOME":null,"FEE_COMMISSION_INCOME_YOY":null,"ACCOUNTS_RECE_TDAYS":null,"INVENTORY_TDAYS":23.470689469721,"CURRENT_ASSETS_TDAYS":1.834354042365,"TOTAL_ASSETS_TDAYS":1.227691510997,"PREMIUM_EXPENSE":null,"LOAN_DEPOSIT":null,"LOAN_EQUITY":null,"LOAN_ASSETS":null,"DEPOSIT_EQUITY":null,"DEPOSIT_ASSETS":null,"EQUITY_MULTIPLIER":1.988027487727,"EQUITY_RATIO":0.988027487725},{"SECUCODE":"06193.HK","SECURITY_CODE":"06193","SECURITY_NAME_ABBR":"泰林科建","ORG_CODE":"10000016346","STD_REPORT_DATE":"2021-06-30 00:00:00","REPORT_DATE":"2021-06-30 00:00:00","DATE_TYPE_CODE":"002","REPORT_TYPE":"2021年中报","PER_NETCASH_OPERATE":-0.035775,"PER_OI":0.53067,"BPS":0.582165,"BASIC_EPS":0.017,"DILUTED_EPS":0.017,"OPERATE_INCOME":212268000,"OPERATE_INCOME_YOY":19.9159388523,"GROSS_PROFIT":24563000,"GROSS_PROFIT_YOY":-7.449133383572,"HOLDER_PROFIT":6760000,"HOLDER_PROFIT_YOY":0.6401667411,"GROSS_PROFIT_RATIO":11.571692388867,"EPS_TTM":0.03657,"OPERATE_INCOME_QOQ":8.179145892447,"NET_PROFIT_RATIO":3.1846533627,"ROE_AVG":2.947781532759,"GROSS_PROFIT_QOQ":-3.174730621618,"ROA":1.883580251386,"HOLDER_PROFIT_QOQ":0.294823448749,"ROE_YEARLY":5.895563065518,"ROIC_YEARLY":4.402259739837,"TOTAL_ASSETS":359894000,"TOTAL_LIABILITIES":127028000,"TAX_EBT":24.452391595887,"OCF_SALES":-6.741477754537,"TOTAL_PARENT_EQUITY":232866000,"DEBT_ASSET_RATIO":35.2959482514,"OPERATE_PROFIT":9266000,"PRETAX_PROFIT":8948000,"NETCASH_OPERATE":-14310000,"NETCASH_INVEST":-19943000,"NETCASH_FINANCE":8345000,"END_CASH":38983000,"DIVI_RATIO":null,"DIVIDEND_RATE":null,"CURRENT_RATIO":1.759549075794,"COMMON_ACS":1000000000,"CURRENTDEBT_DEBT":100,"ISSUED_COMMON_SHARES":400000000,"HK_COMMON_SHARES":400000000,"PER_SHARES":2000,"TOTAL_MARKET_CAP":66000000,"HKSK_MARKET_CAP":66000000,"PE_TTM":-2.549645773006,"PB_TTM":0.296936720217,"REPORT_DATE_SQ":"2020-06-30 00:00:00","REPORT_TYPE_SQ":"2020年中报","OPERATE_INCOME_SQ":177014000,"DPS_HKD":null,"OPERATE_INCOME_QOQ_SQ":-17.421036095145,"NET_PROFIT_RATIO_SQ":3.7946151152,"HOLDER_PROFIT_SQ":6717000,"HOLDER_PROFIT_QOQ_SQ":-37.877269630045,"ROE_AVG_SQ":3.156336638316,"PE_TTM_SQ":16.434386127793,"PB_TTM_SQ":0.644892534763,"ROA_SQ":2.066079478082,"START_DATE":"2021-01-01 00:00:00","FISCAL_YEAR":"12-31","CURRENCY":"HKD","IS_CNY_CODE":0,"DPS_HKD_LY":0.025,"ORG_TYPE":"一般企业","PREMIUM_INCOME":null,"PREMIUM_INCOME_YOY":null,"NET_INTEREST_INCOME":null,"NET_INTEREST_INCOME_YOY":null,"FEE_COMMISSION_INCOME":null,"FEE_COMMISSION_INCOME_YOY":null,"ACCOUNTS_RECE_TDAYS":1.455565308026,"INVENTORY_TDAYS":8.88628509208,"CURRENT_ASSETS_TDAYS":0.922980594049,"TOTAL_ASSETS_TDAYS":0.59145534438,"PREMIUM_EXPENSE":null,"LOAN_DEPOSIT":null,"LOAN_EQUITY":null,"LOAN_ASSETS":null,"DEPOSIT_EQUITY":null,"DEPOSIT_ASSETS":null,"EQUITY_MULTIPLIER":1.54549826939,"EQUITY_RATIO":0.545498269391},{"SECUCODE":"06193.HK","SECURITY_CODE":"06193","SECURITY_NAME_ABBR":"泰林科建","ORG_CODE":"10000016346","STD_REPORT_DATE":"2020-12-31 00:00:00","REPORT_DATE":"2020-12-31 00:00:00","DATE_TYPE_CODE":"001","REPORT_TYPE":"2020年年报","PER_NETCASH_OPERATE":0.1487325,"PER_OI":1.0775575,"BPS":0.56446,"BASIC_EPS":0.04,"DILUTED_EPS":0.04,"OPERATE_INCOME":431023000,"OPERATE_INCOME_YOY":-20.3387731717,"GROSS_PROFIT":62273000,"GROSS_PROFIT_YOY":-25.118443519877,"HOLDER_PROFIT":14585000,"HOLDER_PROFIT_YOY":-41.540743116,"GROSS_PROFIT_RATIO":14.447720887284,"EPS_TTM":0.0364625,"OPERATE_INCOME_QOQ":-3.533269174817,"NET_PROFIT_RATIO":3.3838101447,"ROE_AVG":6.705654634649,"GROSS_PROFIT_QOQ":-3.739256786001,"ROA":4.188438073003,"HOLDER_PROFIT_QOQ":-5.897154655139,"ROE_YEARLY":6.705654634649,"ROIC_YEARLY":5.329615818197,"TOTAL_ASSETS":357888000,"TOTAL_LIABILITIES":132104000,"TAX_EBT":30.788212404499,"OCF_SALES":13.802743705092,"TOTAL_PARENT_EQUITY":225784000,"DEBT_ASSET_RATIO":36.9121065808,"OPERATE_PROFIT":21755000,"PRETAX_PROFIT":21073000,"NETCASH_OPERATE":59493000,"NETCASH_INVEST":-67799000,"NETCASH_FINANCE":-12283000,"END_CASH":64569000,"DIVI_RATIO":null,"DIVIDEND_RATE":null,"CURRENT_RATIO":1.789877672137,"COMMON_ACS":1000000000,"CURRENTDEBT_DEBT":100,"ISSUED_COMMON_SHARES":400000000,"HK_COMMON_SHARES":400000000,"PER_SHARES":2000,"TOTAL_MARKET_CAP":66000000,"HKSK_MARKET_CAP":66000000,"PE_TTM":-2.549645773006,"PB_TTM":0.296936720217,"REPORT_DATE_SQ":"2019-12-31 00:00:00","REPORT_TYPE_SQ":"2019年年报","OPERATE_INCOME_SQ":541070000,"DPS_HKD":null,"OPERATE_INCOME_QOQ_SQ":1.412278482199,"NET_PROFIT_RATIO_SQ":4.6749958416,"HOLDER_PROFIT_SQ":24949000,"HOLDER_PROFIT_QOQ_SQ":-14.288168201182,"ROE_AVG_SQ":18.831707979832,"PE_TTM_SQ":16.434386127793,"PB_TTM_SQ":0.644892534763,"ROA_SQ":8.469518694793,"START_DATE":"2020-01-01 00:00:00","FISCAL_YEAR":"12-31","CURRENCY":"HKD","IS_CNY_CODE":0,"DPS_HKD_LY":null,"ORG_TYPE":"一般企业","PREMIUM_INCOME":null,"PREMIUM_INCOME_YOY":null,"NET_INTEREST_INCOME":null,"NET_INTEREST_INCOME_YOY":null,"FEE_COMMISSION_INCOME":null,"FEE_COMMISSION_INCOME_YOY":null,"ACCOUNTS_RECE_TDAYS":2.729487979178,"INVENTORY_TDAYS":22.778515612935,"CURRENT_ASSETS_TDAYS":1.68712044262,"TOTAL_ASSETS_TDAYS":1.237787551279,"PREMIUM_EXPENSE":null,"LOAN_DEPOSIT":null,"LOAN_EQUITY":null,"LOAN_ASSETS":null,"DEPOSIT_EQUITY":null,"DEPOSIT_ASSETS":null,"EQUITY_MULTIPLIER":1.585090174679,"EQUITY_RATIO":0.58509017468},{"SECUCODE":"06193.HK","SECURITY_CODE":"06193","SECURITY_NAME_ABBR":"泰林科建","ORG_CODE":"10000016346","STD_REPORT_DATE":"2020-06-30 00:00:00","REPORT_DATE":"2020-06-30 00:00:00","DATE_TYPE_CODE":"002","REPORT_TYPE":"2020年中报","PER_NETCASH_OPERATE":0.021225,"PER_OI":0.442535,"BPS":0.540995,"BASIC_EPS":0.02,"DILUTED_EPS":0.02,"OPERATE_INCOME":177014000,"OPERATE_INCOME_YOY":-34.747156012,"GROSS_PROFIT":26540000,"GROSS_PROFIT_YOY":-41.035325483226,"HOLDER_PROFIT":6717000,"HOLDER_PROFIT_YOY":-58.4524030432,"GROSS_PROFIT_RATIO":14.993164382478,"EPS_TTM":0.0387475,"OPERATE_INCOME_QOQ":-17.421036095145,"NET_PROFIT_RATIO":3.7946151152,"ROE_AVG":3.156336638316,"GROSS_PROFIT_QOQ":-22.209663067266,"ROA":2.066079478082,"HOLDER_PROFIT_QOQ":-37.877269630045,"ROE_YEARLY":6.312673276632,"ROIC_YEARLY":4.749816145274,"TOTAL_ASSETS":311664000,"TOTAL_LIABILITIES":95266000,"TAX_EBT":25.779005524862,"OCF_SALES":4.796230806603,"TOTAL_PARENT_EQUITY":216398000,"DEBT_ASSET_RATIO":30.566892551,"OPERATE_PROFIT":9356000,"PRETAX_PROFIT":9050000,"NETCASH_OPERATE":8490000,"NETCASH_INVEST":-18836000,"NETCASH_FINANCE":-21540000,"END_CASH":53244000,"DIVI_RATIO":null,"DIVIDEND_RATE":null,"CURRENT_RATIO":0.826496336573,"COMMON_ACS":1000000000,"CURRENTDEBT_DEBT":100,"ISSUED_COMMON_SHARES":400000000,"HK_COMMON_SHARES":400000000,"PER_SHARES":2000,"TOTAL_MARKET_CAP":66000000,"HKSK_MARKET_CAP":66000000,"PE_TTM":-2.549645773006,"PB_TTM":0.296936720217,"REPORT_DATE_SQ":"2019-06-30 00:00:00","REPORT_TYPE_SQ":"2019年中报","OPERATE_INCOME_SQ":271274000,"DPS_HKD":null,"OPERATE_INCOME_QOQ_SQ":17.469561196856,"NET_PROFIT_RATIO_SQ":6.0872033442,"HOLDER_PROFIT_SQ":16167000,"HOLDER_PROFIT_QOQ_SQ":-6.994280601975,"ROE_AVG_SQ":24.84497821627,"PE_TTM_SQ":16.434386127793,"PB_TTM_SQ":0.644892534763,"ROA_SQ":6.259413124364,"START_DATE":"2020-01-01 00:00:00","FISCAL_YEAR":"12-31","CURRENCY":"HKD","IS_CNY_CODE":0,"DPS_HKD_LY":null,"ORG_TYPE":"一般企业","PREMIUM_INCOME":null,"PREMIUM_INCOME_YOY":null,"NET_INTEREST_INCOME":null,"NET_INTEREST_INCOME_YOY":null,"FEE_COMMISSION_INCOME":null,"FEE_COMMISSION_INCOME_YOY":null,"ACCOUNTS_RECE_TDAYS":null,"INVENTORY_TDAYS":null,"CURRENT_ASSETS_TDAYS":1.002219429063,"TOTAL_ASSETS_TDAYS":0.54447669009,"PREMIUM_EXPENSE":null,"LOAN_DEPOSIT":null,"LOAN_EQUITY":null,"LOAN_ASSETS":null,"DEPOSIT_EQUITY":null,"DEPOSIT_ASSETS":null,"EQUITY_MULTIPLIER":1.440235122322,"EQUITY_RATIO":0.440235122321}],"count":15},"success":true,"message":"ok","code":0}