{"version":"e4a790fb167f386e667a1765d93db476","result":{"pages":6,"data":[{"SECUCODE":"06288.HK","SECURITY_CODE":"06288","SECURITY_NAME_ABBR":"FAST RETAIL-DRS","ORG_CODE":"10381908","STD_REPORT_DATE":"2025-03-31 00:00:00","REPORT_DATE":"2024-11-30 00:00:00","DATE_TYPE_CODE":"003","REPORT_TYPE":"2025年一季报","PER_NETCASH_OPERATE":13.16470663869,"PER_OI":134.382476770041,"BPS":278.420552884498,"BASIC_EPS":20.5501763,"DILUTED_EPS":20.5176927,"OPERATE_INCOME":42763321840,"OPERATE_INCOME_YOY":10.4039919441,"GROSS_PROFIT":23291266670,"GROSS_PROFIT_YOY":8.757367107642,"HOLDER_PROFIT":6303872510,"HOLDER_PROFIT_YOY":22.4146567718,"GROSS_PROFIT_RATIO":54.465522480094,"EPS_TTM":60.770627333394,"OPERATE_INCOME_QOQ":0,"NET_PROFIT_RATIO":15.6726154836,"ROE_AVG":6.350715028729,"GROSS_PROFIT_QOQ":0,"ROA":3.574940658309,"HOLDER_PROFIT_QOQ":0,"ROE_YEARLY":25.402860114918,"ROIC_YEARLY":21.629081405719,"TOTAL_ASSETS":181292070310,"TOTAL_LIABILITIES":76345536300,"TAX_EBT":28.641035943707,"OCF_SALES":9.796445902108,"TOTAL_PARENT_EQUITY":102194934240,"DEBT_ASSET_RATIO":42.1119005202,"OPERATE_PROFIT":7526450120,"PRETAX_PROFIT":9392203010,"NETCASH_OPERATE":4189285690,"NETCASH_INVEST":-170873290,"NETCASH_FINANCE":-5075849120,"END_CASH":57268586800,"DIVI_RATIO":0.003027207285,"DIVIDEND_RATE":0.828352459016,"CURRENT_RATIO":2.69275945363,"COMMON_ACS":900000000,"CURRENTDEBT_DEBT":58.07582327508,"ISSUED_COMMON_SHARES":318220968,"HK_COMMON_SHARES":15000000,"PER_SHARES":300,"TOTAL_MARKET_CAP":776459161920,"HKSK_MARKET_CAP":36600000000,"PE_TTM":36.800186374359,"PB_TTM":8.093735098936,"REPORT_DATE_SQ":"2024-03-31 00:00:00","REPORT_TYPE_SQ":"2024年一季报","OPERATE_INCOME_SQ":39213505546,"DPS_HKD":0.202118,"OPERATE_INCOME_QOQ_SQ":-0.893459067551,"NET_PROFIT_RATIO_SQ":14.1466861857,"HOLDER_PROFIT_SQ":5213423600,"HOLDER_PROFIT_QOQ_SQ":4.137877873825,"ROE_AVG_SQ":5.821292267482,"PE_TTM_SQ":40.542410691894,"PB_TTM_SQ":8.241063917882,"ROA_SQ":3.199439178082,"START_DATE":"2024-09-01 00:00:00","FISCAL_YEAR":"8-31","CURRENCY":"HKD","IS_CNY_CODE":0,"DPS_HKD_LY":null,"ORG_TYPE":"一般企业","PREMIUM_INCOME":null,"PREMIUM_INCOME_YOY":null,"NET_INTEREST_INCOME":null,"NET_INTEREST_INCOME_YOY":null,"FEE_COMMISSION_INCOME":null,"FEE_COMMISSION_INCOME_YOY":null,"ACCOUNTS_RECE_TDAYS":6.783864685243,"INVENTORY_TDAYS":0.825464199576,"CURRENT_ASSETS_TDAYS":0.368195701548,"TOTAL_ASSETS_TDAYS":0.242511785712,"PREMIUM_EXPENSE":null,"LOAN_DEPOSIT":null,"LOAN_EQUITY":null,"LOAN_ASSETS":null,"DEPOSIT_EQUITY":null,"DEPOSIT_ASSETS":null,"EQUITY_MULTIPLIER":1.727470773762,"EQUITY_RATIO":0.747057932644},{"SECUCODE":"06288.HK","SECURITY_CODE":"06288","SECURITY_NAME_ABBR":"FAST RETAIL-DRS","ORG_CODE":"10381908","STD_REPORT_DATE":"2024-12-31 00:00:00","REPORT_DATE":"2024-08-31 00:00:00","DATE_TYPE_CODE":"001","REPORT_TYPE":"2024年年报","PER_NETCASH_OPERATE":100.43244898306,"PER_OI":478.458638665193,"BPS":310.850377056235,"BASIC_EPS":59.49661552,"DILUTED_EPS":59.39507374,"OPERATE_INCOME":152255571144,"OPERATE_INCOME_YOY":12.191290474,"GROSS_PROFIT":82070824834,"GROSS_PROFIT_YOY":14.626879605571,"HOLDER_PROFIT":18248038946,"HOLDER_PROFIT_YOY":25.5781844451,"GROSS_PROFIT_RATIO":53.903331232707,"EPS_TTM":60.770627333394,"OPERATE_INCOME_QOQ":2.331485322559,"NET_PROFIT_RATIO":12.6812434678,"ROE_AVG":19.385347347796,"GROSS_PROFIT_QOQ":2.285173504462,"ROA":10.796256533095,"HOLDER_PROFIT_QOQ":5.975704639972,"ROE_YEARLY":19.385347347796,"ROIC_YEARLY":15.860984070114,"TOTAL_ASSETS":175984413510,"TOTAL_LIABILITIES":74528232740,"TAX_EBT":29.36032060244,"OCF_SALES":20.990831989835,"TOTAL_PARENT_EQUITY":98919107890,"DEBT_ASSET_RATIO":42.3493372246,"OPERATE_PROFIT":24571344816,"PRETAX_PROFIT":27332937854,"NETCASH_OPERATE":31959711134,"NETCASH_INVEST":-4033759474,"NETCASH_FINANCE":-13195673162,"END_CASH":58548892240,"DIVI_RATIO":0.003027207285,"DIVIDEND_RATE":0.838663900415,"CURRENT_RATIO":2.772523140816,"COMMON_ACS":900000000,"CURRENTDEBT_DEBT":56.103757626817,"ISSUED_COMMON_SHARES":318220968,"HK_COMMON_SHARES":15000000,"PER_SHARES":300,"TOTAL_MARKET_CAP":766912532880,"HKSK_MARKET_CAP":36150000000,"PE_TTM":36.347725066477,"PB_TTM":7.994221962474,"REPORT_DATE_SQ":"2023-12-31 00:00:00","REPORT_TYPE_SQ":"2023年年报","OPERATE_INCOME_SQ":137904566779,"DPS_HKD":0.202118,"OPERATE_INCOME_QOQ_SQ":1.565945535698,"NET_PROFIT_RATIO_SQ":11.3921744609,"HOLDER_PROFIT_SQ":14766126963,"HOLDER_PROFIT_QOQ_SQ":5.50680012462,"ROE_AVG_SQ":17.512504223251,"PE_TTM_SQ":38.305588033031,"PB_TTM_SQ":7.786384529309,"ROA_SQ":9.132362516216,"START_DATE":"2023-09-01 00:00:00","FISCAL_YEAR":"8-31","CURRENCY":"HKD","IS_CNY_CODE":0,"DPS_HKD_LY":0.202118,"ORG_TYPE":"一般企业","PREMIUM_INCOME":null,"PREMIUM_INCOME_YOY":null,"NET_INTEREST_INCOME":null,"NET_INTEREST_INCOME_YOY":null,"FEE_COMMISSION_INCOME":null,"FEE_COMMISSION_INCOME_YOY":null,"ACCOUNTS_RECE_TDAYS":41.175855664633,"INVENTORY_TDAYS":3.097850633421,"CURRENT_ASSETS_TDAYS":1.367338874344,"TOTAL_ASSETS_TDAYS":0.90080375734,"PREMIUM_EXPENSE":null,"LOAN_DEPOSIT":null,"LOAN_EQUITY":null,"LOAN_ASSETS":null,"DEPOSIT_EQUITY":null,"DEPOSIT_ASSETS":null,"EQUITY_MULTIPLIER":1.73458543555,"EQUITY_RATIO":0.753426050131},{"SECUCODE":"06288.HK","SECURITY_CODE":"06288","SECURITY_NAME_ABBR":"FAST RETAIL-DRS","ORG_CODE":"10381908","STD_REPORT_DATE":"2024-09-30 00:00:00","REPORT_DATE":"2024-05-31 00:00:00","DATE_TYPE_CODE":"004","REPORT_TYPE":"2024年三季报","PER_NETCASH_OPERATE":65.128416996708,"PER_OI":339.193478636518,"BPS":248.241935477992,"BASIC_EPS":46.52413222,"DILUTED_EPS":46.44340075,"OPERATE_INCOME":107938477111,"OPERATE_INCOME_YOY":10.4033862311,"GROSS_PROFIT":58335283114,"GROSS_PROFIT_YOY":4.169130372946,"HOLDER_PROFIT":14268854018,"HOLDER_PROFIT_YOY":31.1585240589,"GROSS_PROFIT_RATIO":54.044938075243,"EPS_TTM":57.343923817113,"OPERATE_INCOME_QOQ":10.916632457063,"NET_PROFIT_RATIO":14.0264888965,"ROE_AVG":15.802608578592,"GROSS_PROFIT_QOQ":11.007067328346,"ROA":8.953813323075,"HOLDER_PROFIT_QOQ":7.635715846319,"ROE_YEARLY":21.070144771456,"ROIC_YEARLY":12.828729583094,"TOTAL_ASSETS":168036488542,"TOTAL_LIABILITIES":67893159386,"TAX_EBT":30.523246687193,"OCF_SALES":19.200963785775,"TOTAL_PARENT_EQUITY":97512486676,"DEBT_ASSET_RATIO":40.4038194175,"OPERATE_PROFIT":18326636633,"PRETAX_PROFIT":21791430637,"NETCASH_OPERATE":20725227901,"NETCASH_INVEST":-3898052893,"NETCASH_FINANCE":-10471282158,"END_CASH":50069612083,"DIVI_RATIO":0.003208104252,"DIVIDEND_RATE":0.838663900415,"CURRENT_RATIO":3.190307748155,"COMMON_ACS":900000000,"CURRENTDEBT_DEBT":49.968223598379,"ISSUED_COMMON_SHARES":318220968,"HK_COMMON_SHARES":15000000,"PER_SHARES":300,"TOTAL_MARKET_CAP":766912532880,"HKSK_MARKET_CAP":36150000000,"PE_TTM":36.347725066477,"PB_TTM":7.994221962474,"REPORT_DATE_SQ":"2023-09-30 00:00:00","REPORT_TYPE_SQ":"2023年三季报","OPERATE_INCOME_SQ":108572764608,"DPS_HKD":0.202118,"OPERATE_INCOME_QOQ_SQ":5.10771470093,"NET_PROFIT_RATIO_SQ":11.8919768752,"HOLDER_PROFIT_SQ":12081464388,"HOLDER_PROFIT_QOQ_SQ":11.008352801079,"ROE_AVG_SQ":14.648565307284,"PE_TTM_SQ":38.305588033031,"PB_TTM_SQ":7.786384529309,"ROA_SQ":7.59085344789,"START_DATE":"2023-09-01 00:00:00","FISCAL_YEAR":"8-31","CURRENCY":"HKD","IS_CNY_CODE":0,"DPS_HKD_LY":0.202118,"ORG_TYPE":"一般企业","PREMIUM_INCOME":null,"PREMIUM_INCOME_YOY":null,"NET_INTEREST_INCOME":null,"NET_INTEREST_INCOME_YOY":null,"FEE_COMMISSION_INCOME":null,"FEE_COMMISSION_INCOME_YOY":null,"ACCOUNTS_RECE_TDAYS":26.670509742931,"INVENTORY_TDAYS":2.546753172242,"CURRENT_ASSETS_TDAYS":1.040308474521,"TOTAL_ASSETS_TDAYS":0.677322070301,"PREMIUM_EXPENSE":null,"LOAN_DEPOSIT":null,"LOAN_EQUITY":null,"LOAN_ASSETS":null,"DEPOSIT_EQUITY":null,"DEPOSIT_ASSETS":null,"EQUITY_MULTIPLIER":1.677959879687,"EQUITY_RATIO":0.696250928474},{"SECUCODE":"06288.HK","SECURITY_CODE":"06288","SECURITY_NAME_ABBR":"FAST RETAIL-DRS","ORG_CODE":"10381908","STD_REPORT_DATE":"2024-06-30 00:00:00","REPORT_DATE":"2024-02-29 00:00:00","DATE_TYPE_CODE":"002","REPORT_TYPE":"2024年中报","PER_NETCASH_OPERATE":48.010085237375,"PER_OI":238.130636347634,"BPS":248.460508554546,"BASIC_EPS":30.27289689,"DILUTED_EPS":30.22029288,"OPERATE_INCOME":75778161609,"OPERATE_INCOME_YOY":8.9718880976,"GROSS_PROFIT":40056958404,"GROSS_PROFIT_YOY":5.871873505206,"HOLDER_PROFIT":9284465592,"HOLDER_PROFIT_YOY":27.719828935,"GROSS_PROFIT_RATIO":52.86082105117,"EPS_TTM":53.275925529207,"OPERATE_INCOME_QOQ":-1.111125371354,"NET_PROFIT_RATIO":13.0980694797,"ROE_AVG":10.232349951048,"GROSS_PROFIT_QOQ":0.153202502864,"ROA":5.762508311225,"HOLDER_PROFIT_QOQ":4.49704808924,"ROE_YEARLY":20.464699902096,"ROIC_YEARLY":16.607497075429,"TOTAL_ASSETS":165671590395,"TOTAL_LIABILITIES":67683067944,"TAX_EBT":30.046259957581,"OCF_SALES":20.161238374758,"TOTAL_PARENT_EQUITY":95154588042,"DEBT_ASSET_RATIO":40.8537563879,"OPERATE_PROFIT":12183515235,"PRETAX_PROFIT":14188628445,"NETCASH_OPERATE":15277815798,"NETCASH_INVEST":-2566791342,"NETCASH_FINANCE":-6228551739,"END_CASH":50512360824,"DIVI_RATIO":0.003453065976,"DIVIDEND_RATE":0.838663900415,"CURRENT_RATIO":3.114058629801,"COMMON_ACS":900000000,"CURRENTDEBT_DEBT":50.770208880648,"ISSUED_COMMON_SHARES":318220968,"HK_COMMON_SHARES":15000000,"PER_SHARES":300,"TOTAL_MARKET_CAP":766912532880,"HKSK_MARKET_CAP":36150000000,"PE_TTM":36.347725066477,"PB_TTM":7.994221962474,"REPORT_DATE_SQ":"2023-06-30 00:00:00","REPORT_TYPE_SQ":"2023年中报","OPERATE_INCOME_SQ":74870066400,"DPS_HKD":0.202118,"OPERATE_INCOME_QOQ_SQ":6.814198947961,"NET_PROFIT_RATIO_SQ":11.2196135891,"HOLDER_PROFIT_SQ":7826673408,"HOLDER_PROFIT_QOQ_SQ":-0.820221988802,"ROE_AVG_SQ":9.696617227565,"PE_TTM_SQ":38.305588033031,"PB_TTM_SQ":7.786384529309,"ROA_SQ":4.948624692893,"START_DATE":"2023-09-01 00:00:00","FISCAL_YEAR":"8-31","CURRENCY":"HKD","IS_CNY_CODE":0,"DPS_HKD_LY":0.202118,"ORG_TYPE":"一般企业","PREMIUM_INCOME":null,"PREMIUM_INCOME_YOY":null,"NET_INTEREST_INCOME":null,"NET_INTEREST_INCOME_YOY":null,"FEE_COMMISSION_INCOME":null,"FEE_COMMISSION_INCOME_YOY":null,"ACCOUNTS_RECE_TDAYS":23.961143662056,"INVENTORY_TDAYS":1.745437578009,"CURRENT_ASSETS_TDAYS":0.721134856812,"TOTAL_ASSETS_TDAYS":0.470325708846,"PREMIUM_EXPENSE":null,"LOAN_DEPOSIT":null,"LOAN_EQUITY":null,"LOAN_ASSETS":null,"DEPOSIT_EQUITY":null,"DEPOSIT_ASSETS":null,"EQUITY_MULTIPLIER":1.690724446608,"EQUITY_RATIO":0.711295895833},{"SECUCODE":"06288.HK","SECURITY_CODE":"06288","SECURITY_NAME_ABBR":"FAST RETAIL-DRS","ORG_CODE":"10381908","STD_REPORT_DATE":"2024-03-31 00:00:00","REPORT_DATE":"2023-11-30 00:00:00","DATE_TYPE_CODE":"003","REPORT_TYPE":"2024年一季报","PER_NETCASH_OPERATE":16.289412481455,"PER_OI":123.227283835049,"BPS":240.113818420664,"BASIC_EPS":16.999243,"DILUTED_EPS":16.96925856,"OPERATE_INCOME":39213505546,"OPERATE_INCOME_YOY":13.1827083738,"GROSS_PROFIT":21415805926,"GROSS_PROFIT_YOY":8.878920074222,"HOLDER_PROFIT":5213423600,"HOLDER_PROFIT_YOY":26.7132143781,"GROSS_PROFIT_RATIO":54.613342081538,"EPS_TTM":50.983187088413,"OPERATE_INCOME_QOQ":-0.893459067551,"NET_PROFIT_RATIO":14.1466861857,"ROE_AVG":5.821292267482,"GROSS_PROFIT_QOQ":0.647918434782,"ROA":3.199439178082,"HOLDER_PROFIT_QOQ":4.137877873825,"ROE_YEARLY":23.28516906993,"ROIC_YEARLY":17.811300179476,"TOTAL_ASSETS":166122841294,"TOTAL_LIABILITIES":72472004584,"TAX_EBT":29.398477266712,"OCF_SALES":13.218998240082,"TOTAL_PARENT_EQUITY":91028890880,"DEBT_ASSET_RATIO":43.6255508391,"OPERATE_PROFIT":7094028332,"PRETAX_PROFIT":7857422502,"NETCASH_OPERATE":5183632608,"NETCASH_INVEST":-2147756420,"NETCASH_FINANCE":-4303444208,"END_CASH":42914504320,"DIVI_RATIO":0.003608352014,"DIVIDEND_RATE":0.838663900415,"CURRENT_RATIO":2.878448836092,"COMMON_ACS":900000000,"CURRENTDEBT_DEBT":53.601925084016,"ISSUED_COMMON_SHARES":318220968,"HK_COMMON_SHARES":15000000,"PER_SHARES":300,"TOTAL_MARKET_CAP":766912532880,"HKSK_MARKET_CAP":36150000000,"PE_TTM":36.347725066477,"PB_TTM":7.994221962474,"REPORT_DATE_SQ":"2023-03-31 00:00:00","REPORT_TYPE_SQ":"2023年一季报","OPERATE_INCOME_SQ":37053995139,"DPS_HKD":0.202118,"OPERATE_INCOME_QOQ_SQ":5.447716264117,"NET_PROFIT_RATIO_SQ":12.539206832,"HOLDER_PROFIT_SQ":4400282502,"HOLDER_PROFIT_QOQ_SQ":5.051454528858,"ROE_AVG_SQ":5.441276218929,"PE_TTM_SQ":38.305588033031,"PB_TTM_SQ":7.786384529309,"ROA_SQ":2.666653710689,"START_DATE":"2023-09-01 00:00:00","FISCAL_YEAR":"8-31","CURRENCY":"HKD","IS_CNY_CODE":0,"DPS_HKD_LY":0.202118,"ORG_TYPE":"一般企业","PREMIUM_INCOME":null,"PREMIUM_INCOME_YOY":null,"NET_INTEREST_INCOME":null,"NET_INTEREST_INCOME_YOY":null,"FEE_COMMISSION_INCOME":null,"FEE_COMMISSION_INCOME_YOY":null,"ACCOUNTS_RECE_TDAYS":7.732860937195,"INVENTORY_TDAYS":0.787205688262,"CURRENT_ASSETS_TDAYS":0.361270508329,"TOTAL_ASSETS_TDAYS":0.240650358727,"PREMIUM_EXPENSE":null,"LOAN_DEPOSIT":null,"LOAN_EQUITY":null,"LOAN_ASSETS":null,"DEPOSIT_EQUITY":null,"DEPOSIT_ASSETS":null,"EQUITY_MULTIPLIER":1.773853252465,"EQUITY_RATIO":0.796142893574},{"SECUCODE":"06288.HK","SECURITY_CODE":"06288","SECURITY_NAME_ABBR":"FAST RETAIL-DRS","ORG_CODE":"10381908","STD_REPORT_DATE":"2023-12-31 00:00:00","REPORT_DATE":"2023-08-31 00:00:00","DATE_TYPE_CODE":"001","REPORT_TYPE":"2023年年报","PER_NETCASH_OPERATE":72.559417115468,"PER_OI":433.361031002206,"BPS":285.309844934542,"BASIC_EPS":48.15668823,"DILUTED_EPS":48.07643456,"OPERATE_INCOME":137904566779,"OPERATE_INCOME_YOY":20.226437364,"GROSS_PROFIT":71598236920,"GROSS_PROFIT_YOY":19.128713528524,"HOLDER_PROFIT":14766126963,"HOLDER_PROFIT_YOY":8.3758025866,"GROSS_PROFIT_RATIO":51.918684487614,"EPS_TTM":48.957390076822,"OPERATE_INCOME_QOQ":1.565945535698,"NET_PROFIT_RATIO":11.3921744609,"ROE_AVG":17.512504223251,"GROSS_PROFIT_QOQ":2.439205757191,"ROA":9.132362516216,"HOLDER_PROFIT_QOQ":5.50680012462,"ROE_YEARLY":17.512504223251,"ROIC_YEARLY":14.379427296588,"TOTAL_ASSETS":164679234818,"TOTAL_LIABILITIES":71297809051,"TAX_EBT":28.029448435552,"OCF_SALES":16.743410672544,"TOTAL_PARENT_EQUITY":90791575035,"DEBT_ASSET_RATIO":43.2949601265,"OPERATE_PROFIT":18996193230,"PRETAX_PROFIT":21828898546,"NETCASH_OPERATE":23089927952,"NETCASH_INVEST":-28632216494,"NETCASH_FINANCE":-18172322014,"END_CASH":45025798160,"DIVI_RATIO":0.003757661213,"DIVIDEND_RATE":0.838663900415,"CURRENT_RATIO":2.984799659929,"COMMON_ACS":900000000,"CURRENTDEBT_DEBT":50.98532998959,"ISSUED_COMMON_SHARES":318220968,"HK_COMMON_SHARES":15000000,"PER_SHARES":300,"TOTAL_MARKET_CAP":766912532880,"HKSK_MARKET_CAP":36150000000,"PE_TTM":36.347725066477,"PB_TTM":7.994221962474,"REPORT_DATE_SQ":"2022-12-31 00:00:00","REPORT_TYPE_SQ":"2022年年报","OPERATE_INCOME_SQ":114595875600,"DPS_HKD":0.202118,"OPERATE_INCOME_QOQ_SQ":1.650355340537,"NET_PROFIT_RATIO_SQ":12.3743982283,"HOLDER_PROFIT_SQ":13612083000,"HOLDER_PROFIT_QOQ_SQ":-6.209003647715,"ROE_AVG_SQ":20.412331561952,"PE_TTM_SQ":38.305588033031,"PB_TTM_SQ":7.786384529309,"ROA_SQ":9.601249653567,"START_DATE":"2022-09-01 00:00:00","FISCAL_YEAR":"8-31","CURRENCY":"HKD","IS_CNY_CODE":0,"DPS_HKD_LY":0.3024307,"ORG_TYPE":"一般企业","PREMIUM_INCOME":null,"PREMIUM_INCOME_YOY":null,"NET_INTEREST_INCOME":null,"NET_INTEREST_INCOME_YOY":null,"FEE_COMMISSION_INCOME":null,"FEE_COMMISSION_INCOME_YOY":null,"ACCOUNTS_RECE_TDAYS":43.562681573043,"INVENTORY_TDAYS":2.84478529313,"CURRENT_ASSETS_TDAYS":1.270360593138,"TOTAL_ASSETS_TDAYS":0.852894262404,"PREMIUM_EXPENSE":null,"LOAN_DEPOSIT":null,"LOAN_EQUITY":null,"LOAN_ASSETS":null,"DEPOSIT_EQUITY":null,"DEPOSIT_ASSETS":null,"EQUITY_MULTIPLIER":1.763511677676,"EQUITY_RATIO":0.785291025335},{"SECUCODE":"06288.HK","SECURITY_CODE":"06288","SECURITY_NAME_ABBR":"FAST RETAIL-DRS","ORG_CODE":"10381908","STD_REPORT_DATE":"2023-09-30 00:00:00","REPORT_DATE":"2023-05-31 00:00:00","DATE_TYPE_CODE":"004","REPORT_TYPE":"2023年三季报","PER_NETCASH_OPERATE":50.281929228498,"PER_OI":341.186708375546,"BPS":233.094949720598,"BASIC_EPS":39.4021908,"DILUTED_EPS":39.3388758,"OPERATE_INCOME":108572764608,"OPERATE_INCOME_YOY":21.4376926938,"GROSS_PROFIT":56000547288,"GROSS_PROFIT_YOY":15.826808139742,"HOLDER_PROFIT":12081464388,"HOLDER_PROFIT_YOY":0.2871726736,"GROSS_PROFIT_RATIO":51.578816741186,"EPS_TTM":46.402118175318,"OPERATE_INCOME_QOQ":5.10771470093,"NET_PROFIT_RATIO":11.8919768752,"ROE_AVG":14.648565307284,"GROSS_PROFIT_QOQ":5.674430477878,"ROA":7.59085344789,"HOLDER_PROFIT_QOQ":11.008352801079,"ROE_YEARLY":19.531420409712,"ROIC_YEARLY":12.240880308353,"TOTAL_ASSETS":157052452284,"TOTAL_LIABILITIES":68534030124,"TAX_EBT":29.035670637495,"OCF_SALES":14.737364614202,"TOTAL_PARENT_EQUITY":85850024148,"DEBT_ASSET_RATIO":43.6376695348,"OPERATE_PROFIT":16744234248,"PRETAX_PROFIT":18194350356,"NETCASH_OPERATE":16000764192,"NETCASH_INVEST":-25621706376,"NETCASH_FINANCE":-12193000092,"END_CASH":46729863684,"DIVI_RATIO":0.003964588106,"DIVIDEND_RATE":0.838663900415,"CURRENT_RATIO":2.927771674682,"COMMON_ACS":900000000,"CURRENTDEBT_DEBT":50.794250268101,"ISSUED_COMMON_SHARES":318220968,"HK_COMMON_SHARES":15000000,"PER_SHARES":300,"TOTAL_MARKET_CAP":766912532880,"HKSK_MARKET_CAP":36150000000,"PE_TTM":36.347725066477,"PB_TTM":7.994221962474,"REPORT_DATE_SQ":"2022-09-30 00:00:00","REPORT_TYPE_SQ":"2022年三季报","OPERATE_INCOME_SQ":91965552812,"DPS_HKD":0.202118,"OPERATE_INCOME_QOQ_SQ":-3.739154150956,"NET_PROFIT_RATIO_SQ":14.0241435925,"HOLDER_PROFIT_SQ":12391731272,"HOLDER_PROFIT_QOQ_SQ":-0.00927705068,"ROE_AVG_SQ":18.60289036398,"PE_TTM_SQ":38.305588033031,"PB_TTM_SQ":7.786384529309,"ROA_SQ":8.858693931521,"START_DATE":"2022-09-01 00:00:00","FISCAL_YEAR":"8-31","CURRENCY":"HKD","IS_CNY_CODE":0,"DPS_HKD_LY":0.3024307,"ORG_TYPE":"一般企业","PREMIUM_INCOME":null,"PREMIUM_INCOME_YOY":null,"NET_INTEREST_INCOME":null,"NET_INTEREST_INCOME_YOY":null,"FEE_COMMISSION_INCOME":null,"FEE_COMMISSION_INCOME_YOY":null,"ACCOUNTS_RECE_TDAYS":26.465953007124,"INVENTORY_TDAYS":2.376943459054,"CURRENT_ASSETS_TDAYS":1.02290667205,"TOTAL_ASSETS_TDAYS":0.682168914383,"PREMIUM_EXPENSE":null,"LOAN_DEPOSIT":null,"LOAN_EQUITY":null,"LOAN_ASSETS":null,"DEPOSIT_EQUITY":null,"DEPOSIT_ASSETS":null,"EQUITY_MULTIPLIER":1.774234655924,"EQUITY_RATIO":0.798299485692},{"SECUCODE":"06288.HK","SECURITY_CODE":"06288","SECURITY_NAME_ABBR":"FAST RETAIL-DRS","ORG_CODE":"10381908","STD_REPORT_DATE":"2023-06-30 00:00:00","REPORT_DATE":"2023-02-28 00:00:00","DATE_TYPE_CODE":"002","REPORT_TYPE":"2023年中报","PER_NETCASH_OPERATE":85.359675884086,"PER_OI":705.830921864332,"BPS":227.253329252647,"BASIC_EPS":25.52679696,"DILUTED_EPS":25.48954944,"OPERATE_INCOME":74870066400,"OPERATE_INCOME_YOY":20.3755280042,"GROSS_PROFIT":37835316480,"GROSS_PROFIT_YOY":10.025810962575,"HOLDER_PROFIT":7826673408,"HOLDER_PROFIT_YOY":4.4591539321,"GROSS_PROFIT_RATIO":50.534637271271,"EPS_TTM":41.800564556136,"OPERATE_INCOME_QOQ":6.814198947961,"NET_PROFIT_RATIO":11.2196135891,"ROE_AVG":9.696617227565,"GROSS_PROFIT_QOQ":6.615949428394,"ROA":4.948624692893,"HOLDER_PROFIT_QOQ":-0.820221988802,"ROE_YEARLY":19.39323445513,"ROIC_YEARLY":15.966125899573,"TOTAL_ASSETS":153868841808,"TOTAL_LIABILITIES":69272631552,"TAX_EBT":28.576262803743,"OCF_SALES":12.093501891164,"TOTAL_PARENT_EQUITY":81749275152,"DEBT_ASSET_RATIO":45.0205712463,"OPERATE_PROFIT":11238699312,"PRETAX_PROFIT":11760980976,"NETCASH_OPERATE":9054412896,"NETCASH_INVEST":-24122208288,"NETCASH_FINANCE":-8148583824,"END_CASH":45340181520,"DIVI_RATIO":0.004401023952,"DIVIDEND_RATE":0.838663900415,"CURRENT_RATIO":2.774626872047,"COMMON_ACS":900000000,"CURRENTDEBT_DEBT":51.734543858202,"ISSUED_COMMON_SHARES":318220968,"HK_COMMON_SHARES":15000000,"PER_SHARES":300,"TOTAL_MARKET_CAP":766912532880,"HKSK_MARKET_CAP":36150000000,"PE_TTM":36.347725066477,"PB_TTM":7.994221962474,"REPORT_DATE_SQ":"2022-06-30 00:00:00","REPORT_TYPE_SQ":"2022年中报","OPERATE_INCOME_SQ":66632939751,"DPS_HKD":0.202118,"OPERATE_INCOME_QOQ_SQ":0.099942546772,"NET_PROFIT_RATIO_SQ":12.6648821102,"HOLDER_PROFIT_SQ":8026933572,"HOLDER_PROFIT_QOQ_SQ":17.58331037756,"ROE_AVG_SQ":12.28523490354,"PE_TTM_SQ":38.305588033031,"PB_TTM_SQ":7.786384529309,"ROA_SQ":5.700939441398,"START_DATE":"2022-09-01 00:00:00","FISCAL_YEAR":"8-31","CURRENCY":"HKD","IS_CNY_CODE":0,"DPS_HKD_LY":0.3024307,"ORG_TYPE":"一般企业","PREMIUM_INCOME":null,"PREMIUM_INCOME_YOY":null,"NET_INTEREST_INCOME":null,"NET_INTEREST_INCOME_YOY":null,"FEE_COMMISSION_INCOME":null,"FEE_COMMISSION_INCOME_YOY":null,"ACCOUNTS_RECE_TDAYS":22.312528986444,"INVENTORY_TDAYS":1.571742715183,"CURRENT_ASSETS_TDAYS":0.710981535848,"TOTAL_ASSETS_TDAYS":0.473386124642,"PREMIUM_EXPENSE":null,"LOAN_DEPOSIT":null,"LOAN_EQUITY":null,"LOAN_ASSETS":null,"DEPOSIT_EQUITY":null,"DEPOSIT_ASSETS":null,"EQUITY_MULTIPLIER":1.818862113828,"EQUITY_RATIO":0.847379153188},{"SECUCODE":"06288.HK","SECURITY_CODE":"06288","SECURITY_NAME_ABBR":"FAST RETAIL-DRS","ORG_CODE":"10381908","STD_REPORT_DATE":"2023-03-31 00:00:00","REPORT_DATE":"2022-11-30 00:00:00","DATE_TYPE_CODE":"003","REPORT_TYPE":"2023年一季报","PER_NETCASH_OPERATE":-0.638286729742,"PER_OI":349.323258349839,"BPS":219.228655077185,"BASIC_EPS":14.35261527,"DILUTED_EPS":14.33296053,"OPERATE_INCOME":37053995139,"OPERATE_INCOME_YOY":14.1860498477,"GROSS_PROFIT":19669377609,"GROSS_PROFIT_YOY":3.639592063479,"HOLDER_PROFIT":4400282502,"HOLDER_PROFIT_YOY":-9.1012052312,"GROSS_PROFIT_RATIO":53.08301449065,"EPS_TTM":42.146257427009,"OPERATE_INCOME_QOQ":5.447716264117,"NET_PROFIT_RATIO":12.539206832,"ROE_AVG":5.441276218929,"GROSS_PROFIT_QOQ":4.534944834088,"ROA":2.666653710689,"HOLDER_PROFIT_QOQ":5.051454528858,"ROE_YEARLY":21.765104875716,"ROIC_YEARLY":17.00598664742,"TOTAL_ASSETS":165349069137,"TOTAL_LIABILITIES":81673668657,"TAX_EBT":29.162066681387,"OCF_SALES":-0.182720936693,"TOTAL_PARENT_EQUITY":80963822205,"DEBT_ASSET_RATIO":49.3946951642,"OPERATE_PROFIT":6055573671,"PRETAX_PROFIT":6559097076,"NETCASH_OPERATE":-67705407,"NETCASH_INVEST":-19466157942,"NETCASH_FINANCE":-3576179943,"END_CASH":47276942643,"DIVI_RATIO":0.004364925785,"DIVIDEND_RATE":0.838663900415,"CURRENT_RATIO":2.339775039553,"COMMON_ACS":900000000,"CURRENTDEBT_DEBT":57.079184501656,"ISSUED_COMMON_SHARES":318220968,"HK_COMMON_SHARES":15000000,"PER_SHARES":300,"TOTAL_MARKET_CAP":766912532880,"HKSK_MARKET_CAP":36150000000,"PE_TTM":36.347725066477,"PB_TTM":7.994221962474,"REPORT_DATE_SQ":"2022-03-31 00:00:00","REPORT_TYPE_SQ":"2022年一季报","OPERATE_INCOME_SQ":35162755986,"DPS_HKD":0.202118,"OPERATE_INCOME_QOQ_SQ":-2.092563940014,"NET_PROFIT_RATIO_SQ":15.5595155174,"HOLDER_PROFIT_SQ":5245457232,"HOLDER_PROFIT_QOQ_SQ":7.304928340775,"ROE_AVG_SQ":8.019052017337,"PE_TTM_SQ":38.305588033031,"PB_TTM_SQ":7.786384529309,"ROA_SQ":3.621491597789,"START_DATE":"2022-09-01 00:00:00","FISCAL_YEAR":"8-31","CURRENCY":"HKD","IS_CNY_CODE":0,"DPS_HKD_LY":0.3024307,"ORG_TYPE":"一般企业","PREMIUM_INCOME":null,"PREMIUM_INCOME_YOY":null,"NET_INTEREST_INCOME":null,"NET_INTEREST_INCOME_YOY":null,"FEE_COMMISSION_INCOME":null,"FEE_COMMISSION_INCOME_YOY":null,"ACCOUNTS_RECE_TDAYS":7.917300753168,"INVENTORY_TDAYS":0.636424228539,"CURRENT_ASSETS_TDAYS":0.334160112489,"TOTAL_ASSETS_TDAYS":0.224554158939,"PREMIUM_EXPENSE":null,"LOAN_DEPOSIT":null,"LOAN_EQUITY":null,"LOAN_ASSETS":null,"DEPOSIT_EQUITY":null,"DEPOSIT_ASSETS":null,"EQUITY_MULTIPLIER":1.976077415687,"EQUITY_RATIO":1.008767452334}],"count":52},"success":true,"message":"ok","code":0}