{"version":"2f461a21cee0ab55b583ad1b895901c2","result":{"pages":2,"data":[{"SECUCODE":"06609.HK","SECURITY_CODE":"06609","SECURITY_NAME_ABBR":"心玮医疗-B","ORG_CODE":"10000166849","STD_REPORT_DATE":"2024-06-30 00:00:00","REPORT_DATE":"2024-06-30 00:00:00","DATE_TYPE_CODE":"002","REPORT_TYPE":"2024年中报","PER_NETCASH_OPERATE":0.226577420724,"PER_OI":3.308509299279,"BPS":27.552370567874,"BASIC_EPS":-0.14,"DILUTED_EPS":-0.14,"OPERATE_INCOME":128484000,"OPERATE_INCOME_YOY":17.2449035461,"GROSS_PROFIT":82281000,"GROSS_PROFIT_YOY":3.215083168168,"HOLDER_PROFIT":-5119000,"HOLDER_PROFIT_YOY":90.5793367441,"GROSS_PROFIT_RATIO":64.039880452041,"EPS_TTM":-1.153435891182,"OPERATE_INCOME_QOQ":8.133629445994,"NET_PROFIT_RATIO":-3.9841536689,"ROE_AVG":-0.477157227921,"GROSS_PROFIT_QOQ":1.565104818666,"ROA":-0.427119902711,"HOLDER_PROFIT_QOQ":52.353954814279,"ROE_YEARLY":-0.954314455841,"ROIC_YEARLY":-1.762992989701,"TOTAL_ASSETS":1195740000,"TOTAL_LIABILITIES":125760000,"TAX_EBT":-60.068792995622,"OCF_SALES":6.848323526665,"TOTAL_PARENT_EQUITY":1069980000,"DEBT_ASSET_RATIO":10.5173365447,"OPERATE_PROFIT":-2303000,"PRETAX_PROFIT":-3198000,"NETCASH_OPERATE":8799000,"NETCASH_INVEST":4206000,"NETCASH_FINANCE":-5696000,"END_CASH":613346000,"DIVI_RATIO":null,"DIVIDEND_RATE":null,"CURRENT_RATIO":16.261777906939,"COMMON_ACS":null,"CURRENTDEBT_DEBT":49.250954198473,"ISSUED_COMMON_SHARES":38834408,"HK_COMMON_SHARES":31565804,"PER_SHARES":50,"TOTAL_MARKET_CAP":1093188585.2,"HKSK_MARKET_CAP":888577382.6,"PE_TTM":-21.684498324636,"PB_TTM":0.932476642498,"REPORT_DATE_SQ":"2023-06-30 00:00:00","REPORT_TYPE_SQ":"2023年中报","OPERATE_INCOME_SQ":109586000,"DPS_HKD":null,"OPERATE_INCOME_QOQ_SQ":17.960247388435,"NET_PROFIT_RATIO_SQ":-49.5848009782,"HOLDER_PROFIT_SQ":-54338000,"HOLDER_PROFIT_QOQ_SQ":6.226545033536,"ROE_AVG_SQ":-4.76022360033,"PE_TTM_SQ":-3.786253039209,"PB_TTM_SQ":0.640782935287,"ROA_SQ":-4.241587351892,"START_DATE":"2024-01-01 00:00:00","FISCAL_YEAR":"12-31","CURRENCY":"HKD","IS_CNY_CODE":0,"DPS_HKD_LY":null,"ORG_TYPE":"一般企业","PREMIUM_INCOME":null,"PREMIUM_INCOME_YOY":null,"NET_INTEREST_INCOME":null,"NET_INTEREST_INCOME_YOY":null,"FEE_COMMISSION_INCOME":null,"FEE_COMMISSION_INCOME_YOY":null,"ACCOUNTS_RECE_TDAYS":1.586751139269,"INVENTORY_TDAYS":0.311609744254,"CURRENT_ASSETS_TDAYS":0.127678730248,"TOTAL_ASSETS_TDAYS":0.107204675874,"PREMIUM_EXPENSE":null,"LOAN_DEPOSIT":null,"LOAN_EQUITY":null,"LOAN_ASSETS":null,"DEPOSIT_EQUITY":null,"DEPOSIT_ASSETS":null,"EQUITY_MULTIPLIER":1.117534907194,"EQUITY_RATIO":0.117534907195},{"SECUCODE":"06609.HK","SECURITY_CODE":"06609","SECURITY_NAME_ABBR":"心玮医疗-B","ORG_CODE":"10000166849","STD_REPORT_DATE":"2023-12-31 00:00:00","REPORT_DATE":"2023-12-31 00:00:00","DATE_TYPE_CODE":"001","REPORT_TYPE":"2023年年报","PER_NETCASH_OPERATE":-2.27648635715,"PER_OI":5.982941725287,"BPS":27.698220608899,"BASIC_EPS":-2.47,"DILUTED_EPS":-2.47,"OPERATE_INCOME":232344000,"OPERATE_INCOME_YOY":26.941736964,"GROSS_PROFIT":163759000,"GROSS_PROFIT_YOY":31.710004584463,"HOLDER_PROFIT":-94012000,"HOLDER_PROFIT_YOY":53.0840785691,"GROSS_PROFIT_RATIO":70.481269152636,"EPS_TTM":-2.420842877275,"OPERATE_INCOME_QOQ":7.613996896783,"NET_PROFIT_RATIO":-40.4624177943,"ROE_AVG":-8.389729961033,"GROSS_PROFIT_QOQ":6.902066768504,"ROA":-7.479660307645,"HOLDER_PROFIT_QOQ":49.96886757811,"ROE_YEARLY":-8.389729961033,"ROIC_YEARLY":-18.407071329066,"TOTAL_ASSETS":1201245000,"TOTAL_LIABILITIES":125601000,"TAX_EBT":8.655266226195,"OCF_SALES":-38.049616086492,"TOTAL_PARENT_EQUITY":1075644000,"DEBT_ASSET_RATIO":10.4559020017,"OPERATE_PROFIT":-100762000,"PRETAX_PROFIT":-102920000,"NETCASH_OPERATE":-88406000,"NETCASH_INVEST":-125453000,"NETCASH_FINANCE":-21485000,"END_CASH":605583000,"DIVI_RATIO":null,"DIVIDEND_RATE":null,"CURRENT_RATIO":16.817637415945,"COMMON_ACS":null,"CURRENTDEBT_DEBT":47.596754802908,"ISSUED_COMMON_SHARES":38834408,"HK_COMMON_SHARES":31565804,"PER_SHARES":50,"TOTAL_MARKET_CAP":910666867.6,"HKSK_MARKET_CAP":740218103.8,"PE_TTM":-18.063995940061,"PB_TTM":0.776787824745,"REPORT_DATE_SQ":"2022-12-31 00:00:00","REPORT_TYPE_SQ":"2022年年报","OPERATE_INCOME_SQ":183032000,"DPS_HKD":null,"OPERATE_INCOME_QOQ_SQ":33.91572832298,"NET_PROFIT_RATIO_SQ":-109.4803094541,"HOLDER_PROFIT_SQ":-200384000,"HOLDER_PROFIT_QOQ_SQ":-18.333746707768,"ROE_AVG_SQ":-15.790527133664,"PE_TTM_SQ":-4.657091238228,"PB_TTM_SQ":0.788163010403,"ROA_SQ":-14.225720722687,"START_DATE":"2023-01-01 00:00:00","FISCAL_YEAR":"12-31","CURRENCY":"HKD","IS_CNY_CODE":0,"DPS_HKD_LY":null,"ORG_TYPE":"一般企业","PREMIUM_INCOME":null,"PREMIUM_INCOME_YOY":null,"NET_INTEREST_INCOME":null,"NET_INTEREST_INCOME_YOY":null,"FEE_COMMISSION_INCOME":null,"FEE_COMMISSION_INCOME_YOY":null,"ACCOUNTS_RECE_TDAYS":4.544048189472,"INVENTORY_TDAYS":0.493067861983,"CURRENT_ASSETS_TDAYS":0.217406641858,"TOTAL_ASSETS_TDAYS":0.184854507352,"PREMIUM_EXPENSE":null,"LOAN_DEPOSIT":null,"LOAN_EQUITY":null,"LOAN_ASSETS":null,"DEPOSIT_EQUITY":null,"DEPOSIT_ASSETS":null,"EQUITY_MULTIPLIER":1.116768187244,"EQUITY_RATIO":0.116768187244},{"SECUCODE":"06609.HK","SECURITY_CODE":"06609","SECURITY_NAME_ABBR":"心玮医疗-B","ORG_CODE":"10000166849","STD_REPORT_DATE":"2023-06-30 00:00:00","REPORT_DATE":"2023-06-30 00:00:00","DATE_TYPE_CODE":"002","REPORT_TYPE":"2023年中报","PER_NETCASH_OPERATE":-1.806825534717,"PER_OI":2.821878989375,"BPS":28.77667145074,"BASIC_EPS":-1.42,"DILUTED_EPS":-1.42,"OPERATE_INCOME":109586000,"OPERATE_INCOME_YOY":42.8519286171,"GROSS_PROFIT":79718000,"GROSS_PROFIT_YOY":56.724663324486,"HOLDER_PROFIT":-54338000,"HOLDER_PROFIT_YOY":18.6739504602,"GROSS_PROFIT_RATIO":72.744693665249,"EPS_TTM":-4.838672962389,"OPERATE_INCOME_QOQ":17.960247388435,"NET_PROFIT_RATIO":-49.5848009782,"ROE_AVG":-4.76022360033,"GROSS_PROFIT_QOQ":23.206228434929,"ROA":-4.241587351892,"HOLDER_PROFIT_QOQ":6.226545033536,"ROE_YEARLY":-9.520447200659,"ROIC_YEARLY":-21.790111079921,"TOTAL_ASSETS":1249595000,"TOTAL_LIABILITIES":132070000,"TAX_EBT":0.545427922981,"OCF_SALES":-64.02916430931,"TOTAL_PARENT_EQUITY":1117525000,"DEBT_ASSET_RATIO":10.5690243639,"OPERATE_PROFIT":-53510000,"PRETAX_PROFIT":-54636000,"NETCASH_OPERATE":-70167000,"NETCASH_INVEST":-81857000,"NETCASH_FINANCE":-11997000,"END_CASH":676005000,"DIVI_RATIO":null,"DIVIDEND_RATE":null,"CURRENT_RATIO":18.629307237601,"COMMON_ACS":null,"CURRENTDEBT_DEBT":42.0140834406,"ISSUED_COMMON_SHARES":38834408,"HK_COMMON_SHARES":31565804,"PER_SHARES":50,"TOTAL_MARKET_CAP":910666867.6,"HKSK_MARKET_CAP":740218103.8,"PE_TTM":-18.063995940061,"PB_TTM":0.776787824745,"REPORT_DATE_SQ":"2022-06-30 00:00:00","REPORT_TYPE_SQ":"2022年中报","OPERATE_INCOME_SQ":76713000,"DPS_HKD":null,"OPERATE_INCOME_QOQ_SQ":51.713305730999,"NET_PROFIT_RATIO_SQ":-87.0973628981,"HOLDER_PROFIT_SQ":-66815000,"HOLDER_PROFIT_QOQ_SQ":12.813489509589,"ROE_AVG_SQ":-5.008656358497,"PE_TTM_SQ":-4.657091238228,"PB_TTM_SQ":0.788163010403,"ROA_SQ":-4.56664228937,"START_DATE":"2023-01-01 00:00:00","FISCAL_YEAR":"12-31","CURRENCY":"HKD","IS_CNY_CODE":0,"DPS_HKD_LY":null,"ORG_TYPE":"一般企业","PREMIUM_INCOME":null,"PREMIUM_INCOME_YOY":null,"NET_INTEREST_INCOME":null,"NET_INTEREST_INCOME_YOY":null,"FEE_COMMISSION_INCOME":null,"FEE_COMMISSION_INCOME_YOY":null,"ACCOUNTS_RECE_TDAYS":2.592064336822,"INVENTORY_TDAYS":0.204648931979,"CURRENT_ASSETS_TDAYS":0.101200290896,"TOTAL_ASSETS_TDAYS":0.085542086853,"PREMIUM_EXPENSE":null,"LOAN_DEPOSIT":null,"LOAN_EQUITY":null,"LOAN_ASSETS":null,"DEPOSIT_EQUITY":null,"DEPOSIT_ASSETS":null,"EQUITY_MULTIPLIER":1.118180801324,"EQUITY_RATIO":0.118180801324},{"SECUCODE":"06609.HK","SECURITY_CODE":"06609","SECURITY_NAME_ABBR":"心玮医疗-B","ORG_CODE":"10000166849","STD_REPORT_DATE":"2022-12-31 00:00:00","REPORT_DATE":"2022-12-31 00:00:00","DATE_TYPE_CODE":"001","REPORT_TYPE":"2022年年报","PER_NETCASH_OPERATE":-6.869423630714,"PER_OI":4.713139955681,"BPS":30.01145273027,"BASIC_EPS":-5.24,"DILUTED_EPS":-5.24,"OPERATE_INCOME":183032000,"OPERATE_INCOME_YOY":103.1679783325,"GROSS_PROFIT":124333000,"GROSS_PROFIT_YOY":126.265696087352,"HOLDER_PROFIT":-200384000,"HOLDER_PROFIT_YOY":-3.1710644871,"GROSS_PROFIT_RATIO":67.929651645614,"EPS_TTM":-5.159960208483,"OPERATE_INCOME_QOQ":33.91572832298,"NET_PROFIT_RATIO":-109.4803094541,"ROE_AVG":-15.790527133664,"GROSS_PROFIT_QOQ":43.301868307919,"ROA":-14.225720722687,"HOLDER_PROFIT_QOQ":-18.333746707768,"ROE_YEARLY":-15.790527133664,"ROIC_YEARLY":-54.94729683781,"TOTAL_ASSETS":1312559000,"TOTAL_LIABILITIES":147082000,"TAX_EBT":0.429815800327,"OCF_SALES":-145.750469863193,"TOTAL_PARENT_EQUITY":1165477000,"DEBT_ASSET_RATIO":11.2057438942,"OPERATE_PROFIT":-164300000,"PRETAX_PROFIT":-201249000,"NETCASH_OPERATE":-266770000,"NETCASH_INVEST":44838000,"NETCASH_FINANCE":-24753000,"END_CASH":840026000,"DIVI_RATIO":null,"DIVIDEND_RATE":null,"CURRENT_RATIO":16.769205700234,"COMMON_ACS":null,"CURRENTDEBT_DEBT":45.896846656967,"ISSUED_COMMON_SHARES":38834408,"HK_COMMON_SHARES":31565804,"PER_SHARES":50,"TOTAL_MARKET_CAP":910666867.6,"HKSK_MARKET_CAP":740218103.8,"PE_TTM":-18.063995940061,"PB_TTM":0.776787824745,"REPORT_DATE_SQ":"2021-12-31 00:00:00","REPORT_TYPE_SQ":"2021年年报","OPERATE_INCOME_SQ":90089000,"DPS_HKD":null,"OPERATE_INCOME_QOQ_SQ":111.894345658105,"NET_PROFIT_RATIO_SQ":-219.6783181076,"HOLDER_PROFIT_SQ":-194225000,"HOLDER_PROFIT_QOQ_SQ":32.917604962491,"ROE_AVG_SQ":-18.912625084047,"PE_TTM_SQ":-4.657091238228,"PB_TTM_SQ":0.788163010403,"ROA_SQ":-17.050150574183,"START_DATE":"2022-01-01 00:00:00","FISCAL_YEAR":"12-31","CURRENCY":"HKD","IS_CNY_CODE":0,"DPS_HKD_LY":null,"ORG_TYPE":"一般企业","PREMIUM_INCOME":null,"PREMIUM_INCOME_YOY":null,"NET_INTEREST_INCOME":null,"NET_INTEREST_INCOME_YOY":null,"FEE_COMMISSION_INCOME":null,"FEE_COMMISSION_INCOME_YOY":null,"ACCOUNTS_RECE_TDAYS":8.266841308914,"INVENTORY_TDAYS":0.714595278965,"CURRENT_ASSETS_TDAYS":0.148544076197,"TOTAL_ASSETS_TDAYS":0.129938623608,"PREMIUM_EXPENSE":null,"LOAN_DEPOSIT":null,"LOAN_EQUITY":null,"LOAN_ASSETS":null,"DEPOSIT_EQUITY":null,"DEPOSIT_ASSETS":null,"EQUITY_MULTIPLIER":1.12619897261,"EQUITY_RATIO":0.126198972609},{"SECUCODE":"06609.HK","SECURITY_CODE":"06609","SECURITY_NAME_ABBR":"心玮医疗-B","ORG_CODE":"10000166849","STD_REPORT_DATE":"2022-06-30 00:00:00","REPORT_DATE":"2022-06-30 00:00:00","DATE_TYPE_CODE":"002","REPORT_TYPE":"2022年中报","PER_NETCASH_OPERATE":-3.662551003739,"PER_OI":1.975387393571,"BPS":33.357789308904,"BASIC_EPS":-1.75,"DILUTED_EPS":-1.75,"OPERATE_INCOME":76713000,"OPERATE_INCOME_YOY":154.6489626556,"GROSS_PROFIT":50865000,"GROSS_PROFIT_YOY":166.979844635734,"HOLDER_PROFIT":-66815000,"HOLDER_PROFIT_YOY":27.138993697,"GROSS_PROFIT_RATIO":66.305580540456,"EPS_TTM":-4.36051452104,"OPERATE_INCOME_QOQ":51.713305730999,"NET_PROFIT_RATIO":-87.0973628981,"ROE_AVG":-5.008656358497,"GROSS_PROFIT_QOQ":57.894449499545,"ROA":-4.56664228937,"HOLDER_PROFIT_QOQ":12.813489509589,"ROE_YEARLY":-10.017312716995,"ROIC_YEARLY":-37.56020299318,"TOTAL_ASSETS":1421572000,"TOTAL_LIABILITIES":126142000,"TAX_EBT":0.253788161529,"OCF_SALES":-185.409252669039,"TOTAL_PARENT_EQUITY":1295430000,"DEBT_ASSET_RATIO":8.87341619,"OPERATE_PROFIT":-63184000,"PRETAX_PROFIT":-66985000,"NETCASH_OPERATE":-142233000,"NETCASH_INVEST":80266000,"NETCASH_FINANCE":-27792000,"END_CASH":996952000,"DIVI_RATIO":null,"DIVIDEND_RATE":null,"CURRENT_RATIO":23.394003827344,"COMMON_ACS":null,"CURRENTDEBT_DEBT":41.011716953909,"ISSUED_COMMON_SHARES":38834408,"HK_COMMON_SHARES":31565804,"PER_SHARES":50,"TOTAL_MARKET_CAP":904841706.4,"HKSK_MARKET_CAP":735483233.2,"PE_TTM":-17.948447991617,"PB_TTM":0.77181903269,"REPORT_DATE_SQ":"2021-06-30 00:00:00","REPORT_TYPE_SQ":"2021年中报","OPERATE_INCOME_SQ":30125000,"DPS_HKD":null,"OPERATE_INCOME_QOQ_SQ":52.869265065439,"NET_PROFIT_RATIO_SQ":-310.9410788382,"HOLDER_PROFIT_SQ":-91702000,"HOLDER_PROFIT_QOQ_SQ":-18.488749928383,"ROE_AVG_SQ":-13.956518099703,"PE_TTM_SQ":-4.657091238228,"PB_TTM_SQ":0.788163010403,"ROA_SQ":-11.988811558165,"START_DATE":"2022-01-01 00:00:00","FISCAL_YEAR":"12-31","CURRENCY":"HKD","IS_CNY_CODE":0,"DPS_HKD_LY":null,"ORG_TYPE":"一般企业","PREMIUM_INCOME":null,"PREMIUM_INCOME_YOY":null,"NET_INTEREST_INCOME":null,"NET_INTEREST_INCOME_YOY":null,"FEE_COMMISSION_INCOME":null,"FEE_COMMISSION_INCOME_YOY":null,"ACCOUNTS_RECE_TDAYS":3.625720767558,"INVENTORY_TDAYS":0.523869843232,"CURRENT_ASSETS_TDAYS":0.060342976348,"TOTAL_ASSETS_TDAYS":0.052431464483,"PREMIUM_EXPENSE":null,"LOAN_DEPOSIT":null,"LOAN_EQUITY":null,"LOAN_ASSETS":null,"DEPOSIT_EQUITY":null,"DEPOSIT_ASSETS":null,"EQUITY_MULTIPLIER":1.097374616923,"EQUITY_RATIO":0.097374616923},{"SECUCODE":"06609.HK","SECURITY_CODE":"06609","SECURITY_NAME_ABBR":"心玮医疗-B","ORG_CODE":"10000166849","STD_REPORT_DATE":"2021-12-31 00:00:00","REPORT_DATE":"2021-12-31 00:00:00","DATE_TYPE_CODE":"001","REPORT_TYPE":"2021年年报","PER_NETCASH_OPERATE":-5.30073742852,"PER_OI":2.31982421362,"BPS":35.343682849498,"BASIC_EPS":-5.82,"DILUTED_EPS":-5.82,"OPERATE_INCOME":90089000,"OPERATE_INCOME_YOY":518.6581513528,"GROSS_PROFIT":54950000,"GROSS_PROFIT_YOY":675.363341329194,"HOLDER_PROFIT":-194225000,"HOLDER_PROFIT_YOY":9.0979294593,"GROSS_PROFIT_RATIO":60.99523804238,"EPS_TTM":-5.001363739084,"OPERATE_INCOME_QOQ":111.894345658105,"NET_PROFIT_RATIO":-219.6783181076,"ROE_AVG":-18.912625084047,"GROSS_PROFIT_QOQ":119.40507087243,"ROA":-17.050150574183,"HOLDER_PROFIT_QOQ":32.917604962491,"ROE_YEARLY":-18.912625084047,"ROIC_YEARLY":-92.824695264017,"TOTAL_ASSETS":1504648000,"TOTAL_LIABILITIES":132097000,"TAX_EBT":null,"OCF_SALES":-228.497374818235,"TOTAL_PARENT_EQUITY":1372551000,"DEBT_ASSET_RATIO":8.7792626581,"OPERATE_PROFIT":-195542000,"PRETAX_PROFIT":-197906000,"NETCASH_OPERATE":-205851000,"NETCASH_INVEST":-161105000,"NETCASH_FINANCE":821249000,"END_CASH":1086711000,"DIVI_RATIO":null,"DIVIDEND_RATE":null,"CURRENT_RATIO":24.054380010111,"COMMON_ACS":null,"CURRENTDEBT_DEBT":41.929794015004,"ISSUED_COMMON_SHARES":38834408,"HK_COMMON_SHARES":31565804,"PER_SHARES":50,"TOTAL_MARKET_CAP":904841706.4,"HKSK_MARKET_CAP":735483233.2,"PE_TTM":-17.948447991617,"PB_TTM":0.77181903269,"REPORT_DATE_SQ":"2020-12-31 00:00:00","REPORT_TYPE_SQ":"2020年年报","OPERATE_INCOME_SQ":14562000,"DPS_HKD":null,"OPERATE_INCOME_QOQ_SQ":99.670917317976,"NET_PROFIT_RATIO_SQ":-1484.5694272765,"HOLDER_PROFIT_SQ":-213664000,"HOLDER_PROFIT_QOQ_SQ":-164.556789619009,"ROE_AVG_SQ":-56.047353172246,"PE_TTM_SQ":-4.657091238228,"PB_TTM_SQ":0.788163010403,"ROA_SQ":-49.406993065207,"START_DATE":"2021-01-01 00:00:00","FISCAL_YEAR":"12-31","CURRENCY":"HKD","IS_CNY_CODE":0,"DPS_HKD_LY":null,"ORG_TYPE":"一般企业","PREMIUM_INCOME":null,"PREMIUM_INCOME_YOY":null,"NET_INTEREST_INCOME":null,"NET_INTEREST_INCOME_YOY":null,"FEE_COMMISSION_INCOME":null,"FEE_COMMISSION_INCOME_YOY":null,"ACCOUNTS_RECE_TDAYS":4.75880830384,"INVENTORY_TDAYS":1.723936613845,"CURRENT_ASSETS_TDAYS":0.090355277001,"TOTAL_ASSETS_TDAYS":0.079085133998,"PREMIUM_EXPENSE":null,"LOAN_DEPOSIT":null,"LOAN_EQUITY":null,"LOAN_ASSETS":null,"DEPOSIT_EQUITY":null,"DEPOSIT_ASSETS":null,"EQUITY_MULTIPLIER":1.096241961136,"EQUITY_RATIO":0.096241961137},{"SECUCODE":"06609.HK","SECURITY_CODE":"06609","SECURITY_NAME_ABBR":"心玮医疗-B","ORG_CODE":"10000166849","STD_REPORT_DATE":"2021-06-30 00:00:00","REPORT_DATE":"2021-06-30 00:00:00","DATE_TYPE_CODE":"002","REPORT_TYPE":"2021年中报","PER_NETCASH_OPERATE":-2.188502466416,"PER_OI":0.934601185121,"BPS":16.293334508923,"BASIC_EPS":-3.02,"DILUTED_EPS":-3.02,"OPERATE_INCOME":30125000,"OPERATE_INCOME_YOY":1287.6093965914,"GROSS_PROFIT":19052000,"GROSS_PROFIT_YOY":1641.49908592322,"HOLDER_PROFIT":-91702000,"HOLDER_PROFIT_YOY":-479.1461412151,"GROSS_PROFIT_RATIO":63.243153526971,"EPS_TTM":-8.982471380262,"OPERATE_INCOME_QOQ":52.869265065439,"NET_PROFIT_RATIO":-310.9410788382,"ROE_AVG":-13.956518099703,"GROSS_PROFIT_QOQ":59.056268258605,"ROA":-11.988811558165,"HOLDER_PROFIT_QOQ":-18.488749928383,"ROE_YEARLY":-27.913036199405,"ROIC_YEARLY":-61.495439914163,"TOTAL_ASSETS":756162000,"TOTAL_LIABILITIES":119565000,"TAX_EBT":null,"OCF_SALES":-234.164315352697,"TOTAL_PARENT_EQUITY":632742000,"DEBT_ASSET_RATIO":15.8120878859,"OPERATE_PROFIT":-92430000,"PRETAX_PROFIT":-93671000,"NETCASH_OPERATE":-70542000,"NETCASH_INVEST":-429302000,"NETCASH_FINANCE":-3342000,"END_CASH":129232000,"DIVI_RATIO":null,"DIVIDEND_RATE":null,"CURRENT_RATIO":10.404651720828,"COMMON_ACS":null,"CURRENTDEBT_DEBT":48.796888721616,"ISSUED_COMMON_SHARES":38834408,"HK_COMMON_SHARES":31565804,"PER_SHARES":50,"TOTAL_MARKET_CAP":904841706.4,"HKSK_MARKET_CAP":735483233.2,"PE_TTM":-17.948447991617,"PB_TTM":0.77181903269,"REPORT_DATE_SQ":"2020-06-30 00:00:00","REPORT_TYPE_SQ":"2020年中报","OPERATE_INCOME_SQ":2171000,"DPS_HKD":null,"OPERATE_INCOME_QOQ_SQ":null,"NET_PROFIT_RATIO_SQ":-729.3413173653,"HOLDER_PROFIT_SQ":-15834000,"HOLDER_PROFIT_QOQ_SQ":0,"ROE_AVG_SQ":null,"PE_TTM_SQ":-4.657091238228,"PB_TTM_SQ":0.788163010403,"ROA_SQ":null,"START_DATE":"2021-01-01 00:00:00","FISCAL_YEAR":"12-31","CURRENCY":"HKD","IS_CNY_CODE":0,"DPS_HKD_LY":null,"ORG_TYPE":"一般企业","PREMIUM_INCOME":null,"PREMIUM_INCOME_YOY":null,"NET_INTEREST_INCOME":null,"NET_INTEREST_INCOME_YOY":null,"FEE_COMMISSION_INCOME":null,"FEE_COMMISSION_INCOME_YOY":null,"ACCOUNTS_RECE_TDAYS":2.052671027528,"INVENTORY_TDAYS":1.091097206484,"CURRENT_ASSETS_TDAYS":0.047484653197,"TOTAL_ASSETS_TDAYS":0.039384413447,"PREMIUM_EXPENSE":null,"LOAN_DEPOSIT":null,"LOAN_EQUITY":null,"LOAN_ASSETS":null,"DEPOSIT_EQUITY":null,"DEPOSIT_ASSETS":null,"EQUITY_MULTIPLIER":1.187818981239,"EQUITY_RATIO":0.188963274131},{"SECUCODE":"06609.HK","SECURITY_CODE":"06609","SECURITY_NAME_ABBR":"心玮医疗-B","ORG_CODE":"10000166849","STD_REPORT_DATE":"2021-03-31 00:00:00","REPORT_DATE":"2021-03-31 00:00:00","DATE_TYPE_CODE":"003","REPORT_TYPE":"2021年一季报","PER_NETCASH_OPERATE":-1.050724412869,"PER_OI":0.422517295939,"BPS":16.949994448222,"BASIC_EPS":-1.31,"DILUTED_EPS":-1.31,"OPERATE_INCOME":13619000,"OPERATE_INCOME_YOY":3590.7859078591,"GROSS_PROFIT":8817000,"GROSS_PROFIT_YOY":5480.37974683544,"HOLDER_PROFIT":-39801000,"HOLDER_PROFIT_YOY":-336.8455712875,"GROSS_PROFIT_RATIO":64.740436155371,"EPS_TTM":-7.580864331586,"OPERATE_INCOME_QOQ":90.990248592226,"NET_PROFIT_RATIO":-303.2307805272,"ROE_AVG":-5.942172765079,"GROSS_PROFIT_QOQ":122.181459009454,"ROA":-5.209994822861,"HOLDER_PROFIT_QOQ":-14.363673805601,"ROE_YEARLY":-23.768691060315,"ROIC_YEARLY":-58.806646609376,"TOTAL_ASSETS":754240000,"TOTAL_LIABILITIES":87826000,"TAX_EBT":null,"OCF_SALES":-248.681988398561,"TOTAL_PARENT_EQUITY":658243000,"DEBT_ASSET_RATIO":11.6443042003,"OPERATE_PROFIT":null,"PRETAX_PROFIT":-41297000,"NETCASH_OPERATE":-33868000,"NETCASH_INVEST":-419297000,"NETCASH_FINANCE":-2229000,"END_CASH":177024000,"DIVI_RATIO":null,"DIVIDEND_RATE":null,"CURRENT_RATIO":15.372304089002,"COMMON_ACS":null,"CURRENTDEBT_DEBT":46.669551157971,"ISSUED_COMMON_SHARES":38834408,"HK_COMMON_SHARES":31565804,"PER_SHARES":50,"TOTAL_MARKET_CAP":910666867.6,"HKSK_MARKET_CAP":740218103.8,"PE_TTM":-18.063995940061,"PB_TTM":0.776787824745,"REPORT_DATE_SQ":"2020-03-31 00:00:00","REPORT_TYPE_SQ":"2020年一季报","OPERATE_INCOME_SQ":369000,"DPS_HKD":null,"OPERATE_INCOME_QOQ_SQ":null,"NET_PROFIT_RATIO_SQ":-2469.1056910569,"HOLDER_PROFIT_SQ":-9111000,"HOLDER_PROFIT_QOQ_SQ":0,"ROE_AVG_SQ":null,"PE_TTM_SQ":-4.657091238228,"PB_TTM_SQ":0.788163010403,"ROA_SQ":null,"START_DATE":"2021-01-01 00:00:00","FISCAL_YEAR":"12-31","CURRENCY":"HKD","IS_CNY_CODE":0,"DPS_HKD_LY":null,"ORG_TYPE":"一般企业","PREMIUM_INCOME":null,"PREMIUM_INCOME_YOY":null,"NET_INTEREST_INCOME":null,"NET_INTEREST_INCOME_YOY":null,"FEE_COMMISSION_INCOME":null,"FEE_COMMISSION_INCOME_YOY":null,"ACCOUNTS_RECE_TDAYS":1.714159848962,"INVENTORY_TDAYS":0.527634325898,"CURRENT_ASSETS_TDAYS":0.021084295381,"TOTAL_ASSETS_TDAYS":0.017827421294,"PREMIUM_EXPENSE":null,"LOAN_DEPOSIT":null,"LOAN_EQUITY":null,"LOAN_ASSETS":null,"DEPOSIT_EQUITY":null,"DEPOSIT_ASSETS":null,"EQUITY_MULTIPLIER":1.131788948012,"EQUITY_RATIO":0.1334248902},{"SECUCODE":"06609.HK","SECURITY_CODE":"06609","SECURITY_NAME_ABBR":"心玮医疗-B","ORG_CODE":"10000166849","STD_REPORT_DATE":"2020-12-31 00:00:00","REPORT_DATE":"2020-12-31 00:00:00","DATE_TYPE_CODE":"001","REPORT_TYPE":"2020年年报","PER_NETCASH_OPERATE":-2.321037446096,"PER_OI":0.451773027642,"BPS":17.545471531329,"BASIC_EPS":-9.78,"DILUTED_EPS":-9.78,"OPERATE_INCOME":14562000,"OPERATE_INCOME_YOY":null,"GROSS_PROFIT":7087000,"GROSS_PROFIT_YOY":null,"HOLDER_PROFIT":-213664000,"HOLDER_PROFIT_YOY":-183.0061723489,"GROSS_PROFIT_RATIO":48.667765416838,"EPS_TTM":-6.628734526727,"OPERATE_INCOME_QOQ":99.670917317976,"NET_PROFIT_RATIO":-1484.5694272765,"ROE_AVG":-56.047353172246,"GROSS_PROFIT_QOQ":136.233333333333,"ROA":-49.406993065207,"HOLDER_PROFIT_QOQ":-164.556789619009,"ROE_YEARLY":-56.047353172246,"ROIC_YEARLY":-216.608796589636,"TOTAL_ASSETS":773631000,"TOTAL_LIABILITIES":82596000,"TAX_EBT":null,"OCF_SALES":-513.761845900288,"TOTAL_PARENT_EQUITY":681368000,"DEBT_ASSET_RATIO":10.6764077448,"OPERATE_PROFIT":-214579000,"PRETAX_PROFIT":-216183000,"NETCASH_OPERATE":-74814000,"NETCASH_INVEST":-4534000,"NETCASH_FINANCE":686218000,"END_CASH":632418000,"DIVI_RATIO":null,"DIVIDEND_RATE":null,"CURRENT_RATIO":18.075549000328,"COMMON_ACS":null,"CURRENTDEBT_DEBT":44.326601772483,"ISSUED_COMMON_SHARES":38834408,"HK_COMMON_SHARES":31565804,"PER_SHARES":50,"TOTAL_MARKET_CAP":910666867.6,"HKSK_MARKET_CAP":740218103.8,"PE_TTM":-18.063995940061,"PB_TTM":0.776787824745,"REPORT_DATE_SQ":"2019-12-31 00:00:00","REPORT_TYPE_SQ":"2019年年报","OPERATE_INCOME_SQ":null,"DPS_HKD":null,"OPERATE_INCOME_QOQ_SQ":null,"NET_PROFIT_RATIO_SQ":null,"HOLDER_PROFIT_SQ":-75498000,"HOLDER_PROFIT_QOQ_SQ":null,"ROE_AVG_SQ":-93.12348130697,"PE_TTM_SQ":-4.657091238228,"PB_TTM_SQ":0.788163010403,"ROA_SQ":-82.707623544362,"START_DATE":"2020-01-01 00:00:00","FISCAL_YEAR":"12-31","CURRENCY":"HKD","IS_CNY_CODE":0,"DPS_HKD_LY":null,"ORG_TYPE":"一般企业","PREMIUM_INCOME":null,"PREMIUM_INCOME_YOY":null,"NET_INTEREST_INCOME":null,"NET_INTEREST_INCOME_YOY":null,"FEE_COMMISSION_INCOME":null,"FEE_COMMISSION_INCOME_YOY":null,"ACCOUNTS_RECE_TDAYS":null,"INVENTORY_TDAYS":1.682611142375,"CURRENT_ASSETS_TDAYS":0.040112884632,"TOTAL_ASSETS_TDAYS":0.033672711969,"PREMIUM_EXPENSE":null,"LOAN_DEPOSIT":null,"LOAN_EQUITY":null,"LOAN_ASSETS":null,"DEPOSIT_EQUITY":null,"DEPOSIT_ASSETS":null,"EQUITY_MULTIPLIER":1.119525060236,"EQUITY_RATIO":0.121220838079}],"count":14},"success":true,"message":"ok","code":0}