{"version":"de5aa8c7482b8ead8da954d83a8cf984","result":{"pages":2,"data":[{"SECUCODE":"06601.HK","SECURITY_CODE":"06601","SECURITY_NAME_ABBR":"朝云集团","ORG_CODE":"10000125016","STD_REPORT_DATE":"2024-06-30 00:00:00","REPORT_DATE":"2024-06-30 00:00:00","DATE_TYPE_CODE":"002","REPORT_TYPE":"2024年中报","PER_NETCASH_OPERATE":-0.119782485027,"PER_OI":0.936851882894,"BPS":2.267476216565,"BASIC_EPS":0.1346,"DILUTED_EPS":null,"OPERATE_INCOME":1249136000,"OPERATE_INCOME_YOY":10.273570506,"GROSS_PROFIT":579011000,"GROSS_PROFIT_YOY":23.778221005129,"HOLDER_PROFIT":179461000,"HOLDER_PROFIT_YOY":31.4713337534,"GROSS_PROFIT_RATIO":46.352919137708,"EPS_TTM":0.163481229565,"OPERATE_INCOME_QOQ":7.203273117787,"NET_PROFIT_RATIO":14.0795718,"ROE_AVG":6.031626370624,"GROSS_PROFIT_QOQ":15.486078818475,"ROA":4.781601196006,"HOLDER_PROFIT_QOQ":24.545755816611,"ROE_YEARLY":12.063252741247,"ROIC_YEARLY":28.968053157841,"TOTAL_ASSETS":3670169000,"TOTAL_LIABILITIES":642877000,"TAX_EBT":20.081339604208,"OCF_SALES":-12.785637432593,"TOTAL_PARENT_EQUITY":3023302000,"DEBT_ASSET_RATIO":17.5162778608,"OPERATE_PROFIT":220803000,"PRETAX_PROFIT":220065000,"NETCASH_OPERATE":-159710000,"NETCASH_INVEST":-155696000,"NETCASH_FINANCE":-18465000,"END_CASH":1213034000,"DIVI_RATIO":0.719067836185,"DIVIDEND_RATE":6.56345177665,"CURRENT_RATIO":4.875343788761,"COMMON_ACS":250000000000,"CURRENTDEBT_DEBT":95.186326466805,"ISSUED_COMMON_SHARES":1333333500,"HK_COMMON_SHARES":1333333500,"PER_SHARES":500,"TOTAL_MARKET_CAP":2626666995,"HKSK_MARKET_CAP":2626666995,"PE_TTM":10.867234333281,"PB_TTM":0.79294309103,"REPORT_DATE_SQ":"2023-06-30 00:00:00","REPORT_TYPE_SQ":"2023年中报","OPERATE_INCOME_SQ":1132761000,"DPS_HKD":0.1293,"OPERATE_INCOME_QOQ_SQ":7.598214941956,"NET_PROFIT_RATIO_SQ":11.9795790992,"HOLDER_PROFIT_SQ":136502000,"HOLDER_PROFIT_QOQ_SQ":72.368299088522,"ROE_AVG_SQ":4.723038505867,"PE_TTM_SQ":16.021578955222,"PB_TTM_SQ":0.576693105129,"ROA_SQ":3.870542596753,"START_DATE":"2024-01-01 00:00:00","FISCAL_YEAR":"12-31","CURRENCY":"HKD","IS_CNY_CODE":0,"DPS_HKD_LY":0.1293,"ORG_TYPE":"一般企业","PREMIUM_INCOME":null,"PREMIUM_INCOME_YOY":null,"NET_INTEREST_INCOME":null,"NET_INTEREST_INCOME_YOY":null,"FEE_COMMISSION_INCOME":null,"FEE_COMMISSION_INCOME_YOY":null,"ACCOUNTS_RECE_TDAYS":11.995582572287,"INVENTORY_TDAYS":3.145071020761,"CURRENT_ASSETS_TDAYS":0.407852310196,"TOTAL_ASSETS_TDAYS":0.332822740962,"PREMIUM_EXPENSE":null,"LOAN_DEPOSIT":null,"LOAN_EQUITY":null,"LOAN_ASSETS":null,"DEPOSIT_EQUITY":null,"DEPOSIT_ASSETS":null,"EQUITY_MULTIPLIER":1.212360419808,"EQUITY_RATIO":0.212640682274},{"SECUCODE":"06601.HK","SECURITY_CODE":"06601","SECURITY_NAME_ABBR":"朝云集团","ORG_CODE":"10000125016","STD_REPORT_DATE":"2023-12-31 00:00:00","REPORT_DATE":"2023-12-31 00:00:00","DATE_TYPE_CODE":"001","REPORT_TYPE":"2023年年报","PER_NETCASH_OPERATE":0.245186219352,"PER_OI":1.211688598539,"BPS":2.19552347556,"BASIC_EPS":0.1313,"DILUTED_EPS":0.1313,"OPERATE_INCOME":1615585000,"OPERATE_INCOME_YOY":11.6785954745,"GROSS_PROFIT":718258000,"GROSS_PROFIT_YOY":19.436157865156,"HOLDER_PROFIT":175016000,"HOLDER_PROFIT_YOY":164.7705783574,"GROSS_PROFIT_RATIO":44.45807555777,"EPS_TTM":0.131261983592,"OPERATE_INCOME_QOQ":4.11206521564,"NET_PROFIT_RATIO":10.696868317,"ROE_AVG":6.093197201703,"GROSS_PROFIT_QOQ":7.672266211747,"ROA":4.724369701851,"HOLDER_PROFIT_QOQ":56.860917418036,"ROE_YEARLY":6.093197201703,"ROIC_YEARLY":14.564476660896,"TOTAL_ASSETS":3836145000,"TOTAL_LIABILITIES":898673000,"TAX_EBT":20.45833218267,"OCF_SALES":20.235085123964,"TOTAL_PARENT_EQUITY":2927365000,"DEBT_ASSET_RATIO":23.4264606786,"OPERATE_PROFIT":218269000,"PRETAX_PROFIT":217266000,"NETCASH_OPERATE":326915000,"NETCASH_INVEST":-43930000,"NETCASH_FINANCE":-93629000,"END_CASH":1543424000,"DIVI_RATIO":0.89556847141,"DIVIDEND_RATE":6.630769230769,"CURRENT_RATIO":3.620955743809,"COMMON_ACS":250000000000,"CURRENTDEBT_DEBT":96.55825867696,"ISSUED_COMMON_SHARES":1333333500,"HK_COMMON_SHARES":1333333500,"PER_SHARES":500,"TOTAL_MARKET_CAP":2600000325,"HKSK_MARKET_CAP":2600000325,"PE_TTM":10.756907081166,"PB_TTM":0.784892907365,"REPORT_DATE_SQ":"2022-12-31 00:00:00","REPORT_TYPE_SQ":"2022年年报","OPERATE_INCOME_SQ":1446638000,"DPS_HKD":0.1293,"OPERATE_INCOME_QOQ_SQ":-5.049289380974,"NET_PROFIT_RATIO_SQ":4.443576939,"HOLDER_PROFIT_SQ":66101000,"HOLDER_PROFIT_QOQ_SQ":5.028313673314,"ROE_AVG_SQ":2.334196501626,"PE_TTM_SQ":16.943684218832,"PB_TTM_SQ":0.609884075208,"ROA_SQ":1.850597620382,"START_DATE":"2023-01-01 00:00:00","FISCAL_YEAR":"12-31","CURRENCY":"HKD","IS_CNY_CODE":0,"DPS_HKD_LY":0.0698,"ORG_TYPE":"一般企业","PREMIUM_INCOME":null,"PREMIUM_INCOME_YOY":null,"NET_INTEREST_INCOME":null,"NET_INTEREST_INCOME_YOY":null,"FEE_COMMISSION_INCOME":null,"FEE_COMMISSION_INCOME_YOY":null,"ACCOUNTS_RECE_TDAYS":17.478727490087,"INVENTORY_TDAYS":3.056238824271,"CURRENT_ASSETS_TDAYS":0.513117554748,"TOTAL_ASSETS_TDAYS":0.436109888511,"PREMIUM_EXPENSE":null,"LOAN_DEPOSIT":null,"LOAN_EQUITY":null,"LOAN_ASSETS":null,"DEPOSIT_EQUITY":null,"DEPOSIT_ASSETS":null,"EQUITY_MULTIPLIER":1.30593415018,"EQUITY_RATIO":0.306990416296},{"SECUCODE":"06601.HK","SECURITY_CODE":"06601","SECURITY_NAME_ABBR":"朝云集团","ORG_CODE":"10000125016","STD_REPORT_DATE":"2023-06-30 00:00:00","REPORT_DATE":"2023-06-30 00:00:00","DATE_TYPE_CODE":"002","REPORT_TYPE":"2023年中报","PER_NETCASH_OPERATE":-0.055463243067,"PER_OI":0.849570643804,"BPS":2.22224297222,"BASIC_EPS":0.1024,"DILUTED_EPS":null,"OPERATE_INCOME":1132761000,"OPERATE_INCOME_YOY":10.7098457749,"GROSS_PROFIT":467781000,"GROSS_PROFIT_YOY":16.796043054997,"HOLDER_PROFIT":136502000,"HOLDER_PROFIT_YOY":52.2474291195,"GROSS_PROFIT_RATIO":41.295648420099,"EPS_TTM":0.08368048954,"OPERATE_INCOME_QOQ":7.598214941956,"NET_PROFIT_RATIO":11.9795790992,"ROE_AVG":4.723038505867,"GROSS_PROFIT_QOQ":11.215255548442,"ROA":3.870542596753,"HOLDER_PROFIT_QOQ":72.368299088522,"ROE_YEARLY":9.446077011734,"ROIC_YEARLY":24.656852540183,"TOTAL_ASSETS":3480450000,"TOTAL_LIABILITIES":510856000,"TAX_EBT":22.046438952653,"OCF_SALES":-6.528385069754,"TOTAL_PARENT_EQUITY":2962991000,"DEBT_ASSET_RATIO":14.6778721142,"OPERATE_PROFIT":174543000,"PRETAX_PROFIT":174078000,"NETCASH_OPERATE":-73951000,"NETCASH_INVEST":250358000,"NETCASH_FINANCE":-5150000,"END_CASH":1542332000,"DIVI_RATIO":1.404796920361,"DIVIDEND_RATE":6.630769230769,"CURRENT_RATIO":6.183664955396,"COMMON_ACS":250000000000,"CURRENTDEBT_DEBT":96.658353821821,"ISSUED_COMMON_SHARES":1333333500,"HK_COMMON_SHARES":1333333500,"PER_SHARES":500,"TOTAL_MARKET_CAP":2600000325,"HKSK_MARKET_CAP":2600000325,"PE_TTM":10.756907081166,"PB_TTM":0.784892907365,"REPORT_DATE_SQ":"2022-06-30 00:00:00","REPORT_TYPE_SQ":"2022年中报","OPERATE_INCOME_SQ":1023180000,"DPS_HKD":0.1293,"OPERATE_INCOME_QOQ_SQ":-14.146285490773,"NET_PROFIT_RATIO_SQ":8.744316708,"HOLDER_PROFIT_SQ":89658000,"HOLDER_PROFIT_QOQ_SQ":-33.077432595311,"ROE_AVG_SQ":3.234943720048,"PE_TTM_SQ":16.943684218832,"PB_TTM_SQ":0.609884075208,"ROA_SQ":2.687709175499,"START_DATE":"2023-01-01 00:00:00","FISCAL_YEAR":"12-31","CURRENCY":"HKD","IS_CNY_CODE":0,"DPS_HKD_LY":0.0698,"ORG_TYPE":"一般企业","PREMIUM_INCOME":null,"PREMIUM_INCOME_YOY":null,"NET_INTEREST_INCOME":null,"NET_INTEREST_INCOME_YOY":null,"FEE_COMMISSION_INCOME":null,"FEE_COMMISSION_INCOME_YOY":null,"ACCOUNTS_RECE_TDAYS":10.526051201041,"INVENTORY_TDAYS":2.846795011751,"CURRENT_ASSETS_TDAYS":0.364907909767,"TOTAL_ASSETS_TDAYS":0.321196737223,"PREMIUM_EXPENSE":null,"LOAN_DEPOSIT":null,"LOAN_EQUITY":null,"LOAN_ASSETS":null,"DEPOSIT_EQUITY":null,"DEPOSIT_ASSETS":null,"EQUITY_MULTIPLIER":1.172028903614,"EQUITY_RATIO":0.172412268549},{"SECUCODE":"06601.HK","SECURITY_CODE":"06601","SECURITY_NAME_ABBR":"朝云集团","ORG_CODE":"10000125016","STD_REPORT_DATE":"2022-12-31 00:00:00","REPORT_DATE":"2022-12-31 00:00:00","DATE_TYPE_CODE":"001","REPORT_TYPE":"2022年年报","PER_NETCASH_OPERATE":0.050071493741,"PER_OI":1.084978364378,"BPS":2.109354486331,"BASIC_EPS":0.0496,"DILUTED_EPS":0.0496,"OPERATE_INCOME":1446638000,"OPERATE_INCOME_YOY":-18.4812879807,"GROSS_PROFIT":601374000,"GROSS_PROFIT_YOY":-23.62787106344,"HOLDER_PROFIT":66101000,"HOLDER_PROFIT_YOY":-29.712355988,"GROSS_PROFIT_RATIO":41.589966398418,"EPS_TTM":0.048547493932,"OPERATE_INCOME_QOQ":-5.049289380974,"NET_PROFIT_RATIO":4.443576939,"ROE_AVG":2.334196501626,"GROSS_PROFIT_QOQ":-4.765322210596,"ROA":1.850597620382,"HOLDER_PROFIT_QOQ":5.028313673314,"ROE_YEARLY":2.334196501626,"ROIC_YEARLY":6.607998097125,"TOTAL_ASSETS":3578159000,"TOTAL_LIABILITIES":753591000,"TAX_EBT":24.304696263574,"OCF_SALES":4.629196904161,"TOTAL_PARENT_EQUITY":2817271000,"DEBT_ASSET_RATIO":21.0795739517,"OPERATE_PROFIT":87336000,"PRETAX_PROFIT":86473000,"NETCASH_OPERATE":71681000,"NETCASH_INVEST":-1289423000,"NETCASH_FINANCE":-105535000,"END_CASH":1340980000,"DIVI_RATIO":2.421424557274,"DIVIDEND_RATE":6.630769230769,"CURRENT_RATIO":4.295681547117,"COMMON_ACS":250000000000,"CURRENTDEBT_DEBT":97.520936423073,"ISSUED_COMMON_SHARES":1333333500,"HK_COMMON_SHARES":1333333500,"PER_SHARES":500,"TOTAL_MARKET_CAP":2600000325,"HKSK_MARKET_CAP":2600000325,"PE_TTM":10.756907081166,"PB_TTM":0.784892907365,"REPORT_DATE_SQ":"2021-12-31 00:00:00","REPORT_TYPE_SQ":"2021年年报","OPERATE_INCOME_SQ":1769157000,"DPS_HKD":0.1293,"OPERATE_INCOME_QOQ_SQ":0.384138103606,"NET_PROFIT_RATIO_SQ":5.1304095679,"HOLDER_PROFIT_SQ":92093000,"HOLDER_PROFIT_QOQ_SQ":-42.821397970968,"ROE_AVG_SQ":6.177748887954,"PE_TTM_SQ":16.943684218832,"PB_TTM_SQ":0.609884075208,"ROA_SQ":3.660967089539,"START_DATE":"2022-01-01 00:00:00","FISCAL_YEAR":"12-31","CURRENCY":"HKD","IS_CNY_CODE":0,"DPS_HKD_LY":0.0872,"ORG_TYPE":"一般企业","PREMIUM_INCOME":null,"PREMIUM_INCOME_YOY":null,"NET_INTEREST_INCOME":null,"NET_INTEREST_INCOME_YOY":null,"FEE_COMMISSION_INCOME":null,"FEE_COMMISSION_INCOME_YOY":null,"ACCOUNTS_RECE_TDAYS":17.198642310687,"INVENTORY_TDAYS":2.554159294987,"CURRENT_ASSETS_TDAYS":0.460856291296,"TOTAL_ASSETS_TDAYS":0.412315894412,"PREMIUM_EXPENSE":null,"LOAN_DEPOSIT":null,"LOAN_EQUITY":null,"LOAN_ASSETS":null,"DEPOSIT_EQUITY":null,"DEPOSIT_ASSETS":null,"EQUITY_MULTIPLIER":1.267099089643,"EQUITY_RATIO":0.267489709013},{"SECUCODE":"06601.HK","SECURITY_CODE":"06601","SECURITY_NAME_ABBR":"朝云集团","ORG_CODE":"10000125016","STD_REPORT_DATE":"2022-06-30 00:00:00","REPORT_DATE":"2022-06-30 00:00:00","DATE_TYPE_CODE":"002","REPORT_TYPE":"2022年中报","PER_NETCASH_OPERATE":-0.129287233839,"PER_OI":0.767384904077,"BPS":2.102734237158,"BASIC_EPS":0.0672,"DILUTED_EPS":null,"OPERATE_INCOME":1023180000,"OPERATE_INCOME_YOY":-19.6767840365,"GROSS_PROFIT":400511000,"GROSS_PROFIT_YOY":-28.222291518814,"HOLDER_PROFIT":89658000,"HOLDER_PROFIT_YOY":-25.3790782151,"GROSS_PROFIT_RATIO":39.190415363608,"EPS_TTM":0.046223244222,"OPERATE_INCOME_QOQ":-14.146285490773,"NET_PROFIT_RATIO":8.744316708,"ROE_AVG":3.234943720048,"GROSS_PROFIT_QOQ":-20.015214128058,"ROA":2.687709175499,"HOLDER_PROFIT_QOQ":-33.077432595311,"ROE_YEARLY":6.469887440096,"ROIC_YEARLY":19.953761436414,"TOTAL_ASSETS":3242208000,"TOTAL_LIABILITIES":437280000,"TAX_EBT":27.268512870562,"OCF_SALES":-16.873247294778,"TOTAL_PARENT_EQUITY":2803646000,"DEBT_ASSET_RATIO":13.4871050839,"OPERATE_PROFIT":123365000,"PRETAX_PROFIT":122955000,"NETCASH_OPERATE":-172595000,"NETCASH_INVEST":-872412000,"NETCASH_FINANCE":-77221000,"END_CASH":881409000,"DIVI_RATIO":2.543181379376,"DIVIDEND_RATE":6.630769230769,"CURRENT_RATIO":6.730845650823,"COMMON_ACS":250000000000,"CURRENTDEBT_DEBT":96.450329308452,"ISSUED_COMMON_SHARES":1333333500,"HK_COMMON_SHARES":1333333500,"PER_SHARES":500,"TOTAL_MARKET_CAP":2600000325,"HKSK_MARKET_CAP":2600000325,"PE_TTM":10.756907081166,"PB_TTM":0.784892907365,"REPORT_DATE_SQ":"2021-06-30 00:00:00","REPORT_TYPE_SQ":"2021年中报","OPERATE_INCOME_SQ":1271905000,"DPS_HKD":0.1293,"OPERATE_INCOME_QOQ_SQ":3.538633989639,"NET_PROFIT_RATIO_SQ":9.3819900071,"HOLDER_PROFIT_SQ":120028000,"HOLDER_PROFIT_QOQ_SQ":-28.026954924681,"ROE_AVG_SQ":7.948039891177,"PE_TTM_SQ":16.943684218832,"PB_TTM_SQ":0.609884075208,"ROA_SQ":4.865998356082,"START_DATE":"2022-01-01 00:00:00","FISCAL_YEAR":"12-31","CURRENCY":"HKD","IS_CNY_CODE":0,"DPS_HKD_LY":0.0872,"ORG_TYPE":"一般企业","PREMIUM_INCOME":null,"PREMIUM_INCOME_YOY":null,"NET_INTEREST_INCOME":null,"NET_INTEREST_INCOME_YOY":null,"FEE_COMMISSION_INCOME":null,"FEE_COMMISSION_INCOME_YOY":null,"ACCOUNTS_RECE_TDAYS":10.722347393241,"INVENTORY_TDAYS":2.46808679692,"CURRENT_ASSETS_TDAYS":0.343841812606,"TOTAL_ASSETS_TDAYS":0.306573673438,"PREMIUM_EXPENSE":null,"LOAN_DEPOSIT":null,"LOAN_EQUITY":null,"LOAN_ASSETS":null,"DEPOSIT_EQUITY":null,"DEPOSIT_ASSETS":null,"EQUITY_MULTIPLIER":1.155897049763,"EQUITY_RATIO":0.155968335517},{"SECUCODE":"06601.HK","SECURITY_CODE":"06601","SECURITY_NAME_ABBR":"朝云集团","ORG_CODE":"10000125016","STD_REPORT_DATE":"2021-12-31 00:00:00","REPORT_DATE":"2021-12-31 00:00:00","DATE_TYPE_CODE":"001","REPORT_TYPE":"2021年年报","PER_NETCASH_OPERATE":-0.143925732009,"PER_OI":1.326867584142,"BPS":2.05032049371,"BASIC_EPS":0.0725,"DILUTED_EPS":null,"OPERATE_INCOME":1769157000,"OPERATE_INCOME_YOY":3.9363653347,"GROSS_PROFIT":787426000,"GROSS_PROFIT_YOY":6.0389290341,"HOLDER_PROFIT":92093000,"HOLDER_PROFIT_YOY":-58.8468189882,"GROSS_PROFIT_RATIO":44.50854276924,"EPS_TTM":0.069069741366,"OPERATE_INCOME_QOQ":0.384138103606,"NET_PROFIT_RATIO":5.1304095679,"ROE_AVG":6.177748887954,"GROSS_PROFIT_QOQ":-0.485046710074,"ROA":3.660967089539,"HOLDER_PROFIT_QOQ":-42.821397970968,"ROE_YEARLY":6.177748887954,"ROIC_YEARLY":12.497336820007,"TOTAL_ASSETS":3422650000,"TOTAL_LIABILITIES":687391000,"TAX_EBT":24.544222663752,"OCF_SALES":-10.847030534882,"TOTAL_PARENT_EQUITY":2733761000,"DEBT_ASSET_RATIO":20.0835902006,"OPERATE_PROFIT":121902000,"PRETAX_PROFIT":120289000,"NETCASH_OPERATE":-191901000,"NETCASH_INVEST":-199917000,"NETCASH_FINANCE":2083440000,"END_CASH":2558156000,"DIVI_RATIO":1.701962272837,"DIVIDEND_RATE":6.734375,"CURRENT_RATIO":4.577710291608,"COMMON_ACS":250000000000,"CURRENTDEBT_DEBT":98.633674284359,"ISSUED_COMMON_SHARES":1333333500,"HK_COMMON_SHARES":1333333500,"PER_SHARES":500,"TOTAL_MARKET_CAP":2560000320,"HKSK_MARKET_CAP":2560000320,"PE_TTM":10.591416202994,"PB_TTM":0.772817631867,"REPORT_DATE_SQ":"2020-12-31 00:00:00","REPORT_TYPE_SQ":"2020年年报","OPERATE_INCOME_SQ":1702154000,"DPS_HKD":0.1293,"OPERATE_INCOME_QOQ_SQ":6.736120386448,"NET_PROFIT_RATIO_SQ":13.6831920026,"HOLDER_PROFIT_SQ":223781000,"HOLDER_PROFIT_QOQ_SQ":3.803674720871,"ROE_AVG_SQ":171.535557557059,"PE_TTM_SQ":16.943684218832,"PB_TTM_SQ":0.609884075208,"ROA_SQ":15.790901678473,"START_DATE":"2021-01-01 00:00:00","FISCAL_YEAR":"12-31","CURRENCY":"HKD","IS_CNY_CODE":0,"DPS_HKD_LY":0.0524,"ORG_TYPE":"一般企业","PREMIUM_INCOME":null,"PREMIUM_INCOME_YOY":null,"NET_INTEREST_INCOME":null,"NET_INTEREST_INCOME_YOY":null,"FEE_COMMISSION_INCOME":null,"FEE_COMMISSION_INCOME_YOY":null,"ACCOUNTS_RECE_TDAYS":20.433429774259,"INVENTORY_TDAYS":2.804000365591,"CURRENT_ASSETS_TDAYS":0.785951246471,"TOTAL_ASSETS_TDAYS":0.703291841207,"PREMIUM_EXPENSE":null,"LOAN_DEPOSIT":null,"LOAN_EQUITY":null,"LOAN_ASSETS":null,"DEPOSIT_EQUITY":null,"DEPOSIT_ASSETS":null,"EQUITY_MULTIPLIER":1.251307463023,"EQUITY_RATIO":0.251445170225},{"SECUCODE":"06601.HK","SECURITY_CODE":"06601","SECURITY_NAME_ABBR":"朝云集团","ORG_CODE":"10000125016","STD_REPORT_DATE":"2021-06-30 00:00:00","REPORT_DATE":"2021-06-30 00:00:00","DATE_TYPE_CODE":"002","REPORT_TYPE":"2021年中报","PER_NETCASH_OPERATE":-0.238900470137,"PER_OI":0.953928630759,"BPS":2.079476740065,"BASIC_EPS":0.0995,"DILUTED_EPS":null,"OPERATE_INCOME":1271905000,"OPERATE_INCOME_YOY":4.9710647766,"GROSS_PROFIT":557988000,"GROSS_PROFIT_YOY":9.558497249198,"HOLDER_PROFIT":120028000,"HOLDER_PROFIT_YOY":-34.3201256382,"GROSS_PROFIT_RATIO":43.870257605717,"EPS_TTM":0.1207964849,"OPERATE_INCOME_QOQ":3.538633989639,"NET_PROFIT_RATIO":9.3819900071,"ROE_AVG":7.948039891177,"GROSS_PROFIT_QOQ":6.555774311793,"ROA":4.865998356082,"HOLDER_PROFIT_QOQ":-28.026954924681,"ROE_YEARLY":15.896079782354,"ROIC_YEARLY":31.65641809428,"TOTAL_ASSETS":3324910000,"TOTAL_LIABILITIES":550142000,"TAX_EBT":21.607399767443,"OCF_SALES":-25.043851545516,"TOTAL_PARENT_EQUITY":2772636000,"DEBT_ASSET_RATIO":16.5460719238,"OPERATE_PROFIT":153430000,"PRETAX_PROFIT":152221000,"NETCASH_OPERATE":-318534000,"NETCASH_INVEST":-974913000,"NETCASH_FINANCE":2088651000,"END_CASH":1676950000,"DIVI_RATIO":0.97315823467,"DIVIDEND_RATE":6.734375,"CURRENT_RATIO":5.609324567757,"COMMON_ACS":250000000000,"CURRENTDEBT_DEBT":97.878365949155,"ISSUED_COMMON_SHARES":1333333500,"HK_COMMON_SHARES":1333333500,"PER_SHARES":500,"TOTAL_MARKET_CAP":2560000320,"HKSK_MARKET_CAP":2560000320,"PE_TTM":10.591416202994,"PB_TTM":0.772817631867,"REPORT_DATE_SQ":"2020-06-30 00:00:00","REPORT_TYPE_SQ":"2020年中报","OPERATE_INCOME_SQ":1211672000,"DPS_HKD":0.1293,"OPERATE_INCOME_QOQ_SQ":0,"NET_PROFIT_RATIO_SQ":15.8759961442,"HOLDER_PROFIT_SQ":182747000,"HOLDER_PROFIT_QOQ_SQ":0,"ROE_AVG_SQ":null,"PE_TTM_SQ":16.943684218832,"PB_TTM_SQ":0.609884075208,"ROA_SQ":null,"START_DATE":"2021-01-01 00:00:00","FISCAL_YEAR":"12-31","CURRENCY":"HKD","IS_CNY_CODE":0,"DPS_HKD_LY":0.0524,"ORG_TYPE":"一般企业","PREMIUM_INCOME":null,"PREMIUM_INCOME_YOY":null,"NET_INTEREST_INCOME":null,"NET_INTEREST_INCOME_YOY":null,"FEE_COMMISSION_INCOME":null,"FEE_COMMISSION_INCOME_YOY":null,"ACCOUNTS_RECE_TDAYS":12.594802275552,"INVENTORY_TDAYS":2.623831496622,"CURRENT_ASSETS_TDAYS":0.575689209615,"TOTAL_ASSETS_TDAYS":0.51563698796,"PREMIUM_EXPENSE":null,"LOAN_DEPOSIT":null,"LOAN_EQUITY":null,"LOAN_ASSETS":null,"DEPOSIT_EQUITY":null,"DEPOSIT_ASSETS":null,"EQUITY_MULTIPLIER":1.198265945118,"EQUITY_RATIO":0.198418400396},{"SECUCODE":"06601.HK","SECURITY_CODE":"06601","SECURITY_NAME_ABBR":"朝云集团","ORG_CODE":"10000125016","STD_REPORT_DATE":"2020-12-31 00:00:00","REPORT_DATE":"2020-12-31 00:00:00","DATE_TYPE_CODE":"001","REPORT_TYPE":"2020年年报","PER_NETCASH_OPERATE":0.49945369042,"PER_OI":2.22127692692,"BPS":0.18576072678,"BASIC_EPS":0.2249,"DILUTED_EPS":null,"OPERATE_INCOME":1702154000,"OPERATE_INCOME_YOY":23.0411695227,"GROSS_PROFIT":742582000,"GROSS_PROFIT_YOY":23.792551595372,"HOLDER_PROFIT":223781000,"HOLDER_PROFIT_YOY":20.8555658767,"GROSS_PROFIT_RATIO":43.626017387381,"EPS_TTM":0.29202972938,"OPERATE_INCOME_QOQ":6.736120386448,"NET_PROFIT_RATIO":13.6831920026,"ROE_AVG":171.535557557059,"GROSS_PROFIT_QOQ":7.764890955424,"ROA":15.790901678473,"HOLDER_PROFIT_QOQ":3.803674720871,"ROE_YEARLY":171.535557557059,"ROIC_YEARLY":31.190011101409,"TOTAL_ASSETS":1608425000,"TOTAL_LIABILITIES":1357891000,"TAX_EBT":20.598843631107,"OCF_SALES":22.484980794922,"TOTAL_PARENT_EQUITY":247681000,"DEBT_ASSET_RATIO":84.4236442483,"OPERATE_PROFIT":295977000,"PRETAX_PROFIT":293332000,"NETCASH_OPERATE":382729000,"NETCASH_INVEST":-18830000,"NETCASH_FINANCE":9943000,"END_CASH":884766000,"DIVI_RATIO":0.40254152976,"DIVIDEND_RATE":6.630769230769,"CURRENT_RATIO":1.033614110046,"COMMON_ACS":250000000000,"CURRENTDEBT_DEBT":99.624712145526,"ISSUED_COMMON_SHARES":1333333500,"HK_COMMON_SHARES":1333333500,"PER_SHARES":500,"TOTAL_MARKET_CAP":2600000325,"HKSK_MARKET_CAP":2600000325,"PE_TTM":10.756907081166,"PB_TTM":0.784892907365,"REPORT_DATE_SQ":"2019-12-31 00:00:00","REPORT_TYPE_SQ":"2019年年报","OPERATE_INCOME_SQ":1383402000,"DPS_HKD":0.1293,"OPERATE_INCOME_QOQ_SQ":2.468681323158,"NET_PROFIT_RATIO_SQ":13.3265674041,"HOLDER_PROFIT_SQ":185164000,"HOLDER_PROFIT_QOQ_SQ":4.591747394583,"ROE_AVG_SQ":266.413438365526,"PE_TTM_SQ":16.943684218832,"PB_TTM_SQ":0.609884075208,"ROA_SQ":16.544443019805,"START_DATE":"2020-01-01 00:00:00","FISCAL_YEAR":"12-31","CURRENCY":"HKD","IS_CNY_CODE":0,"DPS_HKD_LY":null,"ORG_TYPE":"一般企业","PREMIUM_INCOME":null,"PREMIUM_INCOME_YOY":null,"NET_INTEREST_INCOME":null,"NET_INTEREST_INCOME_YOY":null,"FEE_COMMISSION_INCOME":null,"FEE_COMMISSION_INCOME_YOY":null,"ACCOUNTS_RECE_TDAYS":17.61380416505,"INVENTORY_TDAYS":2.617990341855,"CURRENT_ASSETS_TDAYS":1.399279871758,"TOTAL_ASSETS_TDAYS":1.201109408557,"PREMIUM_EXPENSE":null,"LOAN_DEPOSIT":null,"LOAN_EQUITY":null,"LOAN_ASSETS":null,"DEPOSIT_EQUITY":null,"DEPOSIT_ASSETS":null,"EQUITY_MULTIPLIER":6.419986907983,"EQUITY_RATIO":5.482418917882},{"SECUCODE":"06601.HK","SECURITY_CODE":"06601","SECURITY_NAME_ABBR":"朝云集团","ORG_CODE":"10000125016","STD_REPORT_DATE":"2020-09-30 00:00:00","REPORT_DATE":"2020-09-30 00:00:00","DATE_TYPE_CODE":"004","REPORT_TYPE":"2020年三季报","PER_NETCASH_OPERATE":-0.03924796832,"PER_OI":1.9904219775,"BPS":0.171888728514,"BASIC_EPS":0.2066,"DILUTED_EPS":null,"OPERATE_INCOME":1461375000,"OPERATE_INCOME_YOY":16.9056978703,"GROSS_PROFIT":626530000,"GROSS_PROFIT_YOY":16.604071362369,"HOLDER_PROFIT":205291000,"HOLDER_PROFIT_YOY":17.3936662969,"GROSS_PROFIT_RATIO":42.872637071251,"EPS_TTM":0.29362563362,"OPERATE_INCOME_QOQ":8.502004734071,"NET_PROFIT_RATIO":14.7059447438,"ROE_AVG":169.368737598951,"GROSS_PROFIT_QOQ":10.398946439186,"ROA":17.029764405734,"HOLDER_PROFIT_QOQ":19.667499306134,"ROE_YEARLY":225.824983465267,"ROIC_YEARLY":25.57771986995,"TOTAL_ASSETS":1185089000,"TOTAL_LIABILITIES":952566000,"TAX_EBT":20.790148756432,"OCF_SALES":-1.971841587546,"TOTAL_PARENT_EQUITY":229185000,"DEBT_ASSET_RATIO":80.3792795309,"OPERATE_PROFIT":273099000,"PRETAX_PROFIT":271316000,"NETCASH_OPERATE":-28816000,"NETCASH_INVEST":-349666000,"NETCASH_FINANCE":158112000,"END_CASH":290665000,"DIVI_RATIO":0.400353649478,"DIVIDEND_RATE":6.630769230769,"CURRENT_RATIO":1.034920212541,"COMMON_ACS":250000000000,"CURRENTDEBT_DEBT":99.417363206329,"ISSUED_COMMON_SHARES":1333333500,"HK_COMMON_SHARES":1333333500,"PER_SHARES":500,"TOTAL_MARKET_CAP":2600000325,"HKSK_MARKET_CAP":2600000325,"PE_TTM":10.756907081166,"PB_TTM":0.784892907365,"REPORT_DATE_SQ":"2019-09-30 00:00:00","REPORT_TYPE_SQ":"2019年三季报","OPERATE_INCOME_SQ":1250046000,"DPS_HKD":0.1293,"OPERATE_INCOME_QOQ_SQ":0,"NET_PROFIT_RATIO_SQ":13.9730057934,"HOLDER_PROFIT_SQ":174874000,"HOLDER_PROFIT_QOQ_SQ":0,"ROE_AVG_SQ":null,"PE_TTM_SQ":16.943684218832,"PB_TTM_SQ":0.609884075208,"ROA_SQ":null,"START_DATE":"2020-01-01 00:00:00","FISCAL_YEAR":"12-31","CURRENCY":"HKD","IS_CNY_CODE":0,"DPS_HKD_LY":null,"ORG_TYPE":"一般企业","PREMIUM_INCOME":null,"PREMIUM_INCOME_YOY":null,"NET_INTEREST_INCOME":null,"NET_INTEREST_INCOME_YOY":null,"FEE_COMMISSION_INCOME":null,"FEE_COMMISSION_INCOME_YOY":null,"ACCOUNTS_RECE_TDAYS":15.953701378806,"INVENTORY_TDAYS":3.08437611991,"CURRENT_ASSETS_TDAYS":1.450699303823,"TOTAL_ASSETS_TDAYS":1.212272917879,"PREMIUM_EXPENSE":null,"LOAN_DEPOSIT":null,"LOAN_EQUITY":null,"LOAN_ASSETS":null,"DEPOSIT_EQUITY":null,"DEPOSIT_ASSETS":null,"EQUITY_MULTIPLIER":5.096652804238,"EQUITY_RATIO":4.156319130833}],"count":16},"success":true,"message":"ok","code":0}