{"version":"4fef86b7d953cb2cc758fbff21dcfc8a","result":{"pages":2,"data":[{"SECUCODE":"06608.HK","SECURITY_CODE":"06608","SECURITY_NAME_ABBR":"百融云-W","ORG_CODE":"10000145180","STD_REPORT_DATE":"2024-06-30 00:00:00","REPORT_DATE":"2024-06-30 00:00:00","DATE_TYPE_CODE":"002","REPORT_TYPE":"2024年中报","PER_NETCASH_OPERATE":-0.25795030227,"PER_OI":2.690766758012,"BPS":9.248308777006,"BASIC_EPS":0.3,"DILUTED_EPS":0.29,"OPERATE_INCOME":1321348000,"OPERATE_INCOME_YOY":6.3004009551,"GROSS_PROFIT":967155000,"GROSS_PROFIT_YOY":7.93731041456,"HOLDER_PROFIT":139956000,"HOLDER_PROFIT_YOY":-31.8122688805,"GROSS_PROFIT_RATIO":73.194570998707,"EPS_TTM":0.560338490845,"OPERATE_INCOME_QOQ":2.921241441821,"NET_PROFIT_RATIO":10.8096428798,"ROE_AVG":3.11520696708,"GROSS_PROFIT_QOQ":3.638773885513,"ROA":2.536509352739,"HOLDER_PROFIT_QOQ":-19.178520761678,"ROE_YEARLY":6.230413934161,"ROIC_YEARLY":7.489829360157,"TOTAL_ASSETS":5529554000,"TOTAL_LIABILITIES":970811000,"TAX_EBT":6.923112011834,"OCF_SALES":-9.586498030799,"TOTAL_PARENT_EQUITY":4546142000,"DEBT_ASSET_RATIO":17.5567685929,"OPERATE_PROFIT":156832000,"PRETAX_PROFIT":153457000,"NETCASH_OPERATE":-126671000,"NETCASH_INVEST":17701000,"NETCASH_FINANCE":-176599000,"END_CASH":627190000,"DIVI_RATIO":null,"DIVIDEND_RATE":null,"CURRENT_RATIO":4.54567396503,"COMMON_ACS":2500000000,"CURRENTDEBT_DEBT":97.304315670094,"ISSUED_COMMON_SHARES":491564686,"HK_COMMON_SHARES":414356574,"PER_SHARES":500,"TOTAL_MARKET_CAP":5377717664.84,"HKSK_MARKET_CAP":4533060919.56,"PE_TTM":17.550282537217,"PB_TTM":1.079626496125,"REPORT_DATE_SQ":"2023-06-30 00:00:00","REPORT_TYPE_SQ":"2023年中报","OPERATE_INCOME_SQ":1243032000,"DPS_HKD":null,"OPERATE_INCOME_QOQ_SQ":14.499765843077,"NET_PROFIT_RATIO_SQ":16.6373834302,"HOLDER_PROFIT_SQ":205251000,"HOLDER_PROFIT_QOQ_SQ":44.365165796688,"ROE_AVG_SQ":4.731550644346,"PE_TTM_SQ":15.648083519219,"PB_TTM_SQ":1.235894762326,"ROA_SQ":3.90012239009,"START_DATE":"2024-01-01 00:00:00","FISCAL_YEAR":"12-31","CURRENCY":"HKD","IS_CNY_CODE":0,"DPS_HKD_LY":null,"ORG_TYPE":"一般企业","PREMIUM_INCOME":null,"PREMIUM_INCOME_YOY":null,"NET_INTEREST_INCOME":null,"NET_INTEREST_INCOME_YOY":null,"FEE_COMMISSION_INCOME":null,"FEE_COMMISSION_INCOME_YOY":null,"ACCOUNTS_RECE_TDAYS":2.41416399385,"INVENTORY_TDAYS":null,"CURRENT_ASSETS_TDAYS":0.358193337678,"TOTAL_ASSETS_TDAYS":0.239476089644,"PREMIUM_EXPENSE":null,"LOAN_DEPOSIT":null,"LOAN_EQUITY":null,"LOAN_ASSETS":null,"DEPOSIT_EQUITY":null,"DEPOSIT_ASSETS":null,"EQUITY_MULTIPLIER":1.212955852085,"EQUITY_RATIO":0.213546123284},{"SECUCODE":"06608.HK","SECURITY_CODE":"06608","SECURITY_NAME_ABBR":"百融云-W","ORG_CODE":"10000145180","STD_REPORT_DATE":"2023-12-31 00:00:00","REPORT_DATE":"2023-12-31 00:00:00","DATE_TYPE_CODE":"001","REPORT_TYPE":"2023年年报","PER_NETCASH_OPERATE":0.670044585617,"PER_OI":5.296431998703,"BPS":9.030754499724,"BASIC_EPS":0.72,"DILUTED_EPS":0.68,"OPERATE_INCOME":2680915000,"OPERATE_INCOME_YOY":30.5103549936,"GROSS_PROFIT":1954532000,"GROSS_PROFIT_YOY":31.963019901818,"HOLDER_PROFIT":340459000,"HOLDER_PROFIT_YOY":42.058574403,"GROSS_PROFIT_RATIO":72.905407295644,"EPS_TTM":0.672612873533,"OPERATE_INCOME_QOQ":13.983075888945,"NET_PROFIT_RATIO":12.5053946134,"ROE_AVG":7.795568927539,"GROSS_PROFIT_QOQ":15.001288558192,"ROA":6.320573149163,"HOLDER_PROFIT_QOQ":-1.597747892262,"ROE_YEARLY":7.795568927539,"ROIC_YEARLY":7.972453436904,"TOTAL_ASSETS":5505769000,"TOTAL_LIABILITIES":1056845000,"TAX_EBT":0.284935027081,"OCF_SALES":12.650867334474,"TOTAL_PARENT_EQUITY":4439200000,"DEBT_ASSET_RATIO":19.1952295855,"OPERATE_PROFIT":346767000,"PRETAX_PROFIT":336217000,"NETCASH_OPERATE":339159000,"NETCASH_INVEST":-39266000,"NETCASH_FINANCE":-270679000,"END_CASH":913987000,"DIVI_RATIO":null,"DIVIDEND_RATE":null,"CURRENT_RATIO":2.983015925834,"COMMON_ACS":2500000000,"CURRENTDEBT_DEBT":97.818696213731,"ISSUED_COMMON_SHARES":491564686,"HK_COMMON_SHARES":414356574,"PER_SHARES":500,"TOTAL_MARKET_CAP":5387548958.56,"HKSK_MARKET_CAP":4541348051.04,"PE_TTM":17.582367148803,"PB_TTM":1.081600219153,"REPORT_DATE_SQ":"2022-12-31 00:00:00","REPORT_TYPE_SQ":"2022年年报","OPERATE_INCOME_SQ":2054178000,"DPS_HKD":null,"OPERATE_INCOME_QOQ_SQ":15.586898735744,"NET_PROFIT_RATIO_SQ":11.1628593043,"HOLDER_PROFIT_SQ":239661000,"HOLDER_PROFIT_QOQ_SQ":73.924497082644,"ROE_AVG_SQ":5.689635095449,"PE_TTM_SQ":15.888183983888,"PB_TTM_SQ":1.254858037052,"ROA_SQ":4.726872203687,"START_DATE":"2023-01-01 00:00:00","FISCAL_YEAR":"12-31","CURRENCY":"HKD","IS_CNY_CODE":0,"DPS_HKD_LY":null,"ORG_TYPE":"一般企业","PREMIUM_INCOME":null,"PREMIUM_INCOME_YOY":null,"NET_INTEREST_INCOME":null,"NET_INTEREST_INCOME_YOY":null,"FEE_COMMISSION_INCOME":null,"FEE_COMMISSION_INCOME_YOY":null,"ACCOUNTS_RECE_TDAYS":6.086694440976,"INVENTORY_TDAYS":null,"CURRENT_ASSETS_TDAYS":0.954867458521,"TOTAL_ASSETS_TDAYS":0.497708075398,"PREMIUM_EXPENSE":null,"LOAN_DEPOSIT":null,"LOAN_EQUITY":null,"LOAN_ASSETS":null,"DEPOSIT_EQUITY":null,"DEPOSIT_ASSETS":null,"EQUITY_MULTIPLIER":1.237550697651,"EQUITY_RATIO":0.238071048838},{"SECUCODE":"06608.HK","SECURITY_CODE":"06608","SECURITY_NAME_ABBR":"百融云-W","ORG_CODE":"10000145180","STD_REPORT_DATE":"2023-06-30 00:00:00","REPORT_DATE":"2023-06-30 00:00:00","DATE_TYPE_CODE":"002","REPORT_TYPE":"2023年中报","PER_NETCASH_OPERATE":-0.196667459404,"PER_OI":2.468659511026,"BPS":8.911065267207,"BASIC_EPS":0.43,"DILUTED_EPS":0.41,"OPERATE_INCOME":1243032000,"OPERATE_INCOME_YOY":31.5125885941,"GROSS_PROFIT":896034000,"GROSS_PROFIT_YOY":32.240130700241,"HOLDER_PROFIT":205251000,"HOLDER_PROFIT_YOY":107.4814253222,"GROSS_PROFIT_RATIO":72.084548104956,"EPS_TTM":0.687129613913,"OPERATE_INCOME_QOQ":14.499765843077,"NET_PROFIT_RATIO":16.6373834302,"ROE_AVG":4.731550644346,"GROSS_PROFIT_QOQ":14.7491663409,"ROA":3.90012239009,"HOLDER_PROFIT_QOQ":44.365165796688,"ROE_YEARLY":9.463101288693,"ROIC_YEARLY":8.961819233892,"TOTAL_ASSETS":5258089000,"TOTAL_LIABILITIES":861243000,"TAX_EBT":0.089375003019,"OCF_SALES":-7.966568841349,"TOTAL_PARENT_EQUITY":4380365000,"DEBT_ASSET_RATIO":16.3793918285,"OPERATE_PROFIT":211697000,"PRETAX_PROFIT":206993000,"NETCASH_OPERATE":-99027000,"NETCASH_INVEST":-201293000,"NETCASH_FINANCE":-142218000,"END_CASH":444318000,"DIVI_RATIO":null,"DIVIDEND_RATE":null,"CURRENT_RATIO":2.564797540515,"COMMON_ACS":2500000000,"CURRENTDEBT_DEBT":96.156485451841,"ISSUED_COMMON_SHARES":491564686,"HK_COMMON_SHARES":414356574,"PER_SHARES":500,"TOTAL_MARKET_CAP":5387548958.56,"HKSK_MARKET_CAP":4541348051.04,"PE_TTM":17.582367148803,"PB_TTM":1.081600219153,"REPORT_DATE_SQ":"2022-06-30 00:00:00","REPORT_TYPE_SQ":"2022年中报","OPERATE_INCOME_SQ":945181000,"DPS_HKD":null,"OPERATE_INCOME_QOQ_SQ":9.467903199578,"NET_PROFIT_RATIO_SQ":9.878531202,"HOLDER_PROFIT_SQ":98925000,"HOLDER_PROFIT_QOQ_SQ":103.824462616874,"ROE_AVG_SQ":2.376781565065,"PE_TTM_SQ":15.888183983888,"PB_TTM_SQ":1.254858037052,"ROA_SQ":2.034615718833,"START_DATE":"2023-01-01 00:00:00","FISCAL_YEAR":"12-31","CURRENCY":"HKD","IS_CNY_CODE":0,"DPS_HKD_LY":null,"ORG_TYPE":"一般企业","PREMIUM_INCOME":null,"PREMIUM_INCOME_YOY":null,"NET_INTEREST_INCOME":null,"NET_INTEREST_INCOME_YOY":null,"FEE_COMMISSION_INCOME":null,"FEE_COMMISSION_INCOME_YOY":null,"ACCOUNTS_RECE_TDAYS":2.835709861651,"INVENTORY_TDAYS":null,"CURRENT_ASSETS_TDAYS":0.534010731922,"TOTAL_ASSETS_TDAYS":0.236197481854,"PREMIUM_EXPENSE":null,"LOAN_DEPOSIT":null,"LOAN_EQUITY":null,"LOAN_ASSETS":null,"DEPOSIT_EQUITY":null,"DEPOSIT_ASSETS":null,"EQUITY_MULTIPLIER":1.195877453975,"EQUITY_RATIO":0.196614437381},{"SECUCODE":"06608.HK","SECURITY_CODE":"06608","SECURITY_NAME_ABBR":"百融云-W","ORG_CODE":"10000145180","STD_REPORT_DATE":"2022-12-31 00:00:00","REPORT_DATE":"2022-12-31 00:00:00","DATE_TYPE_CODE":"001","REPORT_TYPE":"2022年年报","PER_NETCASH_OPERATE":0.583073638883,"PER_OI":3.9601158584,"BPS":8.738381991907,"BASIC_EPS":0.5,"DILUTED_EPS":0.47,"OPERATE_INCOME":2054178000,"OPERATE_INCOME_YOY":26.5305544194,"GROSS_PROFIT":1481121000,"GROSS_PROFIT_YOY":23.981775079774,"HOLDER_PROFIT":239661000,"HOLDER_PROFIT_YOY":106.6516773725,"GROSS_PROFIT_RATIO":72.102855740837,"EPS_TTM":0.462026818873,"OPERATE_INCOME_QOQ":15.586898735744,"NET_PROFIT_RATIO":11.1628593043,"ROE_AVG":5.689635095449,"GROSS_PROFIT_QOQ":14.377930646766,"ROA":4.726872203687,"HOLDER_PROFIT_QOQ":73.924497082644,"ROE_YEARLY":5.689635095449,"ROIC_YEARLY":8.461250996707,"TOTAL_ASSETS":5267273000,"TOTAL_LIABILITIES":956869000,"TAX_EBT":-0.314103601692,"OCF_SALES":14.723651017585,"TOTAL_PARENT_EQUITY":4295480000,"DEBT_ASSET_RATIO":18.1663073093,"OPERATE_PROFIT":234752000,"PRETAX_PROFIT":228587000,"NETCASH_OPERATE":302450000,"NETCASH_INVEST":-2563341000,"NETCASH_FINANCE":-221587000,"END_CASH":888508000,"DIVI_RATIO":null,"DIVIDEND_RATE":null,"CURRENT_RATIO":2.777584177014,"COMMON_ACS":2500000000,"CURRENTDEBT_DEBT":95.24637123786,"ISSUED_COMMON_SHARES":491564686,"HK_COMMON_SHARES":414356574,"PER_SHARES":500,"TOTAL_MARKET_CAP":5387548958.56,"HKSK_MARKET_CAP":4541348051.04,"PE_TTM":17.582367148803,"PB_TTM":1.081600219153,"REPORT_DATE_SQ":"2021-12-31 00:00:00","REPORT_TYPE_SQ":"2021年年报","OPERATE_INCOME_SQ":1623464000,"DPS_HKD":null,"OPERATE_INCOME_QOQ_SQ":11.677909227613,"NET_PROFIT_RATIO_SQ":-221.9964840612,"HOLDER_PROFIT_SQ":-3603016000,"HOLDER_PROFIT_QOQ_SQ":1.698724708269,"ROE_AVG_SQ":-252.473022890295,"PE_TTM_SQ":15.888183983888,"PB_TTM_SQ":1.254858037052,"ROA_SQ":-116.210053173201,"START_DATE":"2022-01-01 00:00:00","FISCAL_YEAR":"12-31","CURRENCY":"HKD","IS_CNY_CODE":0,"DPS_HKD_LY":null,"ORG_TYPE":"一般企业","PREMIUM_INCOME":null,"PREMIUM_INCOME_YOY":null,"NET_INTEREST_INCOME":null,"NET_INTEREST_INCOME_YOY":null,"FEE_COMMISSION_INCOME":null,"FEE_COMMISSION_INCOME_YOY":null,"ACCOUNTS_RECE_TDAYS":6.710576736179,"INVENTORY_TDAYS":null,"CURRENT_ASSETS_TDAYS":0.59010781749,"TOTAL_ASSETS_TDAYS":0.405148809762,"PREMIUM_EXPENSE":null,"LOAN_DEPOSIT":null,"LOAN_EQUITY":null,"LOAN_ASSETS":null,"DEPOSIT_EQUITY":null,"DEPOSIT_ASSETS":null,"EQUITY_MULTIPLIER":1.221990560514,"EQUITY_RATIO":0.222761833369},{"SECUCODE":"06608.HK","SECURITY_CODE":"06608","SECURITY_NAME_ABBR":"百融云-W","ORG_CODE":"10000145180","STD_REPORT_DATE":"2022-06-30 00:00:00","REPORT_DATE":"2022-06-30 00:00:00","DATE_TYPE_CODE":"002","REPORT_TYPE":"2022年中报","PER_NETCASH_OPERATE":-0.200306296995,"PER_OI":1.848360387193,"BPS":8.534553273422,"BASIC_EPS":0.21,"DILUTED_EPS":0.19,"OPERATE_INCOME":945181000,"OPERATE_INCOME_YOY":19.4204982356,"GROSS_PROFIT":677581000,"GROSS_PROFIT_YOY":17.376180767159,"HOLDER_PROFIT":98925000,"HOLDER_PROFIT_YOY":102.7163116264,"GROSS_PROFIT_RATIO":71.687962411432,"EPS_TTM":0.269468670988,"OPERATE_INCOME_QOQ":9.467903199578,"NET_PROFIT_RATIO":9.878531202,"ROE_AVG":2.376781565065,"GROSS_PROFIT_QOQ":8.396588728876,"ROA":2.034615718833,"HOLDER_PROFIT_QOQ":103.824462616874,"ROE_YEARLY":4.753563130129,"ROIC_YEARLY":8.309043502473,"TOTAL_ASSETS":4851105000,"TOTAL_LIABILITIES":636095000,"TAX_EBT":-4.305375575316,"OCF_SALES":-10.836971966216,"TOTAL_PARENT_EQUITY":4195285000,"DEBT_ASSET_RATIO":13.1123733665,"OPERATE_PROFIT":92013000,"PRETAX_PROFIT":89516000,"NETCASH_OPERATE":-102429000,"NETCASH_INVEST":-1973238000,"NETCASH_FINANCE":-132594000,"END_CASH":1168823000,"DIVI_RATIO":null,"DIVIDEND_RATE":null,"CURRENT_RATIO":4.997204964068,"COMMON_ACS":2500000000,"CURRENTDEBT_DEBT":90.105880410945,"ISSUED_COMMON_SHARES":491564686,"HK_COMMON_SHARES":414356574,"PER_SHARES":500,"TOTAL_MARKET_CAP":5387548958.56,"HKSK_MARKET_CAP":4541348051.04,"PE_TTM":17.582367148803,"PB_TTM":1.081600219153,"REPORT_DATE_SQ":"2021-06-30 00:00:00","REPORT_TYPE_SQ":"2021年中报","OPERATE_INCOME_SQ":791473000,"DPS_HKD":null,"OPERATE_INCOME_QOQ_SQ":27.90682532476,"NET_PROFIT_RATIO_SQ":-459.7607246236,"HOLDER_PROFIT_SQ":-3641887000,"HOLDER_PROFIT_QOQ_SQ":-3215.34439871557,"ROE_AVG_SQ":-252.671150643371,"PE_TTM_SQ":15.888183983888,"PB_TTM_SQ":1.254858037052,"ROA_SQ":-123.549767556731,"START_DATE":"2022-01-01 00:00:00","FISCAL_YEAR":"12-31","CURRENCY":"HKD","IS_CNY_CODE":0,"DPS_HKD_LY":null,"ORG_TYPE":"一般企业","PREMIUM_INCOME":null,"PREMIUM_INCOME_YOY":null,"NET_INTEREST_INCOME":null,"NET_INTEREST_INCOME_YOY":null,"FEE_COMMISSION_INCOME":null,"FEE_COMMISSION_INCOME_YOY":null,"ACCOUNTS_RECE_TDAYS":3.354798750621,"INVENTORY_TDAYS":null,"CURRENT_ASSETS_TDAYS":0.259138538955,"TOTAL_ASSETS_TDAYS":0.194397788197,"PREMIUM_EXPENSE":null,"LOAN_DEPOSIT":null,"LOAN_EQUITY":null,"LOAN_ASSETS":null,"DEPOSIT_EQUITY":null,"DEPOSIT_ASSETS":null,"EQUITY_MULTIPLIER":1.150911860233,"EQUITY_RATIO":0.151621403552},{"SECUCODE":"06608.HK","SECURITY_CODE":"06608","SECURITY_NAME_ABBR":"百融云-W","ORG_CODE":"10000145180","STD_REPORT_DATE":"2021-12-31 00:00:00","REPORT_DATE":"2021-12-31 00:00:00","DATE_TYPE_CODE":"001","REPORT_TYPE":"2021年年报","PER_NETCASH_OPERATE":0.529905570707,"PER_OI":3.244647590291,"BPS":8.399702252004,"BASIC_EPS":-9.16,"DILUTED_EPS":-9.16,"OPERATE_INCOME":1623464000,"OPERATE_INCOME_YOY":42.8436682821,"GROSS_PROFIT":1194628000,"GROSS_PROFIT_YOY":42.533738517689,"HOLDER_PROFIT":-3603016000,"HOLDER_PROFIT_YOY":-3159.0258242504,"GROSS_PROFIT_RATIO":73.585124154278,"EPS_TTM":-7.20097099916,"OPERATE_INCOME_QOQ":11.677909227613,"NET_PROFIT_RATIO":-221.9964840612,"ROE_AVG":-252.473022890295,"GROSS_PROFIT_QOQ":11.677744435408,"ROA":-116.210053173201,"HOLDER_PROFIT_QOQ":1.698724708269,"ROE_YEARLY":-252.473022890295,"ROIC_YEARLY":-280.483226157767,"TOTAL_ASSETS":4873090000,"TOTAL_LIABILITIES":718556000,"TAX_EBT":-0.205413656338,"OCF_SALES":16.331683363475,"TOTAL_PARENT_EQUITY":4128997000,"DEBT_ASSET_RATIO":14.7453874236,"OPERATE_PROFIT":101234000,"PRETAX_PROFIT":-3596645000,"NETCASH_OPERATE":265139000,"NETCASH_INVEST":141096000,"NETCASH_FINANCE":2996012000,"END_CASH":3346487000,"DIVI_RATIO":null,"DIVIDEND_RATE":null,"CURRENT_RATIO":6.971953881184,"COMMON_ACS":2500000000,"CURRENTDEBT_DEBT":88.439731906769,"ISSUED_COMMON_SHARES":491564686,"HK_COMMON_SHARES":414356574,"PER_SHARES":500,"TOTAL_MARKET_CAP":5387548958.56,"HKSK_MARKET_CAP":4541348051.04,"PE_TTM":17.582367148803,"PB_TTM":1.081600219153,"REPORT_DATE_SQ":"2020-12-31 00:00:00","REPORT_TYPE_SQ":"2020年年报","OPERATE_INCOME_SQ":1136532000,"DPS_HKD":null,"OPERATE_INCOME_QOQ_SQ":2.961940938744,"NET_PROFIT_RATIO_SQ":-9.5959462646,"HOLDER_PROFIT_SQ":-110555000,"HOLDER_PROFIT_QOQ_SQ":28.525249390666,"ROE_AVG_SQ":8.930854241398,"PE_TTM_SQ":15.888183983888,"PB_TTM_SQ":1.254858037052,"ROA_SQ":-8.525419716233,"START_DATE":"2021-01-01 00:00:00","FISCAL_YEAR":"12-31","CURRENCY":"HKD","IS_CNY_CODE":0,"DPS_HKD_LY":null,"ORG_TYPE":"一般企业","PREMIUM_INCOME":null,"PREMIUM_INCOME_YOY":null,"NET_INTEREST_INCOME":null,"NET_INTEREST_INCOME_YOY":null,"FEE_COMMISSION_INCOME":null,"FEE_COMMISSION_INCOME_YOY":null,"ACCOUNTS_RECE_TDAYS":7.542733424551,"INVENTORY_TDAYS":null,"CURRENT_ASSETS_TDAYS":0.58969866039,"TOTAL_ASSETS_TDAYS":0.52362475705,"PREMIUM_EXPENSE":null,"LOAN_DEPOSIT":null,"LOAN_EQUITY":null,"LOAN_ASSETS":null,"DEPOSIT_EQUITY":null,"DEPOSIT_ASSETS":null,"EQUITY_MULTIPLIER":1.172957063295,"EQUITY_RATIO":0.174026767275},{"SECUCODE":"06608.HK","SECURITY_CODE":"06608","SECURITY_NAME_ABBR":"百融云-W","ORG_CODE":"10000145180","STD_REPORT_DATE":"2021-06-30 00:00:00","REPORT_DATE":"2021-06-30 00:00:00","DATE_TYPE_CODE":"002","REPORT_TYPE":"2021年中报","PER_NETCASH_OPERATE":0.190323098622,"PER_OI":1.598001313697,"BPS":8.457741409032,"BASIC_EPS":-11.71,"DILUTED_EPS":-11.71,"OPERATE_INCOME":791473000,"OPERATE_INCOME_YOY":66.870755614,"GROSS_PROFIT":577273000,"GROSS_PROFIT_YOY":66.986693665028,"HOLDER_PROFIT":-3641887000,"HOLDER_PROFIT_YOY":-4078.2487982286,"GROSS_PROFIT_RATIO":72.936537317129,"EPS_TTM":-7.400278540222,"OPERATE_INCOME_QOQ":27.90682532476,"NET_PROFIT_RATIO":-459.7607246236,"ROE_AVG":-252.671150643371,"GROSS_PROFIT_QOQ":27.629492553127,"ROA":-123.549767556731,"HOLDER_PROFIT_QOQ":-3215.34439871557,"ROE_YEARLY":-505.342301286741,"ROIC_YEARLY":-480.205511129161,"TOTAL_ASSETS":4567639000,"TOTAL_LIABILITIES":389361000,"TAX_EBT":-0.25100757045,"OCF_SALES":11.910071474327,"TOTAL_PARENT_EQUITY":4157527000,"DEBT_ASSET_RATIO":8.5243382851,"OPERATE_PROFIT":68838000,"PRETAX_PROFIT":-3629771000,"NETCASH_OPERATE":94265000,"NETCASH_INVEST":-420806000,"NETCASH_FINANCE":3121242000,"END_CASH":2781364000,"DIVI_RATIO":null,"DIVIDEND_RATE":null,"CURRENT_RATIO":14.001304665147,"COMMON_ACS":2500000000,"CURRENTDEBT_DEBT":79.529793687606,"ISSUED_COMMON_SHARES":491564686,"HK_COMMON_SHARES":414356574,"PER_SHARES":500,"TOTAL_MARKET_CAP":5387548958.56,"HKSK_MARKET_CAP":4541348051.04,"PE_TTM":17.582367148803,"PB_TTM":1.081600219153,"REPORT_DATE_SQ":"2020-06-30 00:00:00","REPORT_TYPE_SQ":"2020年中报","OPERATE_INCOME_SQ":474303000,"DPS_HKD":null,"OPERATE_INCOME_QOQ_SQ":0,"NET_PROFIT_RATIO_SQ":-18.3100254479,"HOLDER_PROFIT_SQ":-87163000,"HOLDER_PROFIT_QOQ_SQ":0,"ROE_AVG_SQ":null,"PE_TTM_SQ":15.888183983888,"PB_TTM_SQ":1.254858037052,"ROA_SQ":null,"START_DATE":"2021-01-01 00:00:00","FISCAL_YEAR":"12-31","CURRENCY":"HKD","IS_CNY_CODE":0,"DPS_HKD_LY":null,"ORG_TYPE":"一般企业","PREMIUM_INCOME":null,"PREMIUM_INCOME_YOY":null,"NET_INTEREST_INCOME":null,"NET_INTEREST_INCOME_YOY":null,"FEE_COMMISSION_INCOME":null,"FEE_COMMISSION_INCOME_YOY":null,"ACCOUNTS_RECE_TDAYS":3.588006627725,"INVENTORY_TDAYS":null,"CURRENT_ASSETS_TDAYS":0.292537038707,"TOTAL_ASSETS_TDAYS":0.268504501039,"PREMIUM_EXPENSE":null,"LOAN_DEPOSIT":null,"LOAN_EQUITY":null,"LOAN_ASSETS":null,"DEPOSIT_EQUITY":null,"DEPOSIT_ASSETS":null,"EQUITY_MULTIPLIER":1.093186954052,"EQUITY_RATIO":0.093652067684},{"SECUCODE":"06608.HK","SECURITY_CODE":"06608","SECURITY_NAME_ABBR":"百融云-W","ORG_CODE":"10000145180","STD_REPORT_DATE":"2020-12-31 00:00:00","REPORT_DATE":"2020-12-31 00:00:00","DATE_TYPE_CODE":"001","REPORT_TYPE":"2020年年报","PER_NETCASH_OPERATE":1.433822735895,"PER_OI":7.806060680842,"BPS":-2.593388085653,"BASIC_EPS":-0.81,"DILUTED_EPS":-0.81,"OPERATE_INCOME":1136532000,"OPERATE_INCOME_YOY":-9.9378576828,"GROSS_PROFIT":838137000,"GROSS_PROFIT_YOY":-13.753457530006,"HOLDER_PROFIT":-110555000,"HOLDER_PROFIT_YOY":-18.6658079751,"GROSS_PROFIT_RATIO":73.745129921551,"EPS_TTM":-0.759326652105,"OPERATE_INCOME_QOQ":2.961940938744,"NET_PROFIT_RATIO":-9.5959462646,"ROE_AVG":8.930854241398,"GROSS_PROFIT_QOQ":2.799037428433,"ROA":-8.525419716233,"HOLDER_PROFIT_QOQ":28.525249390666,"ROE_YEARLY":8.930854241398,"ROIC_YEARLY":-9.342647107291,"TOTAL_ASSETS":1327778000,"TOTAL_LIABILITIES":2584850000,"TAX_EBT":1.388826098357,"OCF_SALES":18.368070586662,"TOTAL_PARENT_EQUITY":-1274818000,"DEBT_ASSET_RATIO":194.6748628159,"OPERATE_PROFIT":31825000,"PRETAX_PROFIT":-110597000,"NETCASH_OPERATE":208759000,"NETCASH_INVEST":-251775000,"NETCASH_FINANCE":-65170000,"END_CASH":41949000,"DIVI_RATIO":null,"DIVIDEND_RATE":null,"CURRENT_RATIO":3.841919316408,"COMMON_ACS":2500000000,"CURRENTDEBT_DEBT":10.829758013038,"ISSUED_COMMON_SHARES":491564686,"HK_COMMON_SHARES":414356574,"PER_SHARES":500,"TOTAL_MARKET_CAP":5387548958.56,"HKSK_MARKET_CAP":4541348051.04,"PE_TTM":17.582367148803,"PB_TTM":1.081600219153,"REPORT_DATE_SQ":"2019-12-31 00:00:00","REPORT_TYPE_SQ":"2019年年报","OPERATE_INCOME_SQ":1261942000,"DPS_HKD":null,"OPERATE_INCOME_QOQ_SQ":46.995367452891,"NET_PROFIT_RATIO_SQ":-7.4599308051,"HOLDER_PROFIT_SQ":-93165000,"HOLDER_PROFIT_QOQ_SQ":47.983026716172,"ROE_AVG_SQ":7.934885646174,"PE_TTM_SQ":15.888183983888,"PB_TTM_SQ":1.254858037052,"ROA_SQ":-7.863541619629,"START_DATE":"2020-01-01 00:00:00","FISCAL_YEAR":"12-31","CURRENCY":"HKD","IS_CNY_CODE":0,"DPS_HKD_LY":null,"ORG_TYPE":"一般企业","PREMIUM_INCOME":null,"PREMIUM_INCOME_YOY":null,"NET_INTEREST_INCOME":null,"NET_INTEREST_INCOME_YOY":null,"FEE_COMMISSION_INCOME":null,"FEE_COMMISSION_INCOME_YOY":null,"ACCOUNTS_RECE_TDAYS":6.046878616253,"INVENTORY_TDAYS":null,"CURRENT_ASSETS_TDAYS":1.10927164922,"TOTAL_ASSETS_TDAYS":0.876433659349,"PREMIUM_EXPENSE":null,"LOAN_DEPOSIT":null,"LOAN_EQUITY":null,"LOAN_ASSETS":null,"DEPOSIT_EQUITY":null,"DEPOSIT_ASSETS":null,"EQUITY_MULTIPLIER":-1.056246579353,"EQUITY_RATIO":-2.027622766544},{"SECUCODE":"06608.HK","SECURITY_CODE":"06608","SECURITY_NAME_ABBR":"百融云-W","ORG_CODE":"10000145180","STD_REPORT_DATE":"2020-09-30 00:00:00","REPORT_DATE":"2020-09-30 00:00:00","DATE_TYPE_CODE":"004","REPORT_TYPE":"2020年三季报","PER_NETCASH_OPERATE":0.709239656632,"PER_OI":5.478424371895,"BPS":-2.618221033071,"BASIC_EPS":-4.25,"DILUTED_EPS":-4.25,"OPERATE_INCOME":764233000,"OPERATE_INCOME_YOY":-17.1417636485,"GROSS_PROFIT":559789000,"GROSS_PROFIT_YOY":-21.846104444584,"HOLDER_PROFIT":-116148000,"HOLDER_PROFIT_YOY":-112.5851087195,"GROSS_PROFIT_RATIO":73.248472651665,"EPS_TTM":-1.108806144947,"OPERATE_INCOME_QOQ":-12.528705756683,"NET_PROFIT_RATIO":-15.1633075253,"ROE_AVG":9.336633432556,"GROSS_PROFIT_QOQ":-16.101799562046,"ROA":-9.293728485628,"HOLDER_PROFIT_QOQ":-66.024794719047,"ROE_YEARLY":12.448844576741,"ROIC_YEARLY":-10.225213883641,"TOTAL_ASSETS":1233732000,"TOTAL_LIABILITIES":2504240000,"TAX_EBT":1.647372351983,"OCF_SALES":12.946051793105,"TOTAL_PARENT_EQUITY":-1287025000,"DEBT_ASSET_RATIO":202.9808742904,"OPERATE_PROFIT":-15252000,"PRETAX_PROFIT":-117824000,"NETCASH_OPERATE":98938000,"NETCASH_INVEST":-156498000,"NETCASH_FINANCE":-48646000,"END_CASH":44010000,"DIVI_RATIO":null,"DIVIDEND_RATE":null,"CURRENT_RATIO":0.404660619565,"COMMON_ACS":2500000000,"CURRENTDEBT_DEBT":95.804156151168,"ISSUED_COMMON_SHARES":491564686,"HK_COMMON_SHARES":414356574,"PER_SHARES":500,"TOTAL_MARKET_CAP":5387548958.56,"HKSK_MARKET_CAP":4541348051.04,"PE_TTM":17.582367148803,"PB_TTM":1.081600219153,"REPORT_DATE_SQ":"2019-09-30 00:00:00","REPORT_TYPE_SQ":"2019年三季报","OPERATE_INCOME_SQ":922338000,"DPS_HKD":null,"OPERATE_INCOME_QOQ_SQ":0,"NET_PROFIT_RATIO_SQ":-6.2511790688,"HOLDER_PROFIT_SQ":-54636000,"HOLDER_PROFIT_QOQ_SQ":0,"ROE_AVG_SQ":null,"PE_TTM_SQ":15.888183983888,"PB_TTM_SQ":1.254858037052,"ROA_SQ":null,"START_DATE":"2020-01-01 00:00:00","FISCAL_YEAR":"12-31","CURRENCY":"HKD","IS_CNY_CODE":0,"DPS_HKD_LY":null,"ORG_TYPE":"一般企业","PREMIUM_INCOME":null,"PREMIUM_INCOME_YOY":null,"NET_INTEREST_INCOME":null,"NET_INTEREST_INCOME_YOY":null,"FEE_COMMISSION_INCOME":null,"FEE_COMMISSION_INCOME_YOY":null,"ACCOUNTS_RECE_TDAYS":4.295217407188,"INVENTORY_TDAYS":null,"CURRENT_ASSETS_TDAYS":0.786038493858,"TOTAL_ASSETS_TDAYS":0.611510658966,"PREMIUM_EXPENSE":null,"LOAN_DEPOSIT":null,"LOAN_EQUITY":null,"LOAN_ASSETS":null,"DEPOSIT_EQUITY":null,"DEPOSIT_ASSETS":null,"EQUITY_MULTIPLIER":-0.971054098045,"EQUITY_RATIO":-1.945758629397}],"count":14},"success":true,"message":"ok","code":0}