{"version":"c0fb266ca1e78126d0ed747bdf9b183b","result":{"pages":2,"data":[{"SECUCODE":"06606.HK","SECURITY_CODE":"06606","SECURITY_NAME_ABBR":"诺辉健康","ORG_CODE":"10000140641","STD_REPORT_DATE":"2023-06-30 00:00:00","REPORT_DATE":"2023-06-30 00:00:00","DATE_TYPE_CODE":"002","REPORT_TYPE":"2023年中报","PER_NETCASH_OPERATE":-0.757501948808,"PER_OI":1.797798010974,"BPS":6.52206096292,"BASIC_EPS":0.26,"DILUTED_EPS":0.26,"OPERATE_INCOME":822675000,"OPERATE_INCOME_YOY":264.5768705795,"GROSS_PROFIT":747501000,"GROSS_PROFIT_YOY":303.862487033195,"HOLDER_PROFIT":125654000,"HOLDER_PROFIT_YOY":292.478784351,"GROSS_PROFIT_RATIO":90.862248153888,"EPS_TTM":0.244094499322,"OPERATE_INCOME_QOQ":78.046303074671,"NET_PROFIT_RATIO":15.2360288085,"ROE_AVG":4.920338284515,"GROSS_PROFIT_QOQ":87.037931194577,"ROA":4.02071313309,"HOLDER_PROFIT_QOQ":240.965193467781,"ROE_YEARLY":9.84067656903,"ROIC_YEARLY":15.540947516187,"TOTAL_ASSETS":3675508000,"TOTAL_LIABILITIES":689623000,"TAX_EBT":-947.580442958629,"OCF_SALES":-42.134986477041,"TOTAL_PARENT_EQUITY":2985885000,"DEBT_ASSET_RATIO":18.7626581142,"OPERATE_PROFIT":17652000,"PRETAX_PROFIT":11965000,"NETCASH_OPERATE":-346634000,"NETCASH_INVEST":-201210000,"NETCASH_FINANCE":850829000,"END_CASH":1459109000,"DIVI_RATIO":null,"DIVIDEND_RATE":null,"CURRENT_RATIO":10.765891729822,"COMMON_ACS":1000000000,"CURRENTDEBT_DEBT":38.496975883925,"ISSUED_COMMON_SHARES":457813108,"HK_COMMON_SHARES":457813108,"PER_SHARES":500,"TOTAL_MARKET_CAP":6473477347.12,"HKSK_MARKET_CAP":6473477347.12,"PE_TTM":52.240079364898,"PB_TTM":1.998876930792,"REPORT_DATE_SQ":"2022-06-30 00:00:00","REPORT_TYPE_SQ":"2022年中报","OPERATE_INCOME_SQ":225652000,"DPS_HKD":null,"OPERATE_INCOME_QOQ_SQ":85.41086007304,"NET_PROFIT_RATIO_SQ":-28.9303883857,"HOLDER_PROFIT_SQ":-65282000,"HOLDER_PROFIT_QOQ_SQ":91.611513300334,"ROE_AVG_SQ":-3.107096842976,"PE_TTM_SQ":70.934195460116,"PB_TTM_SQ":2.714175181839,"ROA_SQ":-2.787271083482,"START_DATE":"2023-01-01 00:00:00","FISCAL_YEAR":"12-31","CURRENCY":"HKD","IS_CNY_CODE":0,"DPS_HKD_LY":null,"ORG_TYPE":"一般企业","PREMIUM_INCOME":null,"PREMIUM_INCOME_YOY":null,"NET_INTEREST_INCOME":null,"NET_INTEREST_INCOME_YOY":null,"FEE_COMMISSION_INCOME":null,"FEE_COMMISSION_INCOME_YOY":null,"ACCOUNTS_RECE_TDAYS":1.027494782436,"INVENTORY_TDAYS":1.06555727225,"CURRENT_ASSETS_TDAYS":0.338636619969,"TOTAL_ASSETS_TDAYS":0.263241932351,"PREMIUM_EXPENSE":null,"LOAN_DEPOSIT":null,"LOAN_EQUITY":null,"LOAN_ASSETS":null,"DEPOSIT_EQUITY":null,"DEPOSIT_ASSETS":null,"EQUITY_MULTIPLIER":1.230961004861,"EQUITY_RATIO":0.230961004861},{"SECUCODE":"06606.HK","SECURITY_CODE":"06606","SECURITY_NAME_ABBR":"诺辉健康","ORG_CODE":"10000140641","STD_REPORT_DATE":"2022-12-31 00:00:00","REPORT_DATE":"2022-12-31 00:00:00","DATE_TYPE_CODE":"001","REPORT_TYPE":"2022年年报","PER_NETCASH_OPERATE":-0.959386378205,"PER_OI":1.77896873469,"BPS":4.63431466449,"BASIC_EPS":-0.19,"DILUTED_EPS":-0.19,"OPERATE_INCOME":764960000,"OPERATE_INCOME_YOY":259.5395772722,"GROSS_PROFIT":646170000,"GROSS_PROFIT_YOY":317.840861327557,"HOLDER_PROFIT":-79238000,"HOLDER_PROFIT_YOY":97.431787008,"GROSS_PROFIT_RATIO":84.471083455344,"EPS_TTM":-0.184273588945,"OPERATE_INCOME_QOQ":93.915058228259,"NET_PROFIT_RATIO":-10.4989803388,"ROE_AVG":-3.730330413741,"GROSS_PROFIT_QOQ":105.104683790201,"ROA":-3.215375107483,"HOLDER_PROFIT_QOQ":69.384072670229,"ROE_YEARLY":-3.730330413741,"ROIC_YEARLY":-8.537055083388,"TOTAL_ASSETS":2574826000,"TOTAL_LIABILITIES":453176000,"TAX_EBT":-0.82226518366,"OCF_SALES":-53.929355783309,"TOTAL_PARENT_EQUITY":2121650000,"DEBT_ASSET_RATIO":17.6002572601,"OPERATE_PROFIT":-72297000,"PRETAX_PROFIT":-79658000,"NETCASH_OPERATE":-412538000,"NETCASH_INVEST":691960000,"NETCASH_FINANCE":75478000,"END_CASH":1131373000,"DIVI_RATIO":null,"DIVIDEND_RATE":null,"CURRENT_RATIO":8.796331227219,"COMMON_ACS":1000000000,"CURRENTDEBT_DEBT":50.186461772027,"ISSUED_COMMON_SHARES":457813108,"HK_COMMON_SHARES":457813108,"PER_SHARES":500,"TOTAL_MARKET_CAP":6473477347.12,"HKSK_MARKET_CAP":6473477347.12,"PE_TTM":52.240079364898,"PB_TTM":1.998876930792,"REPORT_DATE_SQ":"2021-12-31 00:00:00","REPORT_TYPE_SQ":"2021年年报","OPERATE_INCOME_SQ":212761000,"DPS_HKD":null,"OPERATE_INCOME_QOQ_SQ":104.632978109491,"NET_PROFIT_RATIO_SQ":-1450.1417083018,"HOLDER_PROFIT_SQ":-3085336000,"HOLDER_PROFIT_QOQ_SQ":1.350692867968,"ROE_AVG_SQ":-595.196123254876,"PE_TTM_SQ":81.094041164039,"PB_TTM_SQ":3.102924231321,"ROA_SQ":-194.541084368041,"START_DATE":"2022-01-01 00:00:00","FISCAL_YEAR":"12-31","CURRENCY":"HKD","IS_CNY_CODE":0,"DPS_HKD_LY":null,"ORG_TYPE":"一般企业","PREMIUM_INCOME":null,"PREMIUM_INCOME_YOY":null,"NET_INTEREST_INCOME":null,"NET_INTEREST_INCOME_YOY":null,"FEE_COMMISSION_INCOME":null,"FEE_COMMISSION_INCOME_YOY":null,"ACCOUNTS_RECE_TDAYS":2.131371811482,"INVENTORY_TDAYS":1.834594594595,"CURRENT_ASSETS_TDAYS":0.376854690042,"TOTAL_ASSETS_TDAYS":0.310410830942,"PREMIUM_EXPENSE":null,"LOAN_DEPOSIT":null,"LOAN_EQUITY":null,"LOAN_ASSETS":null,"DEPOSIT_EQUITY":null,"DEPOSIT_ASSETS":null,"EQUITY_MULTIPLIER":1.213596021964,"EQUITY_RATIO":0.213596021964},{"SECUCODE":"06606.HK","SECURITY_CODE":"06606","SECURITY_NAME_ABBR":"诺辉健康","ORG_CODE":"10000140641","STD_REPORT_DATE":"2022-06-30 00:00:00","REPORT_DATE":"2022-06-30 00:00:00","DATE_TYPE_CODE":"002","REPORT_TYPE":"2022年中报","PER_NETCASH_OPERATE":-0.554028148441,"PER_OI":0.525089713685,"BPS":4.533426334311,"BASIC_EPS":-0.15,"DILUTED_EPS":-0.15,"OPERATE_INCOME":225652000,"OPERATE_INCOME_YOY":413.6509526303,"GROSS_PROFIT":185088000,"GROSS_PROFIT_YOY":649.677994248451,"HOLDER_PROFIT":-65282000,"HOLDER_PROFIT_YOY":97.7425172168,"GROSS_PROFIT_RATIO":82.023647031713,"EPS_TTM":-0.602254994718,"OPERATE_INCOME_QOQ":85.41086007304,"NET_PROFIT_RATIO":-28.9303883857,"ROE_AVG":-3.107096842976,"GROSS_PROFIT_QOQ":103.720779850626,"ROA":-2.787271083482,"HOLDER_PROFIT_QOQ":91.611513300334,"ROE_YEARLY":-6.214193685952,"ROIC_YEARLY":-17.844632355253,"TOTAL_ASSETS":2330427000,"TOTAL_LIABILITIES":254965000,"TAX_EBT":-0.04597560228,"OCF_SALES":-105.511141049049,"TOTAL_PARENT_EQUITY":2075462000,"DEBT_ASSET_RATIO":10.9406988505,"OPERATE_PROFIT":-61743000,"PRETAX_PROFIT":-65252000,"NETCASH_OPERATE":-238088000,"NETCASH_INVEST":696025000,"NETCASH_FINANCE":-10382000,"END_CASH":1180445000,"DIVI_RATIO":null,"DIVIDEND_RATE":null,"CURRENT_RATIO":9.226289051749,"COMMON_ACS":1000000000,"CURRENTDEBT_DEBT":84.075461337831,"ISSUED_COMMON_SHARES":457813108,"HK_COMMON_SHARES":457813108,"PER_SHARES":500,"TOTAL_MARKET_CAP":6473477347.12,"HKSK_MARKET_CAP":6473477347.12,"PE_TTM":52.240079364898,"PB_TTM":1.998876930792,"REPORT_DATE_SQ":"2021-06-30 00:00:00","REPORT_TYPE_SQ":"2021年中报","OPERATE_INCOME_SQ":43931000,"DPS_HKD":null,"OPERATE_INCOME_QOQ_SQ":47.337990845579,"NET_PROFIT_RATIO_SQ":-6582.606815233,"HOLDER_PROFIT_SQ":-2891805000,"HOLDER_PROFIT_QOQ_SQ":-296.536684569,"ROE_AVG_SQ":-473.23706488138,"PE_TTM_SQ":81.278411267531,"PB_TTM_SQ":3.109978836733,"ROA_SQ":-174.118113870208,"START_DATE":"2022-01-01 00:00:00","FISCAL_YEAR":"12-31","CURRENCY":"HKD","IS_CNY_CODE":0,"DPS_HKD_LY":null,"ORG_TYPE":"一般企业","PREMIUM_INCOME":null,"PREMIUM_INCOME_YOY":null,"NET_INTEREST_INCOME":null,"NET_INTEREST_INCOME_YOY":null,"FEE_COMMISSION_INCOME":null,"FEE_COMMISSION_INCOME_YOY":null,"ACCOUNTS_RECE_TDAYS":1.055274572387,"INVENTORY_TDAYS":0.621627627213,"CURRENT_ASSETS_TDAYS":0.111794500096,"TOTAL_ASSETS_TDAYS":0.096344060312,"PREMIUM_EXPENSE":null,"LOAN_DEPOSIT":null,"LOAN_EQUITY":null,"LOAN_ASSETS":null,"DEPOSIT_EQUITY":null,"DEPOSIT_ASSETS":null,"EQUITY_MULTIPLIER":1.12284734676,"EQUITY_RATIO":0.122847346759},{"SECUCODE":"06606.HK","SECURITY_CODE":"06606","SECURITY_NAME_ABBR":"诺辉健康","ORG_CODE":"10000140641","STD_REPORT_DATE":"2021-12-31 00:00:00","REPORT_DATE":"2021-12-31 00:00:00","DATE_TYPE_CODE":"001","REPORT_TYPE":"2021年年报","PER_NETCASH_OPERATE":-0.825136324671,"PER_OI":0.495092498952,"BPS":4.645257994666,"BASIC_EPS":-8.15,"DILUTED_EPS":-8.15,"OPERATE_INCOME":212761000,"OPERATE_INCOME_YOY":201.502118554,"GROSS_PROFIT":154645000,"GROSS_PROFIT_YOY":315.165507798867,"HOLDER_PROFIT":-3085336000,"HOLDER_PROFIT_YOY":-291.1806918516,"GROSS_PROFIT_RATIO":72.684843556855,"EPS_TTM":-7.17954282197,"OPERATE_INCOME_QOQ":104.632978109491,"NET_PROFIT_RATIO":-1450.1417083018,"ROE_AVG":-595.196123254876,"GROSS_PROFIT_QOQ":159.062887392368,"ROA":-194.541084368041,"HOLDER_PROFIT_QOQ":1.350692867968,"ROE_YEARLY":-595.196123254876,"ROIC_YEARLY":-719.556512268443,"TOTAL_ASSETS":2353868000,"TOTAL_LIABILITIES":227208000,"TAX_EBT":null,"OCF_SALES":-166.663063249374,"TOTAL_PARENT_EQUITY":2126660000,"DEBT_ASSET_RATIO":9.6525378653,"OPERATE_PROFIT":-3077577000,"PRETAX_PROFIT":-3085336000,"NETCASH_OPERATE":-354594000,"NETCASH_INVEST":-1187309000,"NETCASH_FINANCE":1783821000,"END_CASH":686817000,"DIVI_RATIO":null,"DIVIDEND_RATE":null,"CURRENT_RATIO":10.649324051759,"COMMON_ACS":1000000000,"CURRENTDEBT_DEBT":85.101756980388,"ISSUED_COMMON_SHARES":457813108,"HK_COMMON_SHARES":457813108,"PER_SHARES":500,"TOTAL_MARKET_CAP":6473477347.12,"HKSK_MARKET_CAP":6473477347.12,"PE_TTM":52.240079364898,"PB_TTM":1.998876930792,"REPORT_DATE_SQ":"2020-12-31 00:00:00","REPORT_TYPE_SQ":"2020年年报","OPERATE_INCOME_SQ":70567000,"DPS_HKD":null,"OPERATE_INCOME_QOQ_SQ":21.365919097413,"NET_PROFIT_RATIO_SQ":-1117.6952399847,"HOLDER_PROFIT_SQ":-788724000,"HOLDER_PROFIT_QOQ_SQ":-36.524048064973,"ROE_AVG_SQ":108.379171275653,"PE_TTM_SQ":81.094041164039,"PB_TTM_SQ":3.102924231321,"ROA_SQ":-115.613928364641,"START_DATE":"2021-01-01 00:00:00","FISCAL_YEAR":"12-31","CURRENCY":"HKD","IS_CNY_CODE":0,"DPS_HKD_LY":null,"ORG_TYPE":"一般企业","PREMIUM_INCOME":null,"PREMIUM_INCOME_YOY":null,"NET_INTEREST_INCOME":null,"NET_INTEREST_INCOME_YOY":null,"FEE_COMMISSION_INCOME":null,"FEE_COMMISSION_INCOME_YOY":null,"ACCOUNTS_RECE_TDAYS":2.23513097558,"INVENTORY_TDAYS":1.785602359664,"CURRENT_ASSETS_TDAYS":0.154250142008,"TOTAL_ASSETS_TDAYS":0.134153154312,"PREMIUM_EXPENSE":null,"LOAN_DEPOSIT":null,"LOAN_EQUITY":null,"LOAN_ASSETS":null,"DEPOSIT_EQUITY":null,"DEPOSIT_ASSETS":null,"EQUITY_MULTIPLIER":1.10683795247,"EQUITY_RATIO":0.10683795247},{"SECUCODE":"06606.HK","SECURITY_CODE":"06606","SECURITY_NAME_ABBR":"诺辉健康","ORG_CODE":"10000140641","STD_REPORT_DATE":"2021-06-30 00:00:00","REPORT_DATE":"2021-06-30 00:00:00","DATE_TYPE_CODE":"002","REPORT_TYPE":"2021年中报","PER_NETCASH_OPERATE":-0.319897495693,"PER_OI":0.102298178613,"BPS":5.050209265743,"BASIC_EPS":-8.58,"DILUTED_EPS":-8.58,"OPERATE_INCOME":43931000,"OPERATE_INCOME_YOY":317.3570207106,"GROSS_PROFIT":24689000,"GROSS_PROFIT_YOY":1000.22281639929,"HOLDER_PROFIT":-2891805000,"HOLDER_PROFIT_YOY":-422.9786110473,"GROSS_PROFIT_RATIO":56.199494662084,"EPS_TTM":-7.282914968145,"OPERATE_INCOME_QOQ":47.337990845579,"NET_PROFIT_RATIO":-6582.606815233,"ROE_AVG":-473.23706488138,"GROSS_PROFIT_QOQ":60.256651185267,"ROA":-174.118113870208,"HOLDER_PROFIT_QOQ":-296.536684569,"ROE_YEARLY":-946.47412976276,"ROIC_YEARLY":-1904.28855999868,"TOTAL_ASSETS":2503615000,"TOTAL_LIABILITIES":191563000,"TAX_EBT":null,"OCF_SALES":-312.710842002231,"TOTAL_PARENT_EQUITY":2312052000,"DEBT_ASSET_RATIO":7.6514559946,"OPERATE_PROFIT":-2887407000,"PRETAX_PROFIT":-2891805000,"NETCASH_OPERATE":-137377000,"NETCASH_INVEST":-1255493000,"NETCASH_FINANCE":1810488000,"END_CASH":868208000,"DIVI_RATIO":null,"DIVIDEND_RATE":null,"CURRENT_RATIO":28.936653315305,"COMMON_ACS":1000000000,"CURRENTDEBT_DEBT":40.923351586684,"ISSUED_COMMON_SHARES":457813108,"HK_COMMON_SHARES":457813108,"PER_SHARES":500,"TOTAL_MARKET_CAP":6473477347.12,"HKSK_MARKET_CAP":6473477347.12,"PE_TTM":52.240079364898,"PB_TTM":1.998876930792,"REPORT_DATE_SQ":"2020-06-30 00:00:00","REPORT_TYPE_SQ":"2020年中报","OPERATE_INCOME_SQ":10526000,"DPS_HKD":null,"OPERATE_INCOME_QOQ_SQ":-4.530244530245,"NET_PROFIT_RATIO_SQ":-5253.1730951929,"HOLDER_PROFIT_SQ":-552949000,"HOLDER_PROFIT_QOQ_SQ":-505.392382473113,"ROE_AVG_SQ":86.530916921093,"PE_TTM_SQ":81.278411267531,"PB_TTM_SQ":3.109978836733,"ROA_SQ":-94.533962706075,"START_DATE":"2021-01-01 00:00:00","FISCAL_YEAR":"12-31","CURRENCY":"HKD","IS_CNY_CODE":0,"DPS_HKD_LY":null,"ORG_TYPE":"一般企业","PREMIUM_INCOME":null,"PREMIUM_INCOME_YOY":null,"NET_INTEREST_INCOME":null,"NET_INTEREST_INCOME_YOY":null,"FEE_COMMISSION_INCOME":null,"FEE_COMMISSION_INCOME_YOY":null,"ACCOUNTS_RECE_TDAYS":0.680900199941,"INVENTORY_TDAYS":2.582645460036,"CURRENT_ASSETS_TDAYS":0.029603329136,"TOTAL_ASSETS_TDAYS":0.026451240178,"PREMIUM_EXPENSE":null,"LOAN_DEPOSIT":null,"LOAN_EQUITY":null,"LOAN_ASSETS":null,"DEPOSIT_EQUITY":null,"DEPOSIT_ASSETS":null,"EQUITY_MULTIPLIER":1.082854105357,"EQUITY_RATIO":0.082854105357},{"SECUCODE":"06606.HK","SECURITY_CODE":"06606","SECURITY_NAME_ABBR":"诺辉健康","ORG_CODE":"10000140641","STD_REPORT_DATE":"2020-12-31 00:00:00","REPORT_DATE":"2020-12-31 00:00:00","DATE_TYPE_CODE":"001","REPORT_TYPE":"2020年年报","PER_NETCASH_OPERATE":-0.899226374792,"PER_OI":0.479627727396,"BPS":-2.38069636049,"BASIC_EPS":-6.64,"DILUTED_EPS":-6.64,"OPERATE_INCOME":70567000,"OPERATE_INCOME_YOY":21.0930930931,"GROSS_PROFIT":37249000,"GROSS_PROFIT_YOY":8.540707500437,"HOLDER_PROFIT":-788724000,"HOLDER_PROFIT_YOY":-640.8293805476,"GROSS_PROFIT_RATIO":52.785296243287,"EPS_TTM":-5.36077627875,"OPERATE_INCOME_QOQ":21.365919097413,"NET_PROFIT_RATIO":-1117.6952399847,"ROE_AVG":108.379171275653,"GROSS_PROFIT_QOQ":23.800186120713,"ROA":-115.613928364641,"HOLDER_PROFIT_QOQ":-36.524048064973,"ROE_YEARLY":108.379171275653,"ROIC_YEARLY":-362.501723519841,"TOTAL_ASSETS":818044000,"TOTAL_LIABILITIES":1907958000,"TAX_EBT":-0.038431244221,"OCF_SALES":-187.484234840648,"TOTAL_PARENT_EQUITY":-1089914000,"DEBT_ASSET_RATIO":233.2341536641,"OPERATE_PROFIT":-767833000,"PRETAX_PROFIT":-788421000,"NETCASH_OPERATE":-132302000,"NETCASH_INVEST":-169647000,"NETCASH_FINANCE":432435000,"END_CASH":451796000,"DIVI_RATIO":null,"DIVIDEND_RATE":null,"CURRENT_RATIO":4.46721672659,"COMMON_ACS":1000000000,"CURRENTDEBT_DEBT":8.207151310459,"ISSUED_COMMON_SHARES":457813108,"HK_COMMON_SHARES":457813108,"PER_SHARES":500,"TOTAL_MARKET_CAP":6473477347.12,"HKSK_MARKET_CAP":6473477347.12,"PE_TTM":52.240079364898,"PB_TTM":1.998876930792,"REPORT_DATE_SQ":"2019-12-31 00:00:00","REPORT_TYPE_SQ":"2019年年报","OPERATE_INCOME_SQ":58275000,"DPS_HKD":null,"OPERATE_INCOME_QOQ_SQ":209.709821428571,"NET_PROFIT_RATIO_SQ":-182.6941226941,"HOLDER_PROFIT_SQ":-106465000,"HOLDER_PROFIT_QOQ_SQ":52.654656711241,"ROE_AVG_SQ":33.529432142778,"PE_TTM_SQ":81.094041164039,"PB_TTM_SQ":3.102924231321,"ROA_SQ":-25.095257794168,"START_DATE":"2020-01-01 00:00:00","FISCAL_YEAR":"12-31","CURRENCY":"HKD","IS_CNY_CODE":0,"DPS_HKD_LY":null,"ORG_TYPE":"一般企业","PREMIUM_INCOME":null,"PREMIUM_INCOME_YOY":null,"NET_INTEREST_INCOME":null,"NET_INTEREST_INCOME_YOY":null,"FEE_COMMISSION_INCOME":null,"FEE_COMMISSION_INCOME_YOY":null,"ACCOUNTS_RECE_TDAYS":1.479035452669,"INVENTORY_TDAYS":6.142132915476,"CURRENT_ASSETS_TDAYS":0.122008127881,"TOTAL_ASSETS_TDAYS":0.103439581944,"PREMIUM_EXPENSE":null,"LOAN_DEPOSIT":null,"LOAN_EQUITY":null,"LOAN_ASSETS":null,"DEPOSIT_EQUITY":null,"DEPOSIT_ASSETS":null,"EQUITY_MULTIPLIER":-0.75055830093,"EQUITY_RATIO":-1.75055830093},{"SECUCODE":"06606.HK","SECURITY_CODE":"06606","SECURITY_NAME_ABBR":"诺辉健康","ORG_CODE":"10000140641","STD_REPORT_DATE":"2020-09-30 00:00:00","REPORT_DATE":"2020-09-30 00:00:00","DATE_TYPE_CODE":"004","REPORT_TYPE":"2020年三季报","PER_NETCASH_OPERATE":-0.634545255208,"PER_OI":0.250476896771,"BPS":-1.835978449092,"BASIC_EPS":-4.55,"DILUTED_EPS":-4.55,"OPERATE_INCOME":35309000,"OPERATE_INCOME_YOY":-0.3696388262,"GROSS_PROFIT":16535000,"GROSS_PROFIT_YOY":-20.37081627739,"HOLDER_PROFIT":-533761000,"HOLDER_PROFIT_YOY":-753.9082997376,"GROSS_PROFIT_RATIO":46.829420261123,"EPS_TTM":-4.098247241458,"OPERATE_INCOME_QOQ":4.50975105599,"NET_PROFIT_RATIO":-1511.6854059871,"ROE_AVG":88.50943238226,"GROSS_PROFIT_QOQ":-6.2649926789,"ROA":-75.340595993586,"HOLDER_PROFIT_QOQ":10.366142202625,"ROE_YEARLY":118.01257650968,"ROIC_YEARLY":-255.90781275845,"TOTAL_ASSETS":870562000,"TOTAL_LIABILITIES":1711097000,"TAX_EBT":-0.051735287778,"OCF_SALES":-253.334843807528,"TOTAL_PARENT_EQUITY":-840535000,"DEBT_ASSET_RATIO":196.5508487621,"OPERATE_PROFIT":null,"PRETAX_PROFIT":-533485000,"NETCASH_OPERATE":-89450000,"NETCASH_INVEST":-160418000,"NETCASH_FINANCE":435485000,"END_CASH":515927000,"DIVI_RATIO":null,"DIVIDEND_RATE":null,"CURRENT_RATIO":5.745767477204,"COMMON_ACS":1000000000,"CURRENTDEBT_DEBT":7.690972516462,"ISSUED_COMMON_SHARES":457813108,"HK_COMMON_SHARES":457813108,"PER_SHARES":500,"TOTAL_MARKET_CAP":6473477347.12,"HKSK_MARKET_CAP":6473477347.12,"PE_TTM":52.240079364898,"PB_TTM":1.998876930792,"REPORT_DATE_SQ":"2019-09-30 00:00:00","REPORT_TYPE_SQ":"2019年三季报","OPERATE_INCOME_SQ":35440000,"DPS_HKD":null,"OPERATE_INCOME_QOQ_SQ":0,"NET_PROFIT_RATIO_SQ":-176.3769751693,"HOLDER_PROFIT_SQ":-62508000,"HOLDER_PROFIT_QOQ_SQ":0,"ROE_AVG_SQ":null,"PE_TTM_SQ":81.278411267531,"PB_TTM_SQ":3.109978836733,"ROA_SQ":null,"START_DATE":"2020-01-01 00:00:00","FISCAL_YEAR":"12-31","CURRENCY":"HKD","IS_CNY_CODE":0,"DPS_HKD_LY":null,"ORG_TYPE":"一般企业","PREMIUM_INCOME":null,"PREMIUM_INCOME_YOY":null,"NET_INTEREST_INCOME":null,"NET_INTEREST_INCOME_YOY":null,"FEE_COMMISSION_INCOME":null,"FEE_COMMISSION_INCOME_YOY":null,"ACCOUNTS_RECE_TDAYS":0.874493826855,"INVENTORY_TDAYS":3.151321863198,"CURRENT_ASSETS_TDAYS":0.05819917009,"TOTAL_ASSETS_TDAYS":0.049838806206,"PREMIUM_EXPENSE":null,"LOAN_DEPOSIT":null,"LOAN_EQUITY":null,"LOAN_ASSETS":null,"DEPOSIT_EQUITY":null,"DEPOSIT_ASSETS":null,"EQUITY_MULTIPLIER":-1.035723675992,"EQUITY_RATIO":-2.035723675992},{"SECUCODE":"06606.HK","SECURITY_CODE":"06606","SECURITY_NAME_ABBR":"诺辉健康","ORG_CODE":"10000140641","STD_REPORT_DATE":"2020-06-30 00:00:00","REPORT_DATE":"2020-06-30 00:00:00","DATE_TYPE_CODE":"002","REPORT_TYPE":"2020年中报","PER_NETCASH_OPERATE":-0.529449256875,"PER_OI":0.09314852125,"BPS":-1.99308841109,"BASIC_EPS":-4.74,"DILUTED_EPS":-4.74,"OPERATE_INCOME":10526000,"OPERATE_INCOME_YOY":-20.0516481847,"GROSS_PROFIT":2244000,"GROSS_PROFIT_YOY":-49.719919336769,"HOLDER_PROFIT":-552949000,"HOLDER_PROFIT_YOY":-3615.306053887,"GROSS_PROFIT_RATIO":21.318639559187,"EPS_TTM":-5.703696518125,"OPERATE_INCOME_QOQ":-4.530244530245,"NET_PROFIT_RATIO":-5253.1730951929,"ROE_AVG":86.530916921093,"GROSS_PROFIT_QOQ":-6.465994521825,"ROA":-94.533962706075,"HOLDER_PROFIT_QOQ":-505.392382473113,"ROE_YEARLY":173.061833842186,"ROIC_YEARLY":-620.386571262682,"TOTAL_ASSETS":623476000,"TOTAL_LIABILITIES":1535938000,"TAX_EBT":-0.033649140771,"OCF_SALES":-568.392551776553,"TOTAL_PARENT_EQUITY":-912462000,"DEBT_ASSET_RATIO":246.3507817462,"OPERATE_PROFIT":-544987000,"PRETAX_PROFIT":-552763000,"NETCASH_OPERATE":-59829000,"NETCASH_INVEST":-75907000,"NETCASH_FINANCE":181544000,"END_CASH":394860000,"DIVI_RATIO":null,"DIVIDEND_RATE":null,"CURRENT_RATIO":5.749474863465,"COMMON_ACS":1000000000,"CURRENTDEBT_DEBT":6.044059070093,"ISSUED_COMMON_SHARES":457813108,"HK_COMMON_SHARES":457813108,"PER_SHARES":500,"TOTAL_MARKET_CAP":6473477347.12,"HKSK_MARKET_CAP":6473477347.12,"PE_TTM":52.240079364898,"PB_TTM":1.998876930792,"REPORT_DATE_SQ":"2019-06-30 00:00:00","REPORT_TYPE_SQ":"2019年中报","OPERATE_INCOME_SQ":13166000,"DPS_HKD":null,"OPERATE_INCOME_QOQ_SQ":0,"NET_PROFIT_RATIO_SQ":-113.0411666413,"HOLDER_PROFIT_SQ":-14883000,"HOLDER_PROFIT_QOQ_SQ":0,"ROE_AVG_SQ":null,"PE_TTM_SQ":81.278411267531,"PB_TTM_SQ":3.109978836733,"ROA_SQ":null,"START_DATE":"2020-01-01 00:00:00","FISCAL_YEAR":"12-31","CURRENCY":"HKD","IS_CNY_CODE":0,"DPS_HKD_LY":null,"ORG_TYPE":"一般企业","PREMIUM_INCOME":null,"PREMIUM_INCOME_YOY":null,"NET_INTEREST_INCOME":null,"NET_INTEREST_INCOME_YOY":null,"FEE_COMMISSION_INCOME":null,"FEE_COMMISSION_INCOME_YOY":null,"ACCOUNTS_RECE_TDAYS":0.307332953766,"INVENTORY_TDAYS":1.244197401037,"CURRENT_ASSETS_TDAYS":0.021243553118,"TOTAL_ASSETS_TDAYS":0.017995592567,"PREMIUM_EXPENSE":null,"LOAN_DEPOSIT":null,"LOAN_EQUITY":null,"LOAN_ASSETS":null,"DEPOSIT_EQUITY":null,"DEPOSIT_ASSETS":null,"EQUITY_MULTIPLIER":-0.683289824672,"EQUITY_RATIO":-1.683289824672},{"SECUCODE":"06606.HK","SECURITY_CODE":"06606","SECURITY_NAME_ABBR":"诺辉健康","ORG_CODE":"10000140641","STD_REPORT_DATE":"2019-12-31 00:00:00","REPORT_DATE":"2019-12-31 00:00:00","DATE_TYPE_CODE":"001","REPORT_TYPE":"2019年年报","PER_NETCASH_OPERATE":-0.653914107,"PER_OI":0.50817256875,"BPS":-0.798526721083,"BASIC_EPS":-0.92,"DILUTED_EPS":-1.03,"OPERATE_INCOME":58275000,"OPERATE_INCOME_YOY":209.7098214286,"GROSS_PROFIT":34318000,"GROSS_PROFIT_YOY":793.697916666667,"HOLDER_PROFIT":-106465000,"HOLDER_PROFIT_YOY":52.6546567112,"GROSS_PROFIT_RATIO":58.889746889747,"EPS_TTM":-0.92840141625,"OPERATE_INCOME_QOQ":209.709821428571,"NET_PROFIT_RATIO":-182.6941226941,"ROE_AVG":33.529432142778,"GROSS_PROFIT_QOQ":793.697916666667,"ROA":-25.095257794168,"HOLDER_PROFIT_QOQ":52.654656711241,"ROE_YEARLY":33.529432142778,"ROIC_YEARLY":-50.120517093655,"TOTAL_ASSETS":546366000,"TOTAL_LIABILITIES":911942000,"TAX_EBT":-0.216501153104,"OCF_SALES":-128.679536679537,"TOTAL_PARENT_EQUITY":-365576000,"DEBT_ASSET_RATIO":166.9104592892,"OPERATE_PROFIT":-84516000,"PRETAX_PROFIT":-106235000,"NETCASH_OPERATE":-74988000,"NETCASH_INVEST":-36011000,"NETCASH_FINANCE":375816000,"END_CASH":346434000,"DIVI_RATIO":null,"DIVIDEND_RATE":null,"CURRENT_RATIO":4.631377434744,"COMMON_ACS":1000000000,"CURRENTDEBT_DEBT":10.826017444092,"ISSUED_COMMON_SHARES":457813108,"HK_COMMON_SHARES":457813108,"PER_SHARES":500,"TOTAL_MARKET_CAP":6473477347.12,"HKSK_MARKET_CAP":6473477347.12,"PE_TTM":52.240079364898,"PB_TTM":1.998876930792,"REPORT_DATE_SQ":"2018-12-31 00:00:00","REPORT_TYPE_SQ":"2018年年报","OPERATE_INCOME_SQ":18816000,"DPS_HKD":null,"OPERATE_INCOME_QOQ_SQ":null,"NET_PROFIT_RATIO_SQ":-1195.0946003401,"HOLDER_PROFIT_SQ":-224869000,"HOLDER_PROFIT_QOQ_SQ":null,"ROE_AVG_SQ":83.4461440266,"PE_TTM_SQ":81.094041164039,"PB_TTM_SQ":3.102924231321,"ROA_SQ":-74.430112438394,"START_DATE":"2019-01-01 00:00:00","FISCAL_YEAR":"12-31","CURRENCY":"HKD","IS_CNY_CODE":0,"DPS_HKD_LY":null,"ORG_TYPE":"一般企业","PREMIUM_INCOME":null,"PREMIUM_INCOME_YOY":null,"NET_INTEREST_INCOME":null,"NET_INTEREST_INCOME_YOY":null,"FEE_COMMISSION_INCOME":null,"FEE_COMMISSION_INCOME_YOY":null,"ACCOUNTS_RECE_TDAYS":1.111874302395,"INVENTORY_TDAYS":5.179891891892,"CURRENT_ASSETS_TDAYS":0.166286203453,"TOTAL_ASSETS_TDAYS":0.137362151689,"PREMIUM_EXPENSE":null,"LOAN_DEPOSIT":null,"LOAN_EQUITY":null,"LOAN_ASSETS":null,"DEPOSIT_EQUITY":null,"DEPOSIT_ASSETS":null,"EQUITY_MULTIPLIER":-1.494534652165,"EQUITY_RATIO":-2.494534652165}],"count":12},"success":true,"message":"ok","code":0}