{"version":"348c3ced0cb79bbe25f31872842ff688","result":{"pages":2,"data":[{"SECUCODE":"06616.HK","SECURITY_CODE":"06616","SECURITY_NAME_ABBR":"环球新材国际","ORG_CODE":"10000135337","STD_REPORT_DATE":"2024-06-30 00:00:00","REPORT_DATE":"2024-06-30 00:00:00","DATE_TYPE_CODE":"002","REPORT_TYPE":"2024年中报","PER_NETCASH_OPERATE":0.15725942128,"PER_OI":0.625264892576,"BPS":2.629049579831,"BASIC_EPS":0.09,"DILUTED_EPS":0.09,"OPERATE_INCOME":774622000,"OPERATE_INCOME_YOY":66.8279046528,"GROSS_PROFIT":387972000,"GROSS_PROFIT_YOY":72.789097468101,"HOLDER_PROFIT":107062000,"HOLDER_PROFIT_YOY":26.4476963233,"GROSS_PROFIT_RATIO":50.085331942548,"EPS_TTM":0.164642761764,"OPERATE_INCOME_QOQ":29.161838438803,"NET_PROFIT_RATIO":18.6596817545,"ROE_AVG":3.338623702569,"GROSS_PROFIT_QOQ":30.934701672632,"ROA":1.943285828754,"HOLDER_PROFIT_QOQ":12.332441154765,"ROE_YEARLY":6.677247405139,"ROIC_YEARLY":17.175393572021,"TOTAL_ASSETS":5863375000,"TOTAL_LIABILITIES":1649756000,"TAX_EBT":21.373630558003,"OCF_SALES":25.150847768331,"TOTAL_PARENT_EQUITY":3257051000,"DEBT_ASSET_RATIO":28.1366277954,"OPERATE_PROFIT":226545000,"PRETAX_PROFIT":183834000,"NETCASH_OPERATE":194824000,"NETCASH_INVEST":-399488000,"NETCASH_FINANCE":438174000,"END_CASH":3436577000,"DIVI_RATIO":null,"DIVIDEND_RATE":null,"CURRENT_RATIO":5.035528881371,"COMMON_ACS":80000000000,"CURRENTDEBT_DEBT":51.387053600654,"ISSUED_COMMON_SHARES":1238870132,"HK_COMMON_SHARES":1238870132,"PER_SHARES":1000,"TOTAL_MARKET_CAP":4410377669.92,"HKSK_MARKET_CAP":4410377669.92,"PE_TTM":19.528791509895,"PB_TTM":1.235861364094,"REPORT_DATE_SQ":"2023-06-30 00:00:00","REPORT_TYPE_SQ":"2023年中报","OPERATE_INCOME_SQ":464324000,"DPS_HKD":null,"OPERATE_INCOME_QOQ_SQ":8.973953447787,"NET_PROFIT_RATIO_SQ":20.3874880471,"HOLDER_PROFIT_SQ":84669000,"HOLDER_PROFIT_QOQ_SQ":-9.660929093606,"ROE_AVG_SQ":3.528174894866,"PE_TTM_SQ":21.644505835431,"PB_TTM_SQ":1.781966632375,"ROA_SQ":2.570068741879,"START_DATE":"2024-01-01 00:00:00","FISCAL_YEAR":"12-31","CURRENCY":"HKD","IS_CNY_CODE":0,"DPS_HKD_LY":null,"ORG_TYPE":"一般企业","PREMIUM_INCOME":null,"PREMIUM_INCOME_YOY":null,"NET_INTEREST_INCOME":null,"NET_INTEREST_INCOME_YOY":null,"FEE_COMMISSION_INCOME":null,"FEE_COMMISSION_INCOME_YOY":null,"ACCOUNTS_RECE_TDAYS":1.851023816977,"INVENTORY_TDAYS":1.585999397021,"CURRENT_ASSETS_TDAYS":0.191163940881,"TOTAL_ASSETS_TDAYS":0.140601890049,"PREMIUM_EXPENSE":null,"LOAN_DEPOSIT":null,"LOAN_EQUITY":null,"LOAN_ASSETS":null,"DEPOSIT_EQUITY":null,"DEPOSIT_ASSETS":null,"EQUITY_MULTIPLIER":1.391529466712,"EQUITY_RATIO":0.506518319793},{"SECUCODE":"06616.HK","SECURITY_CODE":"06616","SECURITY_NAME_ABBR":"环球新材国际","ORG_CODE":"10000135337","STD_REPORT_DATE":"2023-12-31 00:00:00","REPORT_DATE":"2023-12-31 00:00:00","DATE_TYPE_CODE":"001","REPORT_TYPE":"2023年年报","PER_NETCASH_OPERATE":0.228609111387,"PER_OI":0.85889147903,"BPS":2.547878036985,"BASIC_EPS":0.15,"DILUTED_EPS":0.15,"OPERATE_INCOME":1064055000,"OPERATE_INCOME_YOY":16.0593137148,"GROSS_PROFIT":528329000,"GROSS_PROFIT_YOY":16.030834440577,"HOLDER_PROFIT":181578000,"HOLDER_PROFIT_YOY":-18.8616011582,"GROSS_PROFIT_RATIO":49.652414583833,"EPS_TTM":0.146567420838,"OPERATE_INCOME_QOQ":6.501884205206,"NET_PROFIT_RATIO":20.0445465695,"ROE_AVG":6.586155428161,"GROSS_PROFIT_QOQ":9.101403186338,"ROA":4.368976890702,"HOLDER_PROFIT_QOQ":-10.18459894741,"ROE_YEARLY":6.586155428161,"ROIC_YEARLY":17.199707493767,"TOTAL_ASSETS":5155282000,"TOTAL_LIABILITIES":1070137000,"TAX_EBT":16.03977467317,"OCF_SALES":26.616763231224,"TOTAL_PARENT_EQUITY":3156490000,"DEBT_ASSET_RATIO":20.7580691027,"OPERATE_PROFIT":305463000,"PRETAX_PROFIT":254031000,"NETCASH_OPERATE":283217000,"NETCASH_INVEST":-55070000,"NETCASH_FINANCE":1251745000,"END_CASH":3203476000,"DIVI_RATIO":null,"DIVIDEND_RATE":null,"CURRENT_RATIO":10.322079194331,"COMMON_ACS":80000000000,"CURRENTDEBT_DEBT":34.721442207867,"ISSUED_COMMON_SHARES":1238870132,"HK_COMMON_SHARES":1238870132,"PER_SHARES":1000,"TOTAL_MARKET_CAP":4459932475.2,"HKSK_MARKET_CAP":4459932475.2,"PE_TTM":19.748216133602,"PB_TTM":1.249747446836,"REPORT_DATE_SQ":"2022-12-31 00:00:00","REPORT_TYPE_SQ":"2022年年报","OPERATE_INCOME_SQ":916820000,"DPS_HKD":null,"OPERATE_INCOME_QOQ_SQ":23.104562745301,"NET_PROFIT_RATIO_SQ":25.796775812,"HOLDER_PROFIT_SQ":223788000,"HOLDER_PROFIT_QOQ_SQ":28.466130884041,"ROE_AVG_SQ":9.886967522574,"PE_TTM_SQ":20.905979389602,"PB_TTM_SQ":1.721164621297,"ROA_SQ":7.768740183325,"START_DATE":"2023-01-01 00:00:00","FISCAL_YEAR":"12-31","CURRENCY":"HKD","IS_CNY_CODE":0,"DPS_HKD_LY":null,"ORG_TYPE":"一般企业","PREMIUM_INCOME":null,"PREMIUM_INCOME_YOY":null,"NET_INTEREST_INCOME":null,"NET_INTEREST_INCOME_YOY":null,"FEE_COMMISSION_INCOME":null,"FEE_COMMISSION_INCOME_YOY":null,"ACCOUNTS_RECE_TDAYS":3.160096342318,"INVENTORY_TDAYS":2.997496146303,"CURRENT_ASSETS_TDAYS":0.34501201319,"TOTAL_ASSETS_TDAYS":0.256023951439,"PREMIUM_EXPENSE":null,"LOAN_DEPOSIT":null,"LOAN_EQUITY":null,"LOAN_ASSETS":null,"DEPOSIT_EQUITY":null,"DEPOSIT_ASSETS":null,"EQUITY_MULTIPLIER":1.261958143468,"EQUITY_RATIO":0.339027527412},{"SECUCODE":"06616.HK","SECURITY_CODE":"06616","SECURITY_NAME_ABBR":"环球新材国际","ORG_CODE":"10000135337","STD_REPORT_DATE":"2023-06-30 00:00:00","REPORT_DATE":"2023-06-30 00:00:00","DATE_TYPE_CODE":"002","REPORT_TYPE":"2023年中报","PER_NETCASH_OPERATE":0.11877943047,"PER_OI":0.38961083008,"BPS":1.971273612075,"BASIC_EPS":0.07,"DILUTED_EPS":0.07,"OPERATE_INCOME":464324000,"OPERATE_INCOME_YOY":21.5351957471,"GROSS_PROFIT":224535000,"GROSS_PROFIT_YOY":14.784142320374,"HOLDER_PROFIT":84669000,"HOLDER_PROFIT_YOY":-20.3407690354,"GROSS_PROFIT_RATIO":48.357396990033,"EPS_TTM":0.169637671745,"OPERATE_INCOME_QOQ":8.973953447787,"NET_PROFIT_RATIO":20.3874880471,"ROE_AVG":3.528174894866,"GROSS_PROFIT_QOQ":6.35136767435,"ROA":2.570068741879,"HOLDER_PROFIT_QOQ":-9.660929093606,"ROE_YEARLY":7.056349789732,"ROIC_YEARLY":15.51425355669,"TOTAL_ASSETS":3431981000,"TOTAL_LIABILITIES":793948000,"TAX_EBT":17.817828245998,"OCF_SALES":30.486686020968,"TOTAL_PARENT_EQUITY":2442152000,"DEBT_ASSET_RATIO":23.1338110555,"OPERATE_PROFIT":136671000,"PRETAX_PROFIT":115188000,"NETCASH_OPERATE":141557000,"NETCASH_INVEST":-133301000,"NETCASH_FINANCE":155328000,"END_CASH":1886358000,"DIVI_RATIO":null,"DIVIDEND_RATE":null,"CURRENT_RATIO":5.701646289689,"COMMON_ACS":80000000000,"CURRENTDEBT_DEBT":57.257906059339,"ISSUED_COMMON_SHARES":1238870132,"HK_COMMON_SHARES":1238870132,"PER_SHARES":1000,"TOTAL_MARKET_CAP":4459932475.2,"HKSK_MARKET_CAP":4459932475.2,"PE_TTM":19.748216133602,"PB_TTM":1.249747446836,"REPORT_DATE_SQ":"2022-06-30 00:00:00","REPORT_TYPE_SQ":"2022年中报","OPERATE_INCOME_SQ":382049000,"DPS_HKD":null,"OPERATE_INCOME_QOQ_SQ":11.201877780051,"NET_PROFIT_RATIO_SQ":28.9954953422,"HOLDER_PROFIT_SQ":106289000,"HOLDER_PROFIT_QOQ_SQ":7.513608926962,"ROE_AVG_SQ":4.78211994915,"PE_TTM_SQ":20.905979389602,"PB_TTM_SQ":1.721164621297,"ROA_SQ":3.977468657353,"START_DATE":"2023-01-01 00:00:00","FISCAL_YEAR":"12-31","CURRENCY":"HKD","IS_CNY_CODE":0,"DPS_HKD_LY":null,"ORG_TYPE":"一般企业","PREMIUM_INCOME":null,"PREMIUM_INCOME_YOY":null,"NET_INTEREST_INCOME":null,"NET_INTEREST_INCOME_YOY":null,"FEE_COMMISSION_INCOME":null,"FEE_COMMISSION_INCOME_YOY":null,"ACCOUNTS_RECE_TDAYS":1.561939490167,"INVENTORY_TDAYS":1.849495954524,"CURRENT_ASSETS_TDAYS":0.188564363502,"TOTAL_ASSETS_TDAYS":0.140942328184,"PREMIUM_EXPENSE":null,"LOAN_DEPOSIT":null,"LOAN_EQUITY":null,"LOAN_ASSETS":null,"DEPOSIT_EQUITY":null,"DEPOSIT_ASSETS":null,"EQUITY_MULTIPLIER":1.300962118367,"EQUITY_RATIO":0.325101795466},{"SECUCODE":"06616.HK","SECURITY_CODE":"06616","SECURITY_NAME_ABBR":"环球新材国际","ORG_CODE":"10000135337","STD_REPORT_DATE":"2022-12-31 00:00:00","REPORT_DATE":"2022-12-31 00:00:00","DATE_TYPE_CODE":"001","REPORT_TYPE":"2022年年报","PER_NETCASH_OPERATE":0.152279363233,"PER_OI":0.769296872945,"BPS":1.902895177717,"BASIC_EPS":0.22,"DILUTED_EPS":0.22,"OPERATE_INCOME":916820000,"OPERATE_INCOME_YOY":36.8945854057,"GROSS_PROFIT":455335000,"GROSS_PROFIT_YOY":36.074029579557,"HOLDER_PROFIT":223788000,"HOLDER_PROFIT_YOY":38.1185735623,"GROSS_PROFIT_RATIO":49.664601557558,"EPS_TTM":0.187778853649,"OPERATE_INCOME_QOQ":23.104562745301,"NET_PROFIT_RATIO":25.796775812,"ROE_AVG":9.886967522574,"GROSS_PROFIT_QOQ":23.630207654546,"ROA":7.768740183325,"HOLDER_PROFIT_QOQ":28.466130884041,"ROE_YEARLY":9.886967522574,"ROIC_YEARLY":22.905594310756,"TOTAL_ASSETS":3156870000,"TOTAL_LIABILITIES":613544000,"TAX_EBT":13.829663202996,"OCF_SALES":19.794616173295,"TOTAL_PARENT_EQUITY":2357440000,"DEBT_ASSET_RATIO":19.4352000558,"OPERATE_PROFIT":285420000,"PRETAX_PROFIT":274468000,"NETCASH_OPERATE":181481000,"NETCASH_INVEST":-330118000,"NETCASH_FINANCE":305928000,"END_CASH":1722727000,"DIVI_RATIO":null,"DIVIDEND_RATE":null,"CURRENT_RATIO":12.877221066112,"COMMON_ACS":80000000000,"CURRENTDEBT_DEBT":29.527303665263,"ISSUED_COMMON_SHARES":1238870132,"HK_COMMON_SHARES":1238870132,"PER_SHARES":1000,"TOTAL_MARKET_CAP":4459932475.2,"HKSK_MARKET_CAP":4459932475.2,"PE_TTM":19.748216133602,"PB_TTM":1.249747446836,"REPORT_DATE_SQ":"2021-12-31 00:00:00","REPORT_TYPE_SQ":"2021年年报","OPERATE_INCOME_SQ":669727000,"DPS_HKD":null,"OPERATE_INCOME_QOQ_SQ":6.115202524987,"NET_PROFIT_RATIO_SQ":25.251483067,"HOLDER_PROFIT_SQ":162026000,"HOLDER_PROFIT_QOQ_SQ":-10.623603717903,"ROE_AVG_SQ":9.671092371568,"PE_TTM_SQ":20.905979389602,"PB_TTM_SQ":1.721164621297,"ROA_SQ":7.717954965338,"START_DATE":"2022-01-01 00:00:00","FISCAL_YEAR":"12-31","CURRENCY":"HKD","IS_CNY_CODE":0,"DPS_HKD_LY":0.035,"ORG_TYPE":"一般企业","PREMIUM_INCOME":null,"PREMIUM_INCOME_YOY":null,"NET_INTEREST_INCOME":null,"NET_INTEREST_INCOME_YOY":null,"FEE_COMMISSION_INCOME":null,"FEE_COMMISSION_INCOME_YOY":null,"ACCOUNTS_RECE_TDAYS":3.357712351995,"INVENTORY_TDAYS":4.158552794611,"CURRENT_ASSETS_TDAYS":0.426582468718,"TOTAL_ASSETS_TDAYS":0.31827159521,"PREMIUM_EXPENSE":null,"LOAN_DEPOSIT":null,"LOAN_EQUITY":null,"LOAN_ASSETS":null,"DEPOSIT_EQUITY":null,"DEPOSIT_ASSETS":null,"EQUITY_MULTIPLIER":1.241236868574,"EQUITY_RATIO":0.260258585584},{"SECUCODE":"06616.HK","SECURITY_CODE":"06616","SECURITY_NAME_ABBR":"环球新材国际","ORG_CODE":"10000135337","STD_REPORT_DATE":"2022-06-30 00:00:00","REPORT_DATE":"2022-06-30 00:00:00","DATE_TYPE_CODE":"002","REPORT_TYPE":"2022年中报","PER_NETCASH_OPERATE":0.091023925613,"PER_OI":0.320574486826,"BPS":1.83697866404,"BASIC_EPS":0.09,"DILUTED_EPS":0.09,"OPERATE_INCOME":382049000,"OPERATE_INCOME_YOY":24.4349845453,"GROSS_PROFIT":195615000,"GROSS_PROFIT_YOY":20.799214494794,"HOLDER_PROFIT":106289000,"HOLDER_PROFIT_YOY":12.9352388036,"GROSS_PROFIT_RATIO":51.201547445485,"EPS_TTM":0.146169930049,"OPERATE_INCOME_QOQ":11.201877780051,"NET_PROFIT_RATIO":28.9954953422,"ROE_AVG":4.78211994915,"GROSS_PROFIT_QOQ":10.065357133251,"ROA":3.977468657353,"HOLDER_PROFIT_QOQ":7.513608926962,"ROE_YEARLY":9.564239898301,"ROIC_YEARLY":23.830438857276,"TOTAL_ASSETS":2740182000,"TOTAL_LIABILITIES":286752000,"TAX_EBT":14.739045771857,"OCF_SALES":28.394001816521,"TOTAL_PARENT_EQUITY":2275778000,"DEBT_ASSET_RATIO":10.4647063589,"OPERATE_PROFIT":134888000,"PRETAX_PROFIT":129927000,"NETCASH_OPERATE":108479000,"NETCASH_INVEST":-31844000,"NETCASH_FINANCE":2092000,"END_CASH":1644188000,"DIVI_RATIO":null,"DIVIDEND_RATE":null,"CURRENT_RATIO":7.309120835868,"COMMON_ACS":80000000000,"CURRENTDEBT_DEBT":97.460523379087,"ISSUED_COMMON_SHARES":1238870132,"HK_COMMON_SHARES":1238870132,"PER_SHARES":1000,"TOTAL_MARKET_CAP":4459932475.2,"HKSK_MARKET_CAP":4459932475.2,"PE_TTM":19.748216133602,"PB_TTM":1.249747446836,"REPORT_DATE_SQ":"2021-06-30 00:00:00","REPORT_TYPE_SQ":"2021年中报","OPERATE_INCOME_SQ":307027000,"DPS_HKD":null,"OPERATE_INCOME_QOQ_SQ":10.89748433088,"NET_PROFIT_RATIO_SQ":31.9779693643,"HOLDER_PROFIT_SQ":94115000,"HOLDER_PROFIT_QOQ_SQ":22.347677023999,"ROE_AVG_SQ":7.662241023336,"PE_TTM_SQ":20.905979389602,"PB_TTM_SQ":1.721164621297,"ROA_SQ":5.74170414804,"START_DATE":"2022-01-01 00:00:00","FISCAL_YEAR":"12-31","CURRENCY":"HKD","IS_CNY_CODE":0,"DPS_HKD_LY":0.035,"ORG_TYPE":"一般企业","PREMIUM_INCOME":null,"PREMIUM_INCOME_YOY":null,"NET_INTEREST_INCOME":null,"NET_INTEREST_INCOME_YOY":null,"FEE_COMMISSION_INCOME":null,"FEE_COMMISSION_INCOME_YOY":null,"ACCOUNTS_RECE_TDAYS":1.580622072914,"INVENTORY_TDAYS":1.527052319033,"CURRENT_ASSETS_TDAYS":0.190631513136,"TOTAL_ASSETS_TDAYS":0.142967562313,"PREMIUM_EXPENSE":null,"LOAN_DEPOSIT":null,"LOAN_EQUITY":null,"LOAN_ASSETS":null,"DEPOSIT_EQUITY":null,"DEPOSIT_ASSETS":null,"EQUITY_MULTIPLIER":1.116878003448,"EQUITY_RATIO":0.126001745337},{"SECUCODE":"06616.HK","SECURITY_CODE":"06616","SECURITY_NAME_ABBR":"环球新材国际","ORG_CODE":"10000135337","STD_REPORT_DATE":"2021-12-31 00:00:00","REPORT_DATE":"2021-12-31 00:00:00","DATE_TYPE_CODE":"001","REPORT_TYPE":"2021年年报","PER_NETCASH_OPERATE":0.123633581132,"PER_OI":0.56196296637,"BPS":1.751183553435,"BASIC_EPS":0.16,"DILUTED_EPS":0.16,"OPERATE_INCOME":669727000,"OPERATE_INCOME_YOY":17.6790900928,"GROSS_PROFIT":334623000,"GROSS_PROFIT_YOY":17.798039181173,"HOLDER_PROFIT":162026000,"HOLDER_PROFIT_YOY":9.3499446589,"GROSS_PROFIT_RATIO":49.964089845564,"EPS_TTM":0.135954816797,"OPERATE_INCOME_QOQ":6.115202524987,"NET_PROFIT_RATIO":25.251483067,"ROE_AVG":9.671092371568,"GROSS_PROFIT_QOQ":2.356233941025,"ROA":7.717954965338,"HOLDER_PROFIT_QOQ":-10.623603717903,"ROE_YEARLY":9.671092371568,"ROIC_YEARLY":20.955332211584,"TOTAL_ASSETS":2604373000,"TOTAL_LIABILITIES":261720000,"TAX_EBT":11.507166142528,"OCF_SALES":22.000307588017,"TOTAL_PARENT_EQUITY":2169489000,"DEBT_ASSET_RATIO":10.0492517777,"OPERATE_PROFIT":202545000,"PRETAX_PROFIT":191107000,"NETCASH_OPERATE":147445000,"NETCASH_INVEST":-147358000,"NETCASH_FINANCE":817928000,"END_CASH":1565463000,"DIVI_RATIO":null,"DIVIDEND_RATE":null,"CURRENT_RATIO":7.706681513603,"COMMON_ACS":80000000000,"CURRENTDEBT_DEBT":97.450328595446,"ISSUED_COMMON_SHARES":1238870132,"HK_COMMON_SHARES":1238870132,"PER_SHARES":1000,"TOTAL_MARKET_CAP":4459932475.2,"HKSK_MARKET_CAP":4459932475.2,"PE_TTM":19.748216133602,"PB_TTM":1.249747446836,"REPORT_DATE_SQ":"2020-12-31 00:00:00","REPORT_TYPE_SQ":"2020年年报","OPERATE_INCOME_SQ":569113000,"DPS_HKD":null,"OPERATE_INCOME_QOQ_SQ":9.589803432233,"NET_PROFIT_RATIO_SQ":26.8595164756,"HOLDER_PROFIT_SQ":148172000,"HOLDER_PROFIT_QOQ_SQ":23.58171112112,"ROE_AVG_SQ":15.65103221796,"PE_TTM_SQ":20.905979389602,"PB_TTM_SQ":1.721164621297,"ROA_SQ":10.690446944404,"START_DATE":"2021-01-01 00:00:00","FISCAL_YEAR":"12-31","CURRENCY":"HKD","IS_CNY_CODE":0,"DPS_HKD_LY":null,"ORG_TYPE":"一般企业","PREMIUM_INCOME":null,"PREMIUM_INCOME_YOY":null,"NET_INTEREST_INCOME":null,"NET_INTEREST_INCOME_YOY":null,"FEE_COMMISSION_INCOME":null,"FEE_COMMISSION_INCOME_YOY":null,"ACCOUNTS_RECE_TDAYS":3.115516479427,"INVENTORY_TDAYS":3.782511033603,"CURRENT_ASSETS_TDAYS":0.445878420641,"TOTAL_ASSETS_TDAYS":0.319018109752,"PREMIUM_EXPENSE":null,"LOAN_DEPOSIT":null,"LOAN_EQUITY":null,"LOAN_ASSETS":null,"DEPOSIT_EQUITY":null,"DEPOSIT_ASSETS":null,"EQUITY_MULTIPLIER":1.11171949068,"EQUITY_RATIO":0.120636702929},{"SECUCODE":"06616.HK","SECURITY_CODE":"06616","SECURITY_NAME_ABBR":"环球新材国际","ORG_CODE":"10000135337","STD_REPORT_DATE":"2021-06-30 00:00:00","REPORT_DATE":"2021-06-30 00:00:00","DATE_TYPE_CODE":"002","REPORT_TYPE":"2021年中报","PER_NETCASH_OPERATE":0.594700874756,"PER_OI":2.112518806387,"BPS":1.029448500741,"BASIC_EPS":0.11,"DILUTED_EPS":0.11,"OPERATE_INCOME":307027000,"OPERATE_INCOME_YOY":25.3130510024,"GROSS_PROFIT":161934000,"GROSS_PROFIT_YOY":35.988713375154,"HOLDER_PROFIT":94115000,"HOLDER_PROFIT_YOY":54.2818268253,"GROSS_PROFIT_RATIO":52.742592671003,"EPS_TTM":1.247342975751,"OPERATE_INCOME_QOQ":10.89748433088,"NET_PROFIT_RATIO":31.9779693643,"ROE_AVG":7.662241023336,"GROSS_PROFIT_QOQ":15.086335873832,"ROA":5.74170414804,"HOLDER_PROFIT_QOQ":22.347677023999,"ROE_YEARLY":15.324482046673,"ROIC_YEARLY":25.898191749535,"TOTAL_ASSETS":1683991000,"TOTAL_LIABILITIES":238498000,"TAX_EBT":11.021995051793,"OCF_SALES":28.151270083739,"TOTAL_PARENT_EQUITY":1275353000,"DEBT_ASSET_RATIO":14.1626647648,"OPERATE_PROFIT":116416000,"PRETAX_PROFIT":110343000,"NETCASH_OPERATE":86432000,"NETCASH_INVEST":-82149000,"NETCASH_FINANCE":-10980000,"END_CASH":740884000,"DIVI_RATIO":null,"DIVIDEND_RATE":null,"CURRENT_RATIO":6.675273351683,"COMMON_ACS":80000000000,"CURRENTDEBT_DEBT":66.417328447199,"ISSUED_COMMON_SHARES":1238870132,"HK_COMMON_SHARES":1238870132,"PER_SHARES":1000,"TOTAL_MARKET_CAP":4459932475.2,"HKSK_MARKET_CAP":4459932475.2,"PE_TTM":19.748216133602,"PB_TTM":1.249747446836,"REPORT_DATE_SQ":"2020-06-30 00:00:00","REPORT_TYPE_SQ":"2020年中报","OPERATE_INCOME_SQ":245008000,"DPS_HKD":null,"OPERATE_INCOME_QOQ_SQ":0,"NET_PROFIT_RATIO_SQ":25.6024293084,"HOLDER_PROFIT_SQ":61002000,"HOLDER_PROFIT_QOQ_SQ":0,"ROE_AVG_SQ":null,"PE_TTM_SQ":20.905979389602,"PB_TTM_SQ":1.721164621297,"ROA_SQ":null,"START_DATE":"2021-01-01 00:00:00","FISCAL_YEAR":"12-31","CURRENCY":"HKD","IS_CNY_CODE":0,"DPS_HKD_LY":null,"ORG_TYPE":"一般企业","PREMIUM_INCOME":null,"PREMIUM_INCOME_YOY":null,"NET_INTEREST_INCOME":null,"NET_INTEREST_INCOME_YOY":null,"FEE_COMMISSION_INCOME":null,"FEE_COMMISSION_INCOME_YOY":null,"ACCOUNTS_RECE_TDAYS":1.640447637188,"INVENTORY_TDAYS":1.576069954378,"CURRENT_ASSETS_TDAYS":0.292978253287,"TOTAL_ASSETS_TDAYS":0.187308951757,"PREMIUM_EXPENSE":null,"LOAN_DEPOSIT":null,"LOAN_EQUITY":null,"LOAN_ASSETS":null,"DEPOSIT_EQUITY":null,"DEPOSIT_ASSETS":null,"EQUITY_MULTIPLIER":1.164994226883,"EQUITY_RATIO":0.187005480051},{"SECUCODE":"06616.HK","SECURITY_CODE":"06616","SECURITY_NAME_ABBR":"环球新材国际","ORG_CODE":"10000135337","STD_REPORT_DATE":"2020-12-31 00:00:00","REPORT_DATE":"2020-12-31 00:00:00","DATE_TYPE_CODE":"001","REPORT_TYPE":"2020年年报","PER_NETCASH_OPERATE":0.658548180522,"PER_OI":3.880961475612,"BPS":0.953480893185,"BASIC_EPS":0.18,"DILUTED_EPS":0.18,"OPERATE_INCOME":569113000,"OPERATE_INCOME_YOY":29.1727097959,"GROSS_PROFIT":284065000,"GROSS_PROFIT_YOY":30.139684895798,"HOLDER_PROFIT":148172000,"HOLDER_PROFIT_YOY":44.1277746435,"GROSS_PROFIT_RATIO":49.913637537712,"EPS_TTM":1.010431713499,"OPERATE_INCOME_QOQ":9.589803432233,"NET_PROFIT_RATIO":26.8595164756,"ROE_AVG":15.65103221796,"GROSS_PROFIT_QOQ":15.29828634515,"ROA":10.690446944404,"HOLDER_PROFIT_QOQ":23.58171112112,"ROE_YEARLY":15.65103221796,"ROIC_YEARLY":26.059894562355,"TOTAL_ASSETS":1594304000,"TOTAL_LIABILITIES":246991000,"TAX_EBT":14.036587354699,"OCF_SALES":16.9686863593,"TOTAL_PARENT_EQUITY":1181239000,"DEBT_ASSET_RATIO":15.492089338,"OPERATE_PROFIT":197220000,"PRETAX_PROFIT":177821000,"NETCASH_OPERATE":96571000,"NETCASH_INVEST":-166386000,"NETCASH_FINANCE":257556000,"END_CASH":747582000,"DIVI_RATIO":null,"DIVIDEND_RATE":null,"CURRENT_RATIO":6.323527979054,"COMMON_ACS":80000000000,"CURRENTDEBT_DEBT":66.492301338915,"ISSUED_COMMON_SHARES":1238870132,"HK_COMMON_SHARES":1238870132,"PER_SHARES":1000,"TOTAL_MARKET_CAP":4459932475.2,"HKSK_MARKET_CAP":4459932475.2,"PE_TTM":19.748216133602,"PB_TTM":1.249747446836,"REPORT_DATE_SQ":"2019-12-31 00:00:00","REPORT_TYPE_SQ":"2019年年报","OPERATE_INCOME_SQ":440583000,"DPS_HKD":null,"OPERATE_INCOME_QOQ_SQ":38.441887356871,"NET_PROFIT_RATIO_SQ":24.3615845369,"HOLDER_PROFIT_SQ":102806000,"HOLDER_PROFIT_QOQ_SQ":32.824289405685,"ROE_AVG_SQ":20.351397443752,"PE_TTM_SQ":20.905979389602,"PB_TTM_SQ":1.721164621297,"ROA_SQ":10.693063539926,"START_DATE":"2020-01-01 00:00:00","FISCAL_YEAR":"12-31","CURRENCY":"HKD","IS_CNY_CODE":0,"DPS_HKD_LY":null,"ORG_TYPE":"一般企业","PREMIUM_INCOME":null,"PREMIUM_INCOME_YOY":null,"NET_INTEREST_INCOME":null,"NET_INTEREST_INCOME_YOY":null,"FEE_COMMISSION_INCOME":null,"FEE_COMMISSION_INCOME_YOY":null,"ACCOUNTS_RECE_TDAYS":3.629049588226,"INVENTORY_TDAYS":3.666094337803,"CURRENT_ASSETS_TDAYS":0.630757917405,"TOTAL_ASSETS_TDAYS":0.410608774389,"PREMIUM_EXPENSE":null,"LOAN_DEPOSIT":null,"LOAN_EQUITY":null,"LOAN_ASSETS":null,"DEPOSIT_EQUITY":null,"DEPOSIT_ASSETS":null,"EQUITY_MULTIPLIER":1.183321173327,"EQUITY_RATIO":0.20909485718},{"SECUCODE":"06616.HK","SECURITY_CODE":"06616","SECURITY_NAME_ABBR":"环球新材国际","ORG_CODE":"10000135337","STD_REPORT_DATE":"2020-09-30 00:00:00","REPORT_DATE":"2020-09-30 00:00:00","DATE_TYPE_CODE":"004","REPORT_TYPE":"2020年三季报","PER_NETCASH_OPERATE":19.745903515152,"PER_OI":106.338433939394,"BPS":0.656655592049,"BASIC_EPS":null,"DILUTED_EPS":null,"OPERATE_INCOME":399350000,"OPERATE_INCOME_YOY":24.5551601423,"GROSS_PROFIT":189089000,"GROSS_PROFIT_YOY":17.452419996025,"HOLDER_PROFIT":101303000,"HOLDER_PROFIT_YOY":20.2966358314,"GROSS_PROFIT_RATIO":47.349192437711,"EPS_TTM":31.926294109091,"OPERATE_INCOME_QOQ":17.869277752433,"NET_PROFIT_RATIO":26.2125954676,"ROE_AVG":13.279378443868,"GROSS_PROFIT_QOQ":12.872176179808,"ROA":8.209096430526,"HOLDER_PROFIT_QOQ":16.625488784701,"ROE_YEARLY":17.705837925158,"ROIC_YEARLY":20.756004310892,"TOTAL_ASSETS":1290326000,"TOTAL_LIABILITIES":312053000,"TAX_EBT":14.801491055296,"OCF_SALES":18.568924502316,"TOTAL_PARENT_EQUITY":813511000,"DEBT_ASSET_RATIO":24.1840434123,"OPERATE_PROFIT":null,"PRETAX_PROFIT":122866000,"NETCASH_OPERATE":74155000,"NETCASH_INVEST":-37193000,"NETCASH_FINANCE":9148000,"END_CASH":605949000,"DIVI_RATIO":null,"DIVIDEND_RATE":null,"CURRENT_RATIO":4.03453577709,"COMMON_ACS":80000000000,"CURRENTDEBT_DEBT":68.154448122595,"ISSUED_COMMON_SHARES":1238870132,"HK_COMMON_SHARES":1238870132,"PER_SHARES":1000,"TOTAL_MARKET_CAP":4459932475.2,"HKSK_MARKET_CAP":4459932475.2,"PE_TTM":19.748216133602,"PB_TTM":1.249747446836,"REPORT_DATE_SQ":"2019-09-30 00:00:00","REPORT_TYPE_SQ":"2019年三季报","OPERATE_INCOME_SQ":320621000,"DPS_HKD":null,"OPERATE_INCOME_QOQ_SQ":0,"NET_PROFIT_RATIO_SQ":27.516600597,"HOLDER_PROFIT_SQ":84211000,"HOLDER_PROFIT_QOQ_SQ":0,"ROE_AVG_SQ":null,"PE_TTM_SQ":20.905979389602,"PB_TTM_SQ":1.721164621297,"ROA_SQ":null,"START_DATE":"2020-01-01 00:00:00","FISCAL_YEAR":"12-31","CURRENCY":"HKD","IS_CNY_CODE":0,"DPS_HKD_LY":null,"ORG_TYPE":"一般企业","PREMIUM_INCOME":null,"PREMIUM_INCOME_YOY":null,"NET_INTEREST_INCOME":null,"NET_INTEREST_INCOME_YOY":null,"FEE_COMMISSION_INCOME":null,"FEE_COMMISSION_INCOME_YOY":null,"ACCOUNTS_RECE_TDAYS":2.783528148938,"INVENTORY_TDAYS":2.65690728163,"CURRENT_ASSETS_TDAYS":0.491785816102,"TOTAL_ASSETS_TDAYS":0.323613580993,"PREMIUM_EXPENSE":null,"LOAN_DEPOSIT":null,"LOAN_EQUITY":null,"LOAN_ASSETS":null,"DEPOSIT_EQUITY":null,"DEPOSIT_ASSETS":null,"EQUITY_MULTIPLIER":1.318983555715,"EQUITY_RATIO":0.383587929358}],"count":14},"success":true,"message":"ok","code":0}