{"version":"56a82657295b648dccb169695646f6b6","result":{"pages":2,"data":[{"SECUCODE":"06611.HK","SECURITY_CODE":"06611","SECURITY_NAME_ABBR":"三巽集团","ORG_CODE":"10000059718","STD_REPORT_DATE":"2024-06-30 00:00:00","REPORT_DATE":"2024-06-30 00:00:00","DATE_TYPE_CODE":"002","REPORT_TYPE":"2024年中报","PER_NETCASH_OPERATE":0.05099262948,"PER_OI":1.358855060256,"BPS":1.611707269414,"BASIC_EPS":-0.07,"DILUTED_EPS":-0.07,"OPERATE_INCOME":917946000,"OPERATE_INCOME_YOY":-53.7602251073,"GROSS_PROFIT":26103000,"GROSS_PROFIT_YOY":-81.89203063433,"HOLDER_PROFIT":-48103000,"HOLDER_PROFIT_YOY":78.7559069028,"GROSS_PROFIT_RATIO":2.843631324718,"EPS_TTM":-0.347828146534,"OPERATE_INCOME_QOQ":-40.681069163547,"NET_PROFIT_RATIO":-5.9100426387,"ROE_AVG":-4.323647528754,"GROSS_PROFIT_QOQ":-359.675207946132,"ROA":-0.447847750944,"HOLDER_PROFIT_QOQ":43.147630627034,"ROE_YEARLY":-8.647295057507,"ROIC_YEARLY":-0.986130862679,"TOTAL_ASSETS":10323493000,"TOTAL_LIABILITIES":8289400000,"TAX_EBT":-6.976514897561,"OCF_SALES":3.752617256353,"TOTAL_PARENT_EQUITY":1088755000,"DEBT_ASSET_RATIO":80.2964655471,"OPERATE_PROFIT":-16051000,"PRETAX_PROFIT":-50713000,"NETCASH_OPERATE":34447000,"NETCASH_INVEST":722000,"NETCASH_FINANCE":-55865000,"END_CASH":26011000,"DIVI_RATIO":null,"DIVIDEND_RATE":null,"CURRENT_RATIO":1.240608792036,"COMMON_ACS":38000000000,"CURRENTDEBT_DEBT":97.582478828383,"ISSUED_COMMON_SHARES":675529000,"HK_COMMON_SHARES":675529000,"PER_SHARES":1000,"TOTAL_MARKET_CAP":37829624,"HKSK_MARKET_CAP":37829624,"PE_TTM":-0.143741064125,"PB_TTM":0.03171176365,"REPORT_DATE_SQ":"2023-06-30 00:00:00","REPORT_TYPE_SQ":"2023年中报","OPERATE_INCOME_SQ":1985187000,"DPS_HKD":null,"OPERATE_INCOME_QOQ_SQ":3.977366292283,"NET_PROFIT_RATIO_SQ":-6.1416380422,"HOLDER_PROFIT_SQ":-226430000,"HOLDER_PROFIT_QOQ_SQ":-223.01565185082,"ROE_AVG_SQ":-15.763308798089,"PE_TTM_SQ":-0.378244365702,"PB_TTM_SQ":0.079546209505,"ROA_SQ":-1.717562825153,"START_DATE":"2024-01-01 00:00:00","FISCAL_YEAR":"12-31","CURRENCY":"HKD","IS_CNY_CODE":0,"DPS_HKD_LY":null,"ORG_TYPE":"一般企业","PREMIUM_INCOME":null,"PREMIUM_INCOME_YOY":null,"NET_INTEREST_INCOME":null,"NET_INTEREST_INCOME_YOY":null,"FEE_COMMISSION_INCOME":null,"FEE_COMMISSION_INCOME_YOY":null,"ACCOUNTS_RECE_TDAYS":52.484048027444,"INVENTORY_TDAYS":0.11509375049,"CURRENT_ASSETS_TDAYS":0.087766944212,"TOTAL_ASSETS_TDAYS":0.085462455894,"PREMIUM_EXPENSE":null,"LOAN_DEPOSIT":null,"LOAN_EQUITY":null,"LOAN_ASSETS":null,"DEPOSIT_EQUITY":null,"DEPOSIT_ASSETS":null,"EQUITY_MULTIPLIER":5.075231565131,"EQUITY_RATIO":7.613650453959},{"SECUCODE":"06611.HK","SECURITY_CODE":"06611","SECURITY_NAME_ABBR":"三巽集团","ORG_CODE":"10000059718","STD_REPORT_DATE":"2023-12-31 00:00:00","REPORT_DATE":"2023-12-31 00:00:00","DATE_TYPE_CODE":"001","REPORT_TYPE":"2023年年报","PER_NETCASH_OPERATE":0.108605256029,"PER_OI":3.883525355684,"BPS":1.682173526229,"BASIC_EPS":-0.61,"DILUTED_EPS":-0.61,"OPERATE_INCOME":2623434000,"OPERATE_INCOME_YOY":-41.5409380826,"GROSS_PROFIT":32821000,"GROSS_PROFIT_YOY":-94.50069618864,"HOLDER_PROFIT":-413295000,"HOLDER_PROFIT_YOY":-379.8836561237,"GROSS_PROFIT_RATIO":1.251070162238,"EPS_TTM":-0.611809411587,"OPERATE_INCOME_QOQ":-43.777127655813,"NET_PROFIT_RATIO":-14.6685222498,"ROE_AVG":-30.773910288461,"GROSS_PROFIT_QOQ":-93.404550761508,"ROA":-3.26239402074,"HOLDER_PROFIT_QOQ":-48.563592313278,"ROE_YEARLY":-30.773910288461,"ROIC_YEARLY":-3.556981654987,"TOTAL_ASSETS":11158361000,"TOTAL_LIABILITIES":9070018000,"TAX_EBT":-49.297004120208,"OCF_SALES":2.79656358803,"TOTAL_PARENT_EQUITY":1136357000,"DEBT_ASSET_RATIO":81.2845004746,"OPERATE_PROFIT":-223781000,"PRETAX_PROFIT":-257754000,"NETCASH_OPERATE":73366000,"NETCASH_INVEST":1197000,"NETCASH_FINANCE":-161189000,"END_CASH":46707000,"DIVI_RATIO":null,"DIVIDEND_RATE":null,"CURRENT_RATIO":1.231956665091,"COMMON_ACS":38000000000,"CURRENTDEBT_DEBT":97.392585108431,"ISSUED_COMMON_SHARES":675529000,"HK_COMMON_SHARES":675529000,"PER_SHARES":1000,"TOTAL_MARKET_CAP":56068907,"HKSK_MARKET_CAP":56068907,"PE_TTM":-0.213044791471,"PB_TTM":0.047001363981,"REPORT_DATE_SQ":"2022-12-31 00:00:00","REPORT_TYPE_SQ":"2022年年报","OPERATE_INCOME_SQ":4487643000,"DPS_HKD":null,"OPERATE_INCOME_QOQ_SQ":-14.641189625188,"NET_PROFIT_RATIO_SQ":2.4208699311,"HOLDER_PROFIT_SQ":-86124000,"HOLDER_PROFIT_QOQ_SQ":7.719012515001,"ROE_AVG_SQ":-5.39815667654,"PE_TTM_SQ":-0.353624909947,"PB_TTM_SQ":0.074368645573,"ROA_SQ":-0.548740178273,"START_DATE":"2023-01-01 00:00:00","FISCAL_YEAR":"12-31","CURRENCY":"HKD","IS_CNY_CODE":0,"DPS_HKD_LY":null,"ORG_TYPE":"一般企业","PREMIUM_INCOME":null,"PREMIUM_INCOME_YOY":null,"NET_INTEREST_INCOME":null,"NET_INTEREST_INCOME_YOY":null,"FEE_COMMISSION_INCOME":null,"FEE_COMMISSION_INCOME_YOY":null,"ACCOUNTS_RECE_TDAYS":284.799869728057,"INVENTORY_TDAYS":0.285136364742,"CURRENT_ASSETS_TDAYS":0.212739685343,"TOTAL_ASSETS_TDAYS":0.207083932673,"PREMIUM_EXPENSE":null,"LOAN_DEPOSIT":null,"LOAN_EQUITY":null,"LOAN_ASSETS":null,"DEPOSIT_EQUITY":null,"DEPOSIT_ASSETS":null,"EQUITY_MULTIPLIER":5.343164891981,"EQUITY_RATIO":7.981662452909},{"SECUCODE":"06611.HK","SECURITY_CODE":"06611","SECURITY_NAME_ABBR":"三巽集团","ORG_CODE":"10000059718","STD_REPORT_DATE":"2023-06-30 00:00:00","REPORT_DATE":"2023-06-30 00:00:00","DATE_TYPE_CODE":"002","REPORT_TYPE":"2023年中报","PER_NETCASH_OPERATE":0.289204460504,"PER_OI":2.938714696186,"BPS":1.958793774953,"BASIC_EPS":-0.34,"DILUTED_EPS":-0.34,"OPERATE_INCOME":1985187000,"OPERATE_INCOME_YOY":9.8793544241,"GROSS_PROFIT":144152000,"GROSS_PROFIT_YOY":-40.761561916973,"HOLDER_PROFIT":-226430000,"HOLDER_PROFIT_YOY":-558.9930151339,"GROSS_PROFIT_RATIO":7.261381421498,"EPS_TTM":-0.41181651713,"OPERATE_INCOME_QOQ":3.977366292283,"NET_PROFIT_RATIO":-6.1416380422,"ROE_AVG":-15.763308798089,"GROSS_PROFIT_QOQ":-16.619723501686,"ROA":-1.717562825153,"HOLDER_PROFIT_QOQ":-223.01565185082,"ROE_YEARLY":-31.526617596177,"ROIC_YEARLY":-3.757908257615,"TOTAL_ASSETS":12187876000,"TOTAL_LIABILITIES":9822681000,"TAX_EBT":-882.85368802902,"OCF_SALES":9.841188764585,"TOTAL_PARENT_EQUITY":1323222000,"DEBT_ASSET_RATIO":80.5938704988,"OPERATE_PROFIT":6242000,"PRETAX_PROFIT":-12405000,"NETCASH_OPERATE":195366000,"NETCASH_INVEST":-46353000,"NETCASH_FINANCE":-159294000,"END_CASH":123052000,"DIVI_RATIO":null,"DIVIDEND_RATE":null,"CURRENT_RATIO":1.233590292914,"COMMON_ACS":38000000000,"CURRENTDEBT_DEBT":97.715348793267,"ISSUED_COMMON_SHARES":675529000,"HK_COMMON_SHARES":675529000,"PER_SHARES":1000,"TOTAL_MARKET_CAP":62148668,"HKSK_MARKET_CAP":62148668,"PE_TTM":-0.23614603392,"PB_TTM":0.052097897424,"REPORT_DATE_SQ":"2022-06-30 00:00:00","REPORT_TYPE_SQ":"2022年中报","OPERATE_INCOME_SQ":1806697000,"DPS_HKD":null,"OPERATE_INCOME_QOQ_SQ":-6.396326206067,"NET_PROFIT_RATIO_SQ":1.7316129932,"HOLDER_PROFIT_SQ":-34360000,"HOLDER_PROFIT_QOQ_SQ":-3220.29421598128,"ROE_AVG_SQ":-2.119266731244,"PE_TTM_SQ":-0.353624909947,"PB_TTM_SQ":0.074368645573,"ROA_SQ":-0.205673038231,"START_DATE":"2023-01-01 00:00:00","FISCAL_YEAR":"12-31","CURRENCY":"HKD","IS_CNY_CODE":0,"DPS_HKD_LY":null,"ORG_TYPE":"一般企业","PREMIUM_INCOME":null,"PREMIUM_INCOME_YOY":null,"NET_INTEREST_INCOME":null,"NET_INTEREST_INCOME_YOY":null,"FEE_COMMISSION_INCOME":null,"FEE_COMMISSION_INCOME_YOY":null,"ACCOUNTS_RECE_TDAYS":1644.04720496894,"INVENTORY_TDAYS":0.198344474601,"CURRENT_ASSETS_TDAYS":0.154964803666,"TOTAL_ASSETS_TDAYS":0.150584436346,"PREMIUM_EXPENSE":null,"LOAN_DEPOSIT":null,"LOAN_EQUITY":null,"LOAN_ASSETS":null,"DEPOSIT_EQUITY":null,"DEPOSIT_ASSETS":null,"EQUITY_MULTIPLIER":5.1530110625,"EQUITY_RATIO":7.423305386398},{"SECUCODE":"06611.HK","SECURITY_CODE":"06611","SECURITY_NAME_ABBR":"三巽集团","ORG_CODE":"10000059718","STD_REPORT_DATE":"2022-12-31 00:00:00","REPORT_DATE":"2022-12-31 00:00:00","DATE_TYPE_CODE":"001","REPORT_TYPE":"2022年年报","PER_NETCASH_OPERATE":0.594366785142,"PER_OI":6.643153735813,"BPS":2.293982937816,"BASIC_EPS":-0.13,"DILUTED_EPS":-0.13,"OPERATE_INCOME":4487643000,"OPERATE_INCOME_YOY":-20.1010175824,"GROSS_PROFIT":596821000,"GROSS_PROFIT_YOY":-35.363373289377,"HOLDER_PROFIT":-86124000,"HOLDER_PROFIT_YOY":-2979.4383149448,"GROSS_PROFIT_RATIO":13.299208515472,"EPS_TTM":-0.127491195789,"OPERATE_INCOME_QOQ":-14.641189625188,"NET_PROFIT_RATIO":2.4208699311,"ROE_AVG":-5.39815667654,"GROSS_PROFIT_QOQ":-9.415425245312,"ROA":-0.548740178273,"HOLDER_PROFIT_QOQ":7.719012515001,"ROE_YEARLY":-5.39815667654,"ROIC_YEARLY":-0.59681799629,"TOTAL_ASSETS":14178554000,"TOTAL_LIABILITIES":11662536000,"TAX_EBT":65.120908191963,"OCF_SALES":8.947057508808,"TOTAL_PARENT_EQUITY":1549652000,"DEBT_ASSET_RATIO":82.2547630739,"OPERATE_PROFIT":320952000,"PRETAX_PROFIT":311476000,"NETCASH_OPERATE":401512000,"NETCASH_INVEST":-60852000,"NETCASH_FINANCE":-672221000,"END_CASH":133333000,"DIVI_RATIO":null,"DIVIDEND_RATE":null,"CURRENT_RATIO":1.227658237061,"COMMON_ACS":38000000000,"CURRENTDEBT_DEBT":96.250746835851,"ISSUED_COMMON_SHARES":675529000,"HK_COMMON_SHARES":675529000,"PER_SHARES":1000,"TOTAL_MARKET_CAP":62148668,"HKSK_MARKET_CAP":62148668,"PE_TTM":-0.23614603392,"PB_TTM":0.052097897424,"REPORT_DATE_SQ":"2021-12-31 00:00:00","REPORT_TYPE_SQ":"2021年年报","OPERATE_INCOME_SQ":5616646000,"DPS_HKD":null,"OPERATE_INCOME_QOQ_SQ":12.057102647543,"NET_PROFIT_RATIO_SQ":4.6096015309,"HOLDER_PROFIT_SQ":2991000,"HOLDER_PROFIT_QOQ_SQ":-99.113822414871,"ROE_AVG_SQ":0.231056781567,"PE_TTM_SQ":-0.353624909947,"PB_TTM_SQ":0.074368645573,"ROA_SQ":0.01750420575,"START_DATE":"2022-01-01 00:00:00","FISCAL_YEAR":"12-31","CURRENCY":"HKD","IS_CNY_CODE":0,"DPS_HKD_LY":null,"ORG_TYPE":"一般企业","PREMIUM_INCOME":null,"PREMIUM_INCOME_YOY":null,"NET_INTEREST_INCOME":null,"NET_INTEREST_INCOME_YOY":null,"FEE_COMMISSION_INCOME":null,"FEE_COMMISSION_INCOME_YOY":null,"ACCOUNTS_RECE_TDAYS":7168.75878594249,"INVENTORY_TDAYS":0.375280128664,"CURRENT_ASSETS_TDAYS":0.294559973913,"TOTAL_ASSETS_TDAYS":0.285930753314,"PREMIUM_EXPENSE":null,"LOAN_DEPOSIT":null,"LOAN_EQUITY":null,"LOAN_ASSETS":null,"DEPOSIT_EQUITY":null,"DEPOSIT_ASSETS":null,"EQUITY_MULTIPLIER":5.635315009681,"EQUITY_RATIO":7.52590646158},{"SECUCODE":"06611.HK","SECURITY_CODE":"06611","SECURITY_NAME_ABBR":"三巽集团","ORG_CODE":"10000059718","STD_REPORT_DATE":"2022-06-30 00:00:00","REPORT_DATE":"2022-06-30 00:00:00","DATE_TYPE_CODE":"002","REPORT_TYPE":"2022年中报","PER_NETCASH_OPERATE":0.967586883761,"PER_OI":2.674492138753,"BPS":2.370610292082,"BASIC_EPS":-0.05,"DILUTED_EPS":-0.05,"OPERATE_INCOME":1806697000,"OPERATE_INCOME_YOY":-16.5866250284,"GROSS_PROFIT":243342000,"GROSS_PROFIT_YOY":-52.082467730661,"HOLDER_PROFIT":-34360000,"HOLDER_PROFIT_YOY":-155.4560273729,"GROSS_PROFIT_RATIO":13.468888252983,"EPS_TTM":-0.138155430781,"OPERATE_INCOME_QOQ":-6.396326206067,"NET_PROFIT_RATIO":1.7316129932,"ROE_AVG":-2.119266731244,"GROSS_PROFIT_QOQ":-28.644996252767,"ROA":-0.205673038231,"HOLDER_PROFIT_QOQ":-3220.29421598128,"ROE_YEARLY":-4.238533462488,"ROIC_YEARLY":-0.445045739751,"TOTAL_ASSETS":16201090000,"TOTAL_LIABILITIES":13770227000,"TAX_EBT":65.691005198166,"OCF_SALES":36.178340917154,"TOTAL_PARENT_EQUITY":1601416000,"DEBT_ASSET_RATIO":84.9956823893,"OPERATE_PROFIT":107007000,"PRETAX_PROFIT":91186000,"NETCASH_OPERATE":653633000,"NETCASH_INVEST":29467000,"NETCASH_FINANCE":-876365000,"END_CASH":271629000,"DIVI_RATIO":null,"DIVIDEND_RATE":null,"CURRENT_RATIO":1.164057528677,"COMMON_ACS":38000000000,"CURRENTDEBT_DEBT":97.895568460854,"ISSUED_COMMON_SHARES":675529000,"HK_COMMON_SHARES":675529000,"PER_SHARES":1000,"TOTAL_MARKET_CAP":56068907,"HKSK_MARKET_CAP":56068907,"PE_TTM":-0.213044791471,"PB_TTM":0.047001363981,"REPORT_DATE_SQ":"2021-06-30 00:00:00","REPORT_TYPE_SQ":"2021年中报","OPERATE_INCOME_SQ":2165956000,"DPS_HKD":null,"OPERATE_INCOME_QOQ_SQ":27.019549219721,"NET_PROFIT_RATIO_SQ":8.9736818292,"HOLDER_PROFIT_SQ":61959000,"HOLDER_PROFIT_QOQ_SQ":-8.09687054973,"ROE_AVG_SQ":6.287454772672,"PE_TTM_SQ":-0.353624909947,"PB_TTM_SQ":0.074368645573,"ROA_SQ":0.354309305007,"START_DATE":"2022-01-01 00:00:00","FISCAL_YEAR":"12-31","CURRENCY":"HKD","IS_CNY_CODE":0,"DPS_HKD_LY":null,"ORG_TYPE":"一般企业","PREMIUM_INCOME":null,"PREMIUM_INCOME_YOY":null,"NET_INTEREST_INCOME":null,"NET_INTEREST_INCOME_YOY":null,"FEE_COMMISSION_INCOME":null,"FEE_COMMISSION_INCOME_YOY":null,"ACCOUNTS_RECE_TDAYS":16131.2232142857,"INVENTORY_TDAYS":0.155413045866,"CURRENT_ASSETS_TDAYS":0.111588728241,"TOTAL_ASSETS_TDAYS":0.108145768671,"PREMIUM_EXPENSE":null,"LOAN_DEPOSIT":null,"LOAN_EQUITY":null,"LOAN_ASSETS":null,"DEPOSIT_EQUITY":null,"DEPOSIT_ASSETS":null,"EQUITY_MULTIPLIER":6.664748280767,"EQUITY_RATIO":8.598781952972},{"SECUCODE":"06611.HK","SECURITY_CODE":"06611","SECURITY_NAME_ABBR":"三巽集团","ORG_CODE":"10000059718","STD_REPORT_DATE":"2021-12-31 00:00:00","REPORT_DATE":"2021-12-31 00:00:00","DATE_TYPE_CODE":"001","REPORT_TYPE":"2021年年报","PER_NETCASH_OPERATE":1.60735512465,"PER_OI":8.314440978848,"BPS":2.429525601418,"BASIC_EPS":0.005,"DILUTED_EPS":0.005,"OPERATE_INCOME":5616646000,"OPERATE_INCOME_YOY":42.3344266516,"GROSS_PROFIT":923348000,"GROSS_PROFIT_YOY":-13.297482255219,"HOLDER_PROFIT":2991000,"HOLDER_PROFIT_YOY":-99.1855750668,"GROSS_PROFIT_RATIO":16.439490756583,"EPS_TTM":0.004427641152,"OPERATE_INCOME_QOQ":12.057102647543,"NET_PROFIT_RATIO":4.6096015309,"ROE_AVG":0.231056781567,"GROSS_PROFIT_QOQ":-26.880552172405,"ROA":0.01750420575,"HOLDER_PROFIT_QOQ":-99.113822414871,"ROE_YEARLY":0.231056781567,"ROIC_YEARLY":0.018874557645,"TOTAL_ASSETS":17211165000,"TOTAL_LIABILITIES":14605884000,"TAX_EBT":41.873570160097,"OCF_SALES":19.332088937063,"TOTAL_PARENT_EQUITY":1641215000,"DEBT_ASSET_RATIO":84.8628433926,"OPERATE_PROFIT":490033000,"PRETAX_PROFIT":445417000,"NETCASH_OPERATE":1085815000,"NETCASH_INVEST":17099000,"NETCASH_FINANCE":-1095450000,"END_CASH":464894000,"DIVI_RATIO":null,"DIVIDEND_RATE":null,"CURRENT_RATIO":1.162504784463,"COMMON_ACS":38000000000,"CURRENTDEBT_DEBT":98.291654240168,"ISSUED_COMMON_SHARES":675529000,"HK_COMMON_SHARES":675529000,"PER_SHARES":1000,"TOTAL_MARKET_CAP":62148668,"HKSK_MARKET_CAP":62148668,"PE_TTM":-0.23614603392,"PB_TTM":0.052097897424,"REPORT_DATE_SQ":"2020-12-31 00:00:00","REPORT_TYPE_SQ":"2020年年报","OPERATE_INCOME_SQ":3946091000,"DPS_HKD":null,"OPERATE_INCOME_QOQ_SQ":8.219085665799,"NET_PROFIT_RATIO_SQ":9.3179807561,"HOLDER_PROFIT_SQ":367253000,"HOLDER_PROFIT_QOQ_SQ":-19.462591254882,"ROE_AVG_SQ":48.061429136963,"PE_TTM_SQ":-0.353624909947,"PB_TTM_SQ":0.074368645573,"ROA_SQ":2.420923463517,"START_DATE":"2021-01-01 00:00:00","FISCAL_YEAR":"12-31","CURRENCY":"HKD","IS_CNY_CODE":0,"DPS_HKD_LY":null,"ORG_TYPE":"一般企业","PREMIUM_INCOME":null,"PREMIUM_INCOME_YOY":null,"NET_INTEREST_INCOME":null,"NET_INTEREST_INCOME_YOY":null,"FEE_COMMISSION_INCOME":null,"FEE_COMMISSION_INCOME_YOY":null,"ACCOUNTS_RECE_TDAYS":44933.168,"INVENTORY_TDAYS":0.420876253021,"CURRENT_ASSETS_TDAYS":0.338692074736,"TOTAL_ASSETS_TDAYS":0.32870253162,"PREMIUM_EXPENSE":null,"LOAN_DEPOSIT":null,"LOAN_EQUITY":null,"LOAN_ASSETS":null,"DEPOSIT_EQUITY":null,"DEPOSIT_ASSETS":null,"EQUITY_MULTIPLIER":6.60626051468,"EQUITY_RATIO":8.899433651289},{"SECUCODE":"06611.HK","SECURITY_CODE":"06611","SECURITY_NAME_ABBR":"三巽集团","ORG_CODE":"10000059718","STD_REPORT_DATE":"2021-06-30 00:00:00","REPORT_DATE":"2021-06-30 00:00:00","DATE_TYPE_CODE":"002","REPORT_TYPE":"2021年中报","PER_NETCASH_OPERATE":99871.5,"PER_OI":216595.6,"BPS":1.514543417085,"BASIC_EPS":0.13,"DILUTED_EPS":0.13,"OPERATE_INCOME":2165956000,"OPERATE_INCOME_YOY":96.9516431156,"GROSS_PROFIT":507835000,"GROSS_PROFIT_YOY":63.816685053645,"HOLDER_PROFIT":61959000,"HOLDER_PROFIT_YOY":-32.4292491412,"GROSS_PROFIT_RATIO":23.446228824593,"EPS_TTM":33751.7,"OPERATE_INCOME_QOQ":27.019549219721,"NET_PROFIT_RATIO":8.9736818292,"ROE_AVG":6.287454772672,"GROSS_PROFIT_QOQ":18.576548812586,"ROA":0.354309305007,"HOLDER_PROFIT_QOQ":-8.09687054973,"ROE_YEARLY":12.574909545345,"ROIC_YEARLY":0.762023111774,"TOTAL_ASSETS":18011047000,"TOTAL_LIABILITIES":16244880000,"TAX_EBT":32.006100931232,"OCF_SALES":46.109662430816,"TOTAL_PARENT_EQUITY":1023118000,"DEBT_ASSET_RATIO":90.1939792839,"OPERATE_PROFIT":306971000,"PRETAX_PROFIT":285858000,"NETCASH_OPERATE":998715000,"NETCASH_INVEST":19151000,"NETCASH_FINANCE":-819468000,"END_CASH":655828000,"DIVI_RATIO":null,"DIVIDEND_RATE":null,"CURRENT_RATIO":1.140793659033,"COMMON_ACS":38000000000,"CURRENTDEBT_DEBT":94.630098837295,"ISSUED_COMMON_SHARES":675529000,"HK_COMMON_SHARES":675529000,"PER_SHARES":1000,"TOTAL_MARKET_CAP":56068907,"HKSK_MARKET_CAP":56068907,"PE_TTM":-0.213044791471,"PB_TTM":0.047001363981,"REPORT_DATE_SQ":"2020-06-30 00:00:00","REPORT_TYPE_SQ":"2020年中报","OPERATE_INCOME_SQ":1099740000,"DPS_HKD":null,"OPERATE_INCOME_QOQ_SQ":17.295348641212,"NET_PROFIT_RATIO_SQ":7.5065924673,"HOLDER_PROFIT_SQ":91695000,"HOLDER_PROFIT_QOQ_SQ":3.139864426254,"ROE_AVG_SQ":null,"PE_TTM_SQ":-0.353624909947,"PB_TTM_SQ":0.074368645573,"ROA_SQ":null,"START_DATE":"2021-01-01 00:00:00","FISCAL_YEAR":"12-31","CURRENCY":"HKD","IS_CNY_CODE":0,"DPS_HKD_LY":null,"ORG_TYPE":"一般企业","PREMIUM_INCOME":null,"PREMIUM_INCOME_YOY":null,"NET_INTEREST_INCOME":null,"NET_INTEREST_INCOME_YOY":null,"FEE_COMMISSION_INCOME":null,"FEE_COMMISSION_INCOME_YOY":null,"ACCOUNTS_RECE_TDAYS":null,"INVENTORY_TDAYS":0.142548480248,"CURRENT_ASSETS_TDAYS":0.127355833105,"TOTAL_ASSETS_TDAYS":0.12385906245,"PREMIUM_EXPENSE":null,"LOAN_DEPOSIT":null,"LOAN_EQUITY":null,"LOAN_ASSETS":null,"DEPOSIT_EQUITY":null,"DEPOSIT_ASSETS":null,"EQUITY_MULTIPLIER":10.197816514482,"EQUITY_RATIO":15.877816635031},{"SECUCODE":"06611.HK","SECURITY_CODE":"06611","SECURITY_NAME_ABBR":"三巽集团","ORG_CODE":"10000059718","STD_REPORT_DATE":"2020-12-31 00:00:00","REPORT_DATE":"2020-12-31 00:00:00","DATE_TYPE_CODE":"001","REPORT_TYPE":"2020年年报","PER_NETCASH_OPERATE":null,"PER_OI":null,"BPS":1.402987880609,"BASIC_EPS":0.742,"DILUTED_EPS":0.742,"OPERATE_INCOME":3946091000,"OPERATE_INCOME_YOY":26.935953828,"GROSS_PROFIT":1064961000,"GROSS_PROFIT_YOY":8.823063568281,"HOLDER_PROFIT":367253000,"HOLDER_PROFIT_YOY":-16.9338258079,"GROSS_PROFIT_RATIO":26.987745594311,"EPS_TTM":null,"OPERATE_INCOME_QOQ":8.219085665799,"NET_PROFIT_RATIO":9.3179807561,"ROE_AVG":48.061429136963,"GROSS_PROFIT_QOQ":-1.741862267493,"ROA":2.420923463517,"HOLDER_PROFIT_QOQ":-19.462591254882,"ROE_YEARLY":48.061429136963,"ROIC_YEARLY":2.559078875706,"TOTAL_ASSETS":16963479000,"TOTAL_LIABILITIES":15420924000,"TAX_EBT":42.841242427587,"OCF_SALES":-9.083622247941,"TOTAL_PARENT_EQUITY":947759000,"DEBT_ASSET_RATIO":90.9066117864,"OPERATE_PROFIT":688545000,"PRETAX_PROFIT":643289000,"NETCASH_OPERATE":-358448000,"NETCASH_INVEST":48463000,"NETCASH_FINANCE":481900000,"END_CASH":457430000,"DIVI_RATIO":null,"DIVIDEND_RATE":null,"CURRENT_RATIO":1.148890729952,"COMMON_ACS":38000000000,"CURRENTDEBT_DEBT":93.003207849283,"ISSUED_COMMON_SHARES":675529000,"HK_COMMON_SHARES":675529000,"PER_SHARES":1000,"TOTAL_MARKET_CAP":56068907,"HKSK_MARKET_CAP":56068907,"PE_TTM":-0.213044791471,"PB_TTM":0.047001363981,"REPORT_DATE_SQ":"2019-12-31 00:00:00","REPORT_TYPE_SQ":"2019年年报","OPERATE_INCOME_SQ":3108726000,"DPS_HKD":null,"OPERATE_INCOME_QOQ_SQ":179.852364641332,"NET_PROFIT_RATIO_SQ":12.716495439,"HOLDER_PROFIT_SQ":442121000,"HOLDER_PROFIT_QOQ_SQ":210.088442196957,"ROE_AVG_SQ":95.783743967763,"PE_TTM_SQ":-0.353624909947,"PB_TTM_SQ":0.074368645573,"ROA_SQ":4.188139413422,"START_DATE":"2020-01-01 00:00:00","FISCAL_YEAR":"12-31","CURRENCY":"HKD","IS_CNY_CODE":0,"DPS_HKD_LY":null,"ORG_TYPE":"一般企业","PREMIUM_INCOME":null,"PREMIUM_INCOME_YOY":null,"NET_INTEREST_INCOME":null,"NET_INTEREST_INCOME_YOY":null,"FEE_COMMISSION_INCOME":null,"FEE_COMMISSION_INCOME_YOY":null,"ACCOUNTS_RECE_TDAYS":null,"INVENTORY_TDAYS":0.271887899288,"CURRENT_ASSETS_TDAYS":0.267846835326,"TOTAL_ASSETS_TDAYS":0.260125425553,"PREMIUM_EXPENSE":null,"LOAN_DEPOSIT":null,"LOAN_EQUITY":null,"LOAN_ASSETS":null,"DEPOSIT_EQUITY":null,"DEPOSIT_ASSETS":null,"EQUITY_MULTIPLIER":10.99700107936,"EQUITY_RATIO":16.270933855548},{"SECUCODE":"06611.HK","SECURITY_CODE":"06611","SECURITY_NAME_ABBR":"三巽集团","ORG_CODE":"10000059718","STD_REPORT_DATE":"2020-06-30 00:00:00","REPORT_DATE":"2020-06-30 00:00:00","DATE_TYPE_CODE":"002","REPORT_TYPE":"2020年中报","PER_NETCASH_OPERATE":null,"PER_OI":null,"BPS":null,"BASIC_EPS":0.19,"DILUTED_EPS":0.19,"OPERATE_INCOME":1099740000,"OPERATE_INCOME_YOY":95.65716319,"GROSS_PROFIT":310002000,"GROSS_PROFIT_YOY":51.383686803823,"HOLDER_PROFIT":91695000,"HOLDER_PROFIT_YOY":17.8402066493,"GROSS_PROFIT_RATIO":28.188662774838,"EPS_TTM":null,"OPERATE_INCOME_QOQ":17.295348641212,"NET_PROFIT_RATIO":7.5065924673,"ROE_AVG":null,"GROSS_PROFIT_QOQ":10.752214604897,"ROA":null,"HOLDER_PROFIT_QOQ":3.139864426254,"ROE_YEARLY":null,"ROIC_YEARLY":null,"TOTAL_ASSETS":null,"TOTAL_LIABILITIES":null,"TAX_EBT":43.304626119444,"OCF_SALES":36.772418935385,"TOTAL_PARENT_EQUITY":null,"DEBT_ASSET_RATIO":null,"OPERATE_PROFIT":159787000,"PRETAX_PROFIT":145608000,"NETCASH_OPERATE":404401000,"NETCASH_INVEST":-69462000,"NETCASH_FINANCE":-246282000,"END_CASH":374173000,"DIVI_RATIO":null,"DIVIDEND_RATE":null,"CURRENT_RATIO":null,"COMMON_ACS":38000000000,"CURRENTDEBT_DEBT":null,"ISSUED_COMMON_SHARES":675529000,"HK_COMMON_SHARES":675529000,"PER_SHARES":1000,"TOTAL_MARKET_CAP":56068907,"HKSK_MARKET_CAP":56068907,"PE_TTM":-0.213044791471,"PB_TTM":0.047001363981,"REPORT_DATE_SQ":"2019-06-30 00:00:00","REPORT_TYPE_SQ":"2019年中报","OPERATE_INCOME_SQ":562075000,"DPS_HKD":null,"OPERATE_INCOME_QOQ_SQ":53.449857303492,"NET_PROFIT_RATIO_SQ":11.0378508206,"HOLDER_PROFIT_SQ":77813000,"HOLDER_PROFIT_QOQ_SQ":147.434184266699,"ROE_AVG_SQ":20.509191353315,"PE_TTM_SQ":-0.353624909947,"PB_TTM_SQ":0.074368645573,"ROA_SQ":0.793546182,"START_DATE":"2020-01-01 00:00:00","FISCAL_YEAR":"12-31","CURRENCY":"HKD","IS_CNY_CODE":0,"DPS_HKD_LY":null,"ORG_TYPE":"一般企业","PREMIUM_INCOME":null,"PREMIUM_INCOME_YOY":null,"NET_INTEREST_INCOME":null,"NET_INTEREST_INCOME_YOY":null,"FEE_COMMISSION_INCOME":null,"FEE_COMMISSION_INCOME_YOY":null,"ACCOUNTS_RECE_TDAYS":null,"INVENTORY_TDAYS":null,"CURRENT_ASSETS_TDAYS":0.169347845871,"TOTAL_ASSETS_TDAYS":0.164429510383,"PREMIUM_EXPENSE":null,"LOAN_DEPOSIT":null,"LOAN_EQUITY":null,"LOAN_ASSETS":null,"DEPOSIT_EQUITY":null,"DEPOSIT_ASSETS":null,"EQUITY_MULTIPLIER":null,"EQUITY_RATIO":null}],"count":15},"success":true,"message":"ok","code":0}