{"version":"0458d1c1e7600bb2e4ceb9259b34ff6f","result":{"pages":2,"data":[{"SECUCODE":"06618.HK","SECURITY_CODE":"06618","SECURITY_NAME_ABBR":"京东健康","ORG_CODE":"10000134461","STD_REPORT_DATE":"2024-06-30 00:00:00","REPORT_DATE":"2024-06-30 00:00:00","DATE_TYPE_CODE":"002","REPORT_TYPE":"2024年中报","PER_NETCASH_OPERATE":0.699225080816,"PER_OI":8.886744332849,"BPS":16.297471894734,"BASIC_EPS":0.65,"DILUTED_EPS":0.65,"OPERATE_INCOME":28343961000,"OPERATE_INCOME_YOY":4.5503862438,"GROSS_PROFIT":6699943000,"GROSS_PROFIT_YOY":8.011333225858,"HOLDER_PROFIT":2037182000,"HOLDER_PROFIT_YOY":30.475009575,"GROSS_PROFIT_RATIO":23.637991175616,"EPS_TTM":0.820722255582,"OPERATE_INCOME_QOQ":2.304551391155,"NET_PROFIT_RATIO":7.177465422,"ROE_AVG":4.014773638285,"GROSS_PROFIT_QOQ":4.188191552266,"ROA":3.098208809773,"HOLDER_PROFIT_QOQ":22.215654663441,"ROE_YEARLY":8.02954727657,"ROIC_YEARLY":12.576583478127,"TOTAL_ASSETS":67218782000,"TOTAL_LIABILITIES":15078549000,"TAX_EBT":16.601362170618,"OCF_SALES":7.8681804565,"TOTAL_PARENT_EQUITY":52128525000,"DEBT_ASSET_RATIO":22.4320473406,"OPERATE_PROFIT":1494657000,"PRETAX_PROFIT":2439342000,"NETCASH_OPERATE":2230154000,"NETCASH_INVEST":-8372841000,"NETCASH_FINANCE":-21793000,"END_CASH":8843092000,"DIVI_RATIO":null,"DIVIDEND_RATE":null,"CURRENT_RATIO":3.737636062016,"COMMON_ACS":100000000000,"CURRENTDEBT_DEBT":97.533396615284,"ISSUED_COMMON_SHARES":3198565111,"HK_COMMON_SHARES":3198565111,"PER_SHARES":50,"TOTAL_MARKET_CAP":112749420162.75,"HKSK_MARKET_CAP":112749420162.75,"PE_TTM":38.851066287996,"PB_TTM":1.974046662439,"REPORT_DATE_SQ":"2023-06-30 00:00:00","REPORT_TYPE_SQ":"2023年中报","OPERATE_INCOME_SQ":27110336000,"DPS_HKD":null,"OPERATE_INCOME_QOQ_SQ":14.731902392473,"NET_PROFIT_RATIO_SQ":5.761610627,"HOLDER_PROFIT_SQ":1561358000,"HOLDER_PROFIT_QOQ_SQ":351.956959261257,"ROE_AVG_SQ":3.341223139053,"PE_TTM_SQ":49.95089904196,"PB_TTM_SQ":1.757380762155,"ROA_SQ":2.546559238685,"START_DATE":"2024-01-01 00:00:00","FISCAL_YEAR":"12-31","CURRENCY":"HKD","IS_CNY_CODE":0,"DPS_HKD_LY":null,"ORG_TYPE":"一般企业","PREMIUM_INCOME":null,"PREMIUM_INCOME_YOY":null,"NET_INTEREST_INCOME":null,"NET_INTEREST_INCOME_YOY":null,"FEE_COMMISSION_INCOME":null,"FEE_COMMISSION_INCOME_YOY":null,"ACCOUNTS_RECE_TDAYS":80.923440392969,"INVENTORY_TDAYS":4.021150595439,"CURRENT_ASSETS_TDAYS":0.55134299199,"TOTAL_ASSETS_TDAYS":0.431063644162,"PREMIUM_EXPENSE":null,"LOAN_DEPOSIT":null,"LOAN_EQUITY":null,"LOAN_ASSETS":null,"DEPOSIT_EQUITY":null,"DEPOSIT_ASSETS":null,"EQUITY_MULTIPLIER":1.28919220595,"EQUITY_RATIO":0.289257158149},{"SECUCODE":"06618.HK","SECURITY_CODE":"06618","SECURITY_NAME_ABBR":"京东健康","ORG_CODE":"10000134461","STD_REPORT_DATE":"2023-12-31 00:00:00","REPORT_DATE":"2023-12-31 00:00:00","DATE_TYPE_CODE":"001","REPORT_TYPE":"2023年年报","PER_NETCASH_OPERATE":1.44413102231,"PER_OI":16.787833945632,"BPS":15.430591620681,"BASIC_EPS":0.69,"DILUTED_EPS":0.68,"OPERATE_INCOME":53529941000,"OPERATE_INCOME_YOY":14.5364797913,"GROSS_PROFIT":11865336000,"GROSS_PROFIT_YOY":19.954773326777,"HOLDER_PROFIT":2141841000,"HOLDER_PROFIT_YOY":463.4866681575,"GROSS_PROFIT_RATIO":22.165793158636,"EPS_TTM":0.67171512567,"OPERATE_INCOME_QOQ":-0.17032978366,"NET_PROFIT_RATIO":4.0031428393,"ROE_AVG":4.550524772669,"GROSS_PROFIT_QOQ":1.587224396271,"ROA":3.411509311834,"HOLDER_PROFIT_QOQ":24.677064178528,"ROE_YEARLY":4.550524772669,"ROIC_YEARLY":8.83597553565,"TOTAL_ASSETS":64288300000,"TOTAL_LIABILITIES":14918036000,"TAX_EBT":20.438057020482,"OCF_SALES":8.602247478659,"TOTAL_PARENT_EQUITY":49355752000,"DEBT_ASSET_RATIO":23.2049004251,"OPERATE_PROFIT":824558000,"PRETAX_PROFIT":2693348000,"NETCASH_OPERATE":4604778000,"NETCASH_INVEST":-8022885000,"NETCASH_FINANCE":-117202000,"END_CASH":15037033000,"DIVI_RATIO":null,"DIVIDEND_RATE":null,"CURRENT_RATIO":3.280760663748,"COMMON_ACS":100000000000,"CURRENTDEBT_DEBT":97.767554656659,"ISSUED_COMMON_SHARES":3198565111,"HK_COMMON_SHARES":3198565111,"PER_SHARES":50,"TOTAL_MARKET_CAP":96436738096.65,"HKSK_MARKET_CAP":96436738096.65,"PE_TTM":33.230060952711,"PB_TTM":1.688439911278,"REPORT_DATE_SQ":"2022-12-31 00:00:00","REPORT_TYPE_SQ":"2022年年报","OPERATE_INCOME_SQ":46736150000,"DPS_HKD":null,"OPERATE_INCOME_QOQ_SQ":25.400033974027,"NET_PROFIT_RATIO_SQ":0.8199841022,"HOLDER_PROFIT_SQ":380105000,"HOLDER_PROFIT_QOQ_SQ":196.275179769561,"ROE_AVG_SQ":0.898236199007,"PE_TTM_SQ":62.996494668039,"PB_TTM_SQ":2.216353057425,"ROA_SQ":0.695656467649,"START_DATE":"2023-01-01 00:00:00","FISCAL_YEAR":"12-31","CURRENCY":"HKD","IS_CNY_CODE":0,"DPS_HKD_LY":null,"ORG_TYPE":"一般企业","PREMIUM_INCOME":null,"PREMIUM_INCOME_YOY":null,"NET_INTEREST_INCOME":null,"NET_INTEREST_INCOME_YOY":null,"FEE_COMMISSION_INCOME":null,"FEE_COMMISSION_INCOME_YOY":null,"ACCOUNTS_RECE_TDAYS":82.169190740798,"INVENTORY_TDAYS":7.520114669976,"CURRENT_ASSETS_TDAYS":1.026490030159,"TOTAL_ASSETS_TDAYS":0.852621143135,"PREMIUM_EXPENSE":null,"LOAN_DEPOSIT":null,"LOAN_EQUITY":null,"LOAN_ASSETS":null,"DEPOSIT_EQUITY":null,"DEPOSIT_ASSETS":null,"EQUITY_MULTIPLIER":1.302166421472,"EQUITY_RATIO":0.302255267025},{"SECUCODE":"06618.HK","SECURITY_CODE":"06618","SECURITY_NAME_ABBR":"京东健康","ORG_CODE":"10000134461","STD_REPORT_DATE":"2023-06-30 00:00:00","REPORT_DATE":"2023-06-30 00:00:00","DATE_TYPE_CODE":"002","REPORT_TYPE":"2023年中报","PER_NETCASH_OPERATE":0.115751203146,"PER_OI":8.525490478101,"BPS":15.219329702743,"BASIC_EPS":0.5,"DILUTED_EPS":0.49,"OPERATE_INCOME":27110336000,"OPERATE_INCOME_YOY":34.0422834628,"GROSS_PROFIT":6203000000,"GROSS_PROFIT_YOY":40.512336566348,"HOLDER_PROFIT":1561358000,"HOLDER_PROFIT_YOY":598.4316847982,"GROSS_PROFIT_RATIO":22.880572192097,"EPS_TTM":0.540238006372,"OPERATE_INCOME_QOQ":14.731902392473,"NET_PROFIT_RATIO":5.761610627,"ROE_AVG":3.341223139053,"GROSS_PROFIT_QOQ":18.080569716973,"ROA":2.546559238685,"HOLDER_PROFIT_QOQ":351.956959261257,"ROE_YEARLY":6.682446278105,"ROIC_YEARLY":19.398967443733,"TOTAL_ASSETS":61347615000,"TOTAL_LIABILITIES":12653491000,"TAX_EBT":14.70239063884,"OCF_SALES":1.357707259696,"TOTAL_PARENT_EQUITY":48680017000,"DEBT_ASSET_RATIO":20.6258890423,"OPERATE_PROFIT":931355000,"PRETAX_PROFIT":1831226000,"NETCASH_OPERATE":368079000,"NETCASH_INVEST":-7240181000,"NETCASH_FINANCE":-18521000,"END_CASH":11895766000,"DIVI_RATIO":null,"DIVIDEND_RATE":null,"CURRENT_RATIO":4.511778057113,"COMMON_ACS":100000000000,"CURRENTDEBT_DEBT":98.890156084198,"ISSUED_COMMON_SHARES":3198565111,"HK_COMMON_SHARES":3198565111,"PER_SHARES":50,"TOTAL_MARKET_CAP":96436738096.65,"HKSK_MARKET_CAP":96436738096.65,"PE_TTM":33.230060952711,"PB_TTM":1.688439911278,"REPORT_DATE_SQ":"2022-06-30 00:00:00","REPORT_TYPE_SQ":"2022年中报","OPERATE_INCOME_SQ":20225212000,"DPS_HKD":null,"OPERATE_INCOME_QOQ_SQ":21.469665197816,"NET_PROFIT_RATIO_SQ":1.1023765783,"HOLDER_PROFIT_SQ":223552000,"HOLDER_PROFIT_QOQ_SQ":63.222317134402,"ROE_AVG_SQ":0.543873787961,"PE_TTM_SQ":62.996494668039,"PB_TTM_SQ":2.216353057425,"ROA_SQ":0.443347441757,"START_DATE":"2023-01-01 00:00:00","FISCAL_YEAR":"12-31","CURRENCY":"HKD","IS_CNY_CODE":0,"DPS_HKD_LY":null,"ORG_TYPE":"一般企业","PREMIUM_INCOME":null,"PREMIUM_INCOME_YOY":null,"NET_INTEREST_INCOME":null,"NET_INTEREST_INCOME_YOY":null,"FEE_COMMISSION_INCOME":null,"FEE_COMMISSION_INCOME_YOY":null,"ACCOUNTS_RECE_TDAYS":40.883094047293,"INVENTORY_TDAYS":3.756083258777,"CURRENT_ASSETS_TDAYS":0.480239943396,"TOTAL_ASSETS_TDAYS":0.442166861185,"PREMIUM_EXPENSE":null,"LOAN_DEPOSIT":null,"LOAN_EQUITY":null,"LOAN_ASSETS":null,"DEPOSIT_EQUITY":null,"DEPOSIT_ASSETS":null,"EQUITY_MULTIPLIER":1.259856630751,"EQUITY_RATIO":0.259931934699},{"SECUCODE":"06618.HK","SECURITY_CODE":"06618","SECURITY_NAME_ABBR":"京东健康","ORG_CODE":"10000134461","STD_REPORT_DATE":"2022-12-31 00:00:00","REPORT_DATE":"2022-12-31 00:00:00","DATE_TYPE_CODE":"001","REPORT_TYPE":"2022年年报","PER_NETCASH_OPERATE":1.857014666704,"PER_OI":14.697294854926,"BPS":14.000105186541,"BASIC_EPS":0.12,"DILUTED_EPS":0.12,"OPERATE_INCOME":46736150000,"OPERATE_INCOME_YOY":52.3230014262,"GROSS_PROFIT":9891508000,"GROSS_PROFIT_YOY":37.433936866723,"HOLDER_PROFIT":380105000,"HOLDER_PROFIT_YOY":135.4077802939,"GROSS_PROFIT_RATIO":21.164576029476,"EPS_TTM":0.119533065108,"OPERATE_INCOME_QOQ":25.400033974027,"NET_PROFIT_RATIO":0.8199841022,"ROE_AVG":0.898236199007,"GROSS_PROFIT_QOQ":19.111909832664,"ROA":0.695656467649,"HOLDER_PROFIT_QOQ":196.275179769561,"ROE_YEARLY":0.898236199007,"ROIC_YEARLY":3.390545924679,"TOTAL_ASSETS":61277296000,"TOTAL_LIABILITIES":16492734000,"TAX_EBT":44.923247615366,"OCF_SALES":12.635077985671,"TOTAL_PARENT_EQUITY":44780248000,"DEBT_ASSET_RATIO":26.9149180473,"OPERATE_PROFIT":-62599000,"PRETAX_PROFIT":695809000,"NETCASH_OPERATE":5905149000,"NETCASH_INVEST":-4235541000,"NETCASH_FINANCE":-925449000,"END_CASH":18717724000,"DIVI_RATIO":null,"DIVIDEND_RATE":null,"CURRENT_RATIO":3.45112665239,"COMMON_ACS":100000000000,"CURRENTDEBT_DEBT":99.171877749317,"ISSUED_COMMON_SHARES":3198565111,"HK_COMMON_SHARES":3198565111,"PER_SHARES":50,"TOTAL_MARKET_CAP":96436738096.65,"HKSK_MARKET_CAP":96436738096.65,"PE_TTM":33.230060952711,"PB_TTM":1.688439911278,"REPORT_DATE_SQ":"2021-12-31 00:00:00","REPORT_TYPE_SQ":"2021年年报","OPERATE_INCOME_SQ":30682267000,"DPS_HKD":null,"OPERATE_INCOME_QOQ_SQ":26.561815392624,"NET_PROFIT_RATIO_SQ":-3.4965408521,"HOLDER_PROFIT_SQ":-1073507000,"HOLDER_PROFIT_QOQ_SQ":91.294069179057,"ROE_AVG_SQ":-2.714158063545,"PE_TTM_SQ":62.996494668039,"PB_TTM_SQ":2.216353057425,"ROA_SQ":-2.333792932828,"START_DATE":"2022-01-01 00:00:00","FISCAL_YEAR":"12-31","CURRENCY":"HKD","IS_CNY_CODE":0,"DPS_HKD_LY":null,"ORG_TYPE":"一般企业","PREMIUM_INCOME":null,"PREMIUM_INCOME_YOY":null,"NET_INTEREST_INCOME":null,"NET_INTEREST_INCOME_YOY":null,"FEE_COMMISSION_INCOME":null,"FEE_COMMISSION_INCOME_YOY":null,"ACCOUNTS_RECE_TDAYS":70.649533423731,"INVENTORY_TDAYS":8.153711739755,"CURRENT_ASSETS_TDAYS":0.915025797816,"TOTAL_ASSETS_TDAYS":0.85535062734,"PREMIUM_EXPENSE":null,"LOAN_DEPOSIT":null,"LOAN_EQUITY":null,"LOAN_ASSETS":null,"DEPOSIT_EQUITY":null,"DEPOSIT_ASSETS":null,"EQUITY_MULTIPLIER":1.368268288523,"EQUITY_RATIO":0.368303766428},{"SECUCODE":"06618.HK","SECURITY_CODE":"06618","SECURITY_NAME_ABBR":"京东健康","ORG_CODE":"10000134461","STD_REPORT_DATE":"2022-06-30 00:00:00","REPORT_DATE":"2022-06-30 00:00:00","DATE_TYPE_CODE":"002","REPORT_TYPE":"2022年中报","PER_NETCASH_OPERATE":0.709827213294,"PER_OI":6.363330713306,"BPS":13.241535979475,"BASIC_EPS":0.07,"DILUTED_EPS":0.07,"OPERATE_INCOME":20225212000,"OPERATE_INCOME_YOY":48.3022521468,"GROSS_PROFIT":4414559000,"GROSS_PROFIT_YOY":33.472826118177,"HOLDER_PROFIT":223552000,"HOLDER_PROFIT_YOY":149.1167630464,"GROSS_PROFIT_RATIO":21.827009773742,"EPS_TTM":-0.124216891385,"OPERATE_INCOME_QOQ":21.469665197816,"NET_PROFIT_RATIO":1.1023765783,"ROE_AVG":0.543873787961,"GROSS_PROFIT_QOQ":15.382195667753,"ROA":0.443347441757,"HOLDER_PROFIT_QOQ":63.222317134402,"ROE_YEARLY":1.087747575921,"ROIC_YEARLY":4.890241796285,"TOTAL_ASSETS":52845100000,"TOTAL_LIABILITIES":10490589000,"TAX_EBT":40.914174259168,"OCF_SALES":11.154963418925,"TOTAL_PARENT_EQUITY":42353915000,"DEBT_ASSET_RATIO":19.8515832121,"OPERATE_PROFIT":210142000,"PRETAX_PROFIT":377346000,"NETCASH_OPERATE":2256115000,"NETCASH_INVEST":-2810535000,"NETCASH_FINANCE":-631511000,"END_CASH":16668028000,"DIVI_RATIO":null,"DIVIDEND_RATE":null,"CURRENT_RATIO":4.884771834297,"COMMON_ACS":100000000000,"CURRENTDEBT_DEBT":98.763882561789,"ISSUED_COMMON_SHARES":3198565111,"HK_COMMON_SHARES":3198565111,"PER_SHARES":50,"TOTAL_MARKET_CAP":96436738096.65,"HKSK_MARKET_CAP":96436738096.65,"PE_TTM":33.230060952711,"PB_TTM":1.688439911278,"REPORT_DATE_SQ":"2021-06-30 00:00:00","REPORT_TYPE_SQ":"2021年中报","OPERATE_INCOME_SQ":13637832000,"DPS_HKD":null,"OPERATE_INCOME_QOQ_SQ":25.075841343624,"NET_PROFIT_RATIO_SQ":-3.3305367011,"HOLDER_PROFIT_SQ":-455144000,"HOLDER_PROFIT_QOQ_SQ":28.452505033113,"ROE_AVG_SQ":-1.15515901158,"PE_TTM_SQ":62.996494668039,"PB_TTM_SQ":2.216353057425,"ROA_SQ":-1.00589013179,"START_DATE":"2022-01-01 00:00:00","FISCAL_YEAR":"12-31","CURRENCY":"HKD","IS_CNY_CODE":0,"DPS_HKD_LY":null,"ORG_TYPE":"一般企业","PREMIUM_INCOME":null,"PREMIUM_INCOME_YOY":null,"NET_INTEREST_INCOME":null,"NET_INTEREST_INCOME_YOY":null,"FEE_COMMISSION_INCOME":null,"FEE_COMMISSION_INCOME_YOY":null,"ACCOUNTS_RECE_TDAYS":34.348513603822,"INVENTORY_TDAYS":4.74183997086,"CURRENT_ASSETS_TDAYS":0.419975394372,"TOTAL_ASSETS_TDAYS":0.401105604029,"PREMIUM_EXPENSE":null,"LOAN_DEPOSIT":null,"LOAN_EQUITY":null,"LOAN_ASSETS":null,"DEPOSIT_EQUITY":null,"DEPOSIT_ASSETS":null,"EQUITY_MULTIPLIER":1.247685281977,"EQUITY_RATIO":0.247688767378},{"SECUCODE":"06618.HK","SECURITY_CODE":"06618","SECURITY_NAME_ABBR":"京东健康","ORG_CODE":"10000134461","STD_REPORT_DATE":"2021-12-31 00:00:00","REPORT_DATE":"2021-12-31 00:00:00","DATE_TYPE_CODE":"001","REPORT_TYPE":"2021年年报","PER_NETCASH_OPERATE":1.073906474797,"PER_OI":9.604364446165,"BPS":12.459772309447,"BASIC_EPS":-0.35,"DILUTED_EPS":-0.35,"OPERATE_INCOME":30682267000,"OPERATE_INCOME_YOY":58.2982554221,"GROSS_PROFIT":7197282000,"GROSS_PROFIT_YOY":46.366602146138,"HOLDER_PROFIT":-1073507000,"HOLDER_PROFIT_YOY":93.7711245841,"GROSS_PROFIT_RATIO":23.457464860729,"EPS_TTM":-0.336036201742,"OPERATE_INCOME_QOQ":26.561815392624,"NET_PROFIT_RATIO":-3.4965408521,"ROE_AVG":-2.714158063545,"GROSS_PROFIT_QOQ":19.81112633361,"ROA":-2.333792932828,"HOLDER_PROFIT_QOQ":91.294069179057,"ROE_YEARLY":-2.714158063545,"ROIC_YEARLY":-17.44124119089,"TOTAL_ASSETS":48002217000,"TOTAL_LIABILITIES":8147634000,"TAX_EBT":-19.004848634096,"OCF_SALES":11.181442362131,"TOTAL_PARENT_EQUITY":39853393000,"DEBT_ASSET_RATIO":16.9734535386,"OPERATE_PROFIT":-1258896000,"PRETAX_PROFIT":-901491000,"NETCASH_OPERATE":3430720000,"NETCASH_INVEST":-17752152000,"NETCASH_FINANCE":-163653000,"END_CASH":17252295000,"DIVI_RATIO":null,"DIVIDEND_RATE":null,"CURRENT_RATIO":5.709593665584,"COMMON_ACS":100000000000,"CURRENTDEBT_DEBT":98.249774106201,"ISSUED_COMMON_SHARES":3198565111,"HK_COMMON_SHARES":3198565111,"PER_SHARES":50,"TOTAL_MARKET_CAP":96436738096.65,"HKSK_MARKET_CAP":96436738096.65,"PE_TTM":33.230060952711,"PB_TTM":1.688439911278,"REPORT_DATE_SQ":"2020-12-31 00:00:00","REPORT_TYPE_SQ":"2020年年报","OPERATE_INCOME_SQ":19382568000,"DPS_HKD":null,"OPERATE_INCOME_QOQ_SQ":32.47518828566,"NET_PROFIT_RATIO_SQ":-88.9195745373,"HOLDER_PROFIT_SQ":-17234363000,"HOLDER_PROFIT_QOQ_SQ":-162.44645993314,"ROE_AVG_SQ":-88.855673975735,"PE_TTM_SQ":62.996494668039,"PB_TTM_SQ":2.216353057425,"ROA_SQ":-65.441284116707,"START_DATE":"2021-01-01 00:00:00","FISCAL_YEAR":"12-31","CURRENCY":"HKD","IS_CNY_CODE":0,"DPS_HKD_LY":null,"ORG_TYPE":"一般企业","PREMIUM_INCOME":null,"PREMIUM_INCOME_YOY":null,"NET_INTEREST_INCOME":null,"NET_INTEREST_INCOME_YOY":null,"FEE_COMMISSION_INCOME":null,"FEE_COMMISSION_INCOME_YOY":null,"ACCOUNTS_RECE_TDAYS":138.482880483842,"INVENTORY_TDAYS":9.839455676858,"CURRENT_ASSETS_TDAYS":0.694088464789,"TOTAL_ASSETS_TDAYS":0.667029259127,"PREMIUM_EXPENSE":null,"LOAN_DEPOSIT":null,"LOAN_EQUITY":null,"LOAN_ASSETS":null,"DEPOSIT_EQUITY":null,"DEPOSIT_ASSETS":null,"EQUITY_MULTIPLIER":1.204434054673,"EQUITY_RATIO":0.20444015896},{"SECUCODE":"06618.HK","SECURITY_CODE":"06618","SECURITY_NAME_ABBR":"京东健康","ORG_CODE":"10000134461","STD_REPORT_DATE":"2021-06-30 00:00:00","REPORT_DATE":"2021-06-30 00:00:00","DATE_TYPE_CODE":"002","REPORT_TYPE":"2021年中报","PER_NETCASH_OPERATE":0.607310945186,"PER_OI":4.28274489863,"BPS":12.365270246956,"BASIC_EPS":-0.15,"DILUTED_EPS":-0.15,"OPERATE_INCOME":13637832000,"OPERATE_INCOME_YOY":55.3728001969,"GROSS_PROFIT":3307459000,"GROSS_PROFIT_YOY":49.148097892871,"HOLDER_PROFIT":-455144000,"HOLDER_PROFIT_YOY":91.5065298786,"GROSS_PROFIT_RATIO":24.252087868512,"EPS_TTM":-3.872278091745,"OPERATE_INCOME_QOQ":25.075841343624,"NET_PROFIT_RATIO":-3.3305367011,"ROE_AVG":-1.15515901158,"GROSS_PROFIT_QOQ":22.164448849754,"ROA":-1.00589013179,"HOLDER_PROFIT_QOQ":28.452505033113,"ROE_YEARLY":-2.310318023161,"ROIC_YEARLY":-14.344956872768,"TOTAL_ASSETS":46501220000,"TOTAL_LIABILITIES":6948666000,"TAX_EBT":-31.540796172626,"OCF_SALES":14.180413719717,"TOTAL_PARENT_EQUITY":39551122000,"DEBT_ASSET_RATIO":14.9429756897,"OPERATE_PROFIT":-533770000,"PRETAX_PROFIT":-345302000,"NETCASH_OPERATE":1933901000,"NETCASH_INVEST":-15027374000,"NETCASH_FINANCE":-26159000,"END_CASH":18980432000,"DIVI_RATIO":null,"DIVIDEND_RATE":null,"CURRENT_RATIO":6.572514487758,"COMMON_ACS":100000000000,"CURRENTDEBT_DEBT":98.857075588322,"ISSUED_COMMON_SHARES":3198565111,"HK_COMMON_SHARES":3198565111,"PER_SHARES":50,"TOTAL_MARKET_CAP":96436738096.65,"HKSK_MARKET_CAP":96436738096.65,"PE_TTM":33.230060952711,"PB_TTM":1.688439911278,"REPORT_DATE_SQ":"2020-06-30 00:00:00","REPORT_TYPE_SQ":"2020年中报","OPERATE_INCOME_SQ":8777490000,"DPS_HKD":null,"OPERATE_INCOME_QOQ_SQ":34.946541918846,"NET_PROFIT_RATIO_SQ":-61.0757175457,"HOLDER_PROFIT_SQ":-5358752000,"HOLDER_PROFIT_QOQ_SQ":-575.733403306219,"ROE_AVG_SQ":170.383692645262,"PE_TTM_SQ":62.996494668039,"PB_TTM_SQ":2.216353057425,"ROA_SQ":-53.396358367227,"START_DATE":"2021-01-01 00:00:00","FISCAL_YEAR":"12-31","CURRENCY":"HKD","IS_CNY_CODE":0,"DPS_HKD_LY":null,"ORG_TYPE":"一般企业","PREMIUM_INCOME":null,"PREMIUM_INCOME_YOY":null,"NET_INTEREST_INCOME":null,"NET_INTEREST_INCOME_YOY":null,"FEE_COMMISSION_INCOME":null,"FEE_COMMISSION_INCOME_YOY":null,"ACCOUNTS_RECE_TDAYS":104.94474519536,"INVENTORY_TDAYS":4.521360578398,"CURRENT_ASSETS_TDAYS":0.310469348679,"TOTAL_ASSETS_TDAYS":0.301402646807,"PREMIUM_EXPENSE":null,"LOAN_DEPOSIT":null,"LOAN_EQUITY":null,"LOAN_ASSETS":null,"DEPOSIT_EQUITY":null,"DEPOSIT_ASSETS":null,"EQUITY_MULTIPLIER":1.175681853567,"EQUITY_RATIO":0.175688214357},{"SECUCODE":"06618.HK","SECURITY_CODE":"06618","SECURITY_NAME_ABBR":"京东健康","ORG_CODE":"10000134461","STD_REPORT_DATE":"2020-12-31 00:00:00","REPORT_DATE":"2020-12-31 00:00:00","DATE_TYPE_CODE":"001","REPORT_TYPE":"2020年年报","PER_NETCASH_OPERATE":1.161758010633,"PER_OI":6.086788151104,"BPS":12.271390963721,"BASIC_EPS":-7.8,"DILUTED_EPS":-7.8,"OPERATE_INCOME":19382568000,"OPERATE_INCOME_YOY":78.770685492,"GROSS_PROFIT":4917298000,"GROSS_PROFIT_YOY":74.851436845369,"HOLDER_PROFIT":-17234363000,"HOLDER_PROFIT_YOY":-1673.4383955629,"GROSS_PROFIT_RATIO":25.369693014878,"EPS_TTM":-5.412178432715,"OPERATE_INCOME_QOQ":32.47518828566,"NET_PROFIT_RATIO":-88.9195745373,"ROE_AVG":-88.855673975735,"GROSS_PROFIT_QOQ":32.965925794529,"ROA":-65.441284116707,"HOLDER_PROFIT_QOQ":-162.44645993314,"ROE_YEARLY":-88.855673975735,"ROIC_YEARLY":-458.694979852339,"TOTAL_ASSETS":43994548000,"TOTAL_LIABILITIES":4743204000,"TAX_EBT":-0.953342641676,"OCF_SALES":19.086552411425,"TOTAL_PARENT_EQUITY":39250843000,"DEBT_ASSET_RATIO":10.7813449976,"OPERATE_PROFIT":-17188260000,"PRETAX_PROFIT":-17072141000,"NETCASH_OPERATE":3699464000,"NETCASH_INVEST":-7842584000,"NETCASH_FINANCE":32028687000,"END_CASH":32270792000,"DIVI_RATIO":null,"DIVIDEND_RATE":null,"CURRENT_RATIO":9.121454083627,"COMMON_ACS":100000000000,"CURRENTDEBT_DEBT":98.705305527656,"ISSUED_COMMON_SHARES":3198565111,"HK_COMMON_SHARES":3198565111,"PER_SHARES":50,"TOTAL_MARKET_CAP":96436738096.65,"HKSK_MARKET_CAP":96436738096.65,"PE_TTM":33.230060952711,"PB_TTM":1.688439911278,"REPORT_DATE_SQ":"2019-12-31 00:00:00","REPORT_TYPE_SQ":"2019年年报","OPERATE_INCOME_SQ":10842140000,"DPS_HKD":null,"OPERATE_INCOME_QOQ_SQ":32.722051027432,"NET_PROFIT_RATIO_SQ":-8.9632212829,"HOLDER_PROFIT_SQ":-971805000,"HOLDER_PROFIT_QOQ_SQ":-552.15584826476,"ROE_AVG_SQ":-669.771528998243,"PE_TTM_SQ":62.996494668039,"PB_TTM_SQ":2.216353057425,"ROA_SQ":-19.714420300028,"START_DATE":"2020-01-01 00:00:00","FISCAL_YEAR":"12-31","CURRENCY":"HKD","IS_CNY_CODE":0,"DPS_HKD_LY":null,"ORG_TYPE":"一般企业","PREMIUM_INCOME":null,"PREMIUM_INCOME_YOY":null,"NET_INTEREST_INCOME":null,"NET_INTEREST_INCOME_YOY":null,"FEE_COMMISSION_INCOME":null,"FEE_COMMISSION_INCOME_YOY":null,"ACCOUNTS_RECE_TDAYS":401.34526028078,"INVENTORY_TDAYS":9.609147817688,"CURRENT_ASSETS_TDAYS":0.755231506235,"TOTAL_ASSETS_TDAYS":0.735983186265,"PREMIUM_EXPENSE":null,"LOAN_DEPOSIT":null,"LOAN_EQUITY":null,"LOAN_ASSETS":null,"DEPOSIT_EQUITY":null,"DEPOSIT_ASSETS":null,"EQUITY_MULTIPLIER":1.120841823914,"EQUITY_RATIO":0.120843366345},{"SECUCODE":"06618.HK","SECURITY_CODE":"06618","SECURITY_NAME_ABBR":"京东健康","ORG_CODE":"10000134461","STD_REPORT_DATE":"2020-06-30 00:00:00","REPORT_DATE":"2020-06-30 00:00:00","DATE_TYPE_CODE":"002","REPORT_TYPE":"2020年中报","PER_NETCASH_OPERATE":0.18187589475,"PER_OI":4.438588603929,"BPS":-1.823063091618,"BASIC_EPS":-2.49,"DILUTED_EPS":-2.49,"OPERATE_INCOME":8777490000,"OPERATE_INCOME_YOY":75.953190284,"GROSS_PROFIT":2217567000,"GROSS_PROFIT_YOY":66.524640021026,"HOLDER_PROFIT":-5358752000,"HOLDER_PROFIT_YOY":-2368.2164111507,"GROSS_PROFIT_RATIO":25.26424980262,"EPS_TTM":-3.320695605321,"OPERATE_INCOME_QOQ":34.946541918846,"NET_PROFIT_RATIO":-61.0757175457,"ROE_AVG":170.383692645262,"GROSS_PROFIT_QOQ":31.500935898092,"ROA":-53.396358367227,"HOLDER_PROFIT_QOQ":-575.733403306219,"ROE_YEARLY":340.767385290523,"ROIC_YEARLY":-279.098141598993,"TOTAL_ASSETS":11394924000,"TOTAL_LIABILITIES":17227238000,"TAX_EBT":-1.970393688806,"OCF_SALES":4.09760649115,"TOTAL_PARENT_EQUITY":-5831186000,"DEBT_ASSET_RATIO":151.1834392226,"OPERATE_PROFIT":-5307300000,"PRETAX_PROFIT":-5257325000,"NETCASH_OPERATE":359667000,"NETCASH_INVEST":-3097063000,"NETCASH_FINANCE":907651000,"END_CASH":3200320000,"DIVI_RATIO":null,"DIVIDEND_RATE":null,"CURRENT_RATIO":3.045251387407,"COMMON_ACS":100000000000,"CURRENTDEBT_DEBT":20.002144278729,"ISSUED_COMMON_SHARES":3198565111,"HK_COMMON_SHARES":3198565111,"PER_SHARES":50,"TOTAL_MARKET_CAP":96436738096.65,"HKSK_MARKET_CAP":96436738096.65,"PE_TTM":33.230060952711,"PB_TTM":1.688439911278,"REPORT_DATE_SQ":"2019-06-30 00:00:00","REPORT_TYPE_SQ":"2019年中报","OPERATE_INCOME_SQ":4988537000,"DPS_HKD":null,"OPERATE_INCOME_QOQ_SQ":0,"NET_PROFIT_RATIO_SQ":4.7359376106,"HOLDER_PROFIT_SQ":236254000,"HOLDER_PROFIT_QOQ_SQ":0,"ROE_AVG_SQ":null,"PE_TTM_SQ":62.996494668039,"PB_TTM_SQ":2.216353057425,"ROA_SQ":null,"START_DATE":"2020-01-01 00:00:00","FISCAL_YEAR":"12-31","CURRENCY":"HKD","IS_CNY_CODE":0,"DPS_HKD_LY":null,"ORG_TYPE":"一般企业","PREMIUM_INCOME":null,"PREMIUM_INCOME_YOY":null,"NET_INTEREST_INCOME":null,"NET_INTEREST_INCOME_YOY":null,"FEE_COMMISSION_INCOME":null,"FEE_COMMISSION_INCOME_YOY":null,"ACCOUNTS_RECE_TDAYS":346.902084774232,"INVENTORY_TDAYS":4.00211882955,"CURRENT_ASSETS_TDAYS":0.91827130248,"TOTAL_ASSETS_TDAYS":0.874617824458,"PREMIUM_EXPENSE":null,"LOAN_DEPOSIT":null,"LOAN_EQUITY":null,"LOAN_ASSETS":null,"DEPOSIT_EQUITY":null,"DEPOSIT_ASSETS":null,"EQUITY_MULTIPLIER":-1.953756947928,"EQUITY_RATIO":-2.954328330463}],"count":13},"success":true,"message":"ok","code":0}