{"version":"4a1fd5a5624b48297cc47b9bfa8f208f","result":{"pages":2,"data":[{"SECUCODE":"06610.HK","SECURITY_CODE":"06610","SECURITY_NAME_ABBR":"飞天云动","ORG_CODE":"10000381452","STD_REPORT_DATE":"2024-06-30 00:00:00","REPORT_DATE":"2024-06-30 00:00:00","DATE_TYPE_CODE":"002","REPORT_TYPE":"2024年中报","PER_NETCASH_OPERATE":-0.119833701657,"PER_OI":0.247520994475,"BPS":0.829148618785,"BASIC_EPS":0.035,"DILUTED_EPS":null,"OPERATE_INCOME":448013000,"OPERATE_INCOME_YOY":-25.2010164353,"GROSS_PROFIT":125239000,"GROSS_PROFIT_YOY":-36.121779668365,"HOLDER_PROFIT":63473000,"HOLDER_PROFIT_YOY":-45.4319586654,"GROSS_PROFIT_RATIO":27.954322754027,"EPS_TTM":0.116625414365,"OPERATE_INCOME_QOQ":-12.126633797238,"NET_PROFIT_RATIO":14.1676692417,"ROE_AVG":4.302873542375,"GROSS_PROFIT_QOQ":-16.833168139153,"ROA":3.580030948009,"HOLDER_PROFIT_QOQ":-20.022126408475,"ROE_YEARLY":8.605747084749,"ROIC_YEARLY":8.262438143662,"TOTAL_ASSETS":1824673000,"TOTAL_LIABILITIES":321184000,"TAX_EBT":14.726942970377,"OCF_SALES":-48.413550499651,"TOTAL_PARENT_EQUITY":1500759000,"DEBT_ASSET_RATIO":17.6022772299,"OPERATE_PROFIT":77002000,"PRETAX_PROFIT":74435000,"NETCASH_OPERATE":-216899000,"NETCASH_INVEST":-1829000,"NETCASH_FINANCE":20392000,"END_CASH":134973000,"DIVI_RATIO":null,"DIVIDEND_RATE":null,"CURRENT_RATIO":5.176855424133,"COMMON_ACS":5000000000,"CURRENTDEBT_DEBT":98.131911925874,"ISSUED_COMMON_SHARES":1810000000,"HK_COMMON_SHARES":1810000000,"PER_SHARES":1000,"TOTAL_MARKET_CAP":606350000,"HKSK_MARKET_CAP":606350000,"PE_TTM":2.58422509768,"PB_TTM":0.368749091626,"REPORT_DATE_SQ":"2023-06-30 00:00:00","REPORT_TYPE_SQ":"2023年中报","OPERATE_INCOME_SQ":598956000,"DPS_HKD":null,"OPERATE_INCOME_QOQ_SQ":11.802389329151,"NET_PROFIT_RATIO_SQ":19.4197904354,"HOLDER_PROFIT_SQ":116319000,"HOLDER_PROFIT_QOQ_SQ":14.33519468122,"ROE_AVG_SQ":9.196777305144,"PE_TTM_SQ":5.40180317373,"PB_TTM_SQ":1.123684465693,"ROA_SQ":7.351753324814,"START_DATE":"2024-01-01 00:00:00","FISCAL_YEAR":"12-31","CURRENCY":"HKD","IS_CNY_CODE":0,"DPS_HKD_LY":null,"ORG_TYPE":"一般企业","PREMIUM_INCOME":null,"PREMIUM_INCOME_YOY":null,"NET_INTEREST_INCOME":null,"NET_INTEREST_INCOME_YOY":null,"FEE_COMMISSION_INCOME":null,"FEE_COMMISSION_INCOME_YOY":null,"ACCOUNTS_RECE_TDAYS":0.78473077334,"INVENTORY_TDAYS":null,"CURRENT_ASSETS_TDAYS":0.286791184628,"TOTAL_ASSETS_TDAYS":0.252690184033,"PREMIUM_EXPENSE":null,"LOAN_DEPOSIT":null,"LOAN_EQUITY":null,"LOAN_ASSETS":null,"DEPOSIT_EQUITY":null,"DEPOSIT_ASSETS":null,"EQUITY_MULTIPLIER":1.213625773118,"EQUITY_RATIO":0.214014375393},{"SECUCODE":"06610.HK","SECURITY_CODE":"06610","SECURITY_NAME_ABBR":"飞天云动","ORG_CODE":"10000381452","STD_REPORT_DATE":"2023-12-31 00:00:00","REPORT_DATE":"2023-12-31 00:00:00","DATE_TYPE_CODE":"001","REPORT_TYPE":"2023年年报","PER_NETCASH_OPERATE":-0.029067403315,"PER_OI":0.687692265193,"BPS":0.800829834254,"BASIC_EPS":0.146,"DILUTED_EPS":0.146,"OPERATE_INCOME":1244723000,"OPERATE_INCOME_YOY":16.7485651738,"GROSS_PROFIT":420717000,"GROSS_PROFIT_YOY":12.492680383428,"HOLDER_PROFIT":263938000,"HOLDER_PROFIT_YOY":11.4857273196,"GROSS_PROFIT_RATIO":33.800050292314,"EPS_TTM":0.145822099448,"OPERATE_INCOME_QOQ":4.424034114409,"NET_PROFIT_RATIO":21.204316141,"ROE_AVG":19.754551911664,"GROSS_PROFIT_QOQ":-0.380041769077,"ROA":16.248717958189,"HOLDER_PROFIT_QOQ":-2.492204932689,"ROE_YEARLY":19.754551911664,"ROIC_YEARLY":21.063711946728,"TOTAL_ASSETS":1721274000,"TOTAL_LIABILITIES":269042000,"TAX_EBT":2.84756194073,"OCF_SALES":-4.22680387524,"TOTAL_PARENT_EQUITY":1449502000,"DEBT_ASSET_RATIO":15.6303993437,"OPERATE_PROFIT":276499000,"PRETAX_PROFIT":271671000,"NETCASH_OPERATE":-52612000,"NETCASH_INVEST":-18797000,"NETCASH_FINANCE":458000,"END_CASH":332668000,"DIVI_RATIO":null,"DIVIDEND_RATE":null,"CURRENT_RATIO":5.566651251949,"COMMON_ACS":5000000000,"CURRENTDEBT_DEBT":99.665479739223,"ISSUED_COMMON_SHARES":1810000000,"HK_COMMON_SHARES":1810000000,"PER_SHARES":1000,"TOTAL_MARKET_CAP":570150000,"HKSK_MARKET_CAP":570150000,"PE_TTM":2.429943002296,"PB_TTM":0.346734220484,"REPORT_DATE_SQ":"2022-12-31 00:00:00","REPORT_TYPE_SQ":"2022年年报","OPERATE_INCOME_SQ":1066157000,"DPS_HKD":null,"OPERATE_INCOME_QOQ_SQ":34.823294945124,"NET_PROFIT_RATIO_SQ":22.1911969813,"HOLDER_PROFIT_SQ":236746000,"HOLDER_PROFIT_QOQ_SQ":98.06739843384,"ROE_AVG_SQ":28.4148165218,"PE_TTM_SQ":10.619453966537,"PB_TTM_SQ":2.209061506418,"ROA_SQ":22.43012082152,"START_DATE":"2023-01-01 00:00:00","FISCAL_YEAR":"12-31","CURRENCY":"HKD","IS_CNY_CODE":0,"DPS_HKD_LY":null,"ORG_TYPE":"一般企业","PREMIUM_INCOME":null,"PREMIUM_INCOME_YOY":null,"NET_INTEREST_INCOME":null,"NET_INTEREST_INCOME_YOY":null,"FEE_COMMISSION_INCOME":null,"FEE_COMMISSION_INCOME_YOY":null,"ACCOUNTS_RECE_TDAYS":2.612083311474,"INVENTORY_TDAYS":null,"CURRENT_ASSETS_TDAYS":0.898301867729,"TOTAL_ASSETS_TDAYS":0.766284239597,"PREMIUM_EXPENSE":null,"LOAN_DEPOSIT":null,"LOAN_EQUITY":null,"LOAN_ASSETS":null,"DEPOSIT_EQUITY":null,"DEPOSIT_ASSETS":null,"EQUITY_MULTIPLIER":1.185261032672,"EQUITY_RATIO":0.185609954315},{"SECUCODE":"06610.HK","SECURITY_CODE":"06610","SECURITY_NAME_ABBR":"飞天云动","ORG_CODE":"10000381452","STD_REPORT_DATE":"2023-06-30 00:00:00","REPORT_DATE":"2023-06-30 00:00:00","DATE_TYPE_CODE":"002","REPORT_TYPE":"2023年中报","PER_NETCASH_OPERATE":-0.025134254144,"PER_OI":0.330914917127,"BPS":0.722037569061,"BASIC_EPS":0.064,"DILUTED_EPS":null,"OPERATE_INCOME":598956000,"OPERATE_INCOME_YOY":26.5959875212,"GROSS_PROFIT":196059000,"GROSS_PROFIT_YOY":32.71261473479,"HOLDER_PROFIT":116319000,"HOLDER_PROFIT_YOY":41.196392372,"GROSS_PROFIT_RATIO":32.733456213812,"EPS_TTM":0.149549171271,"OPERATE_INCOME_QOQ":11.802389329151,"NET_PROFIT_RATIO":19.4197904354,"ROE_AVG":9.196777305144,"GROSS_PROFIT_QOQ":12.921830505755,"ROA":7.351753324814,"HOLDER_PROFIT_QOQ":14.33519468122,"ROE_YEARLY":18.393554610288,"ROIC_YEARLY":19.565162542618,"TOTAL_ASSETS":1636938000,"TOTAL_LIABILITIES":327320000,"TAX_EBT":5.10780978487,"OCF_SALES":-7.595382632447,"TOTAL_PARENT_EQUITY":1306888000,"DEBT_ASSET_RATIO":19.9958703384,"OPERATE_PROFIT":124679000,"PRETAX_PROFIT":122577000,"NETCASH_OPERATE":-45493000,"NETCASH_INVEST":1259000,"NETCASH_FINANCE":17127000,"END_CASH":376340000,"DIVI_RATIO":null,"DIVIDEND_RATE":null,"CURRENT_RATIO":4.280868147957,"COMMON_ACS":5000000000,"CURRENTDEBT_DEBT":99.534706098008,"ISSUED_COMMON_SHARES":1810000000,"HK_COMMON_SHARES":1810000000,"PER_SHARES":1000,"TOTAL_MARKET_CAP":742100000,"HKSK_MARKET_CAP":742100000,"PE_TTM":3.16278295537,"PB_TTM":0.451304858408,"REPORT_DATE_SQ":"2022-06-30 00:00:00","REPORT_TYPE_SQ":"2022年中报","OPERATE_INCOME_SQ":473124000,"DPS_HKD":null,"OPERATE_INCOME_QOQ_SQ":15.373426124509,"NET_PROFIT_RATIO_SQ":17.381489842,"HOLDER_PROFIT_SQ":82381000,"HOLDER_PROFIT_QOQ_SQ":19.719551282051,"ROE_AVG_SQ":null,"PE_TTM_SQ":11.110526982331,"PB_TTM_SQ":2.311214639663,"ROA_SQ":null,"START_DATE":"2023-01-01 00:00:00","FISCAL_YEAR":"12-31","CURRENCY":"HKD","IS_CNY_CODE":0,"DPS_HKD_LY":null,"ORG_TYPE":"一般企业","PREMIUM_INCOME":null,"PREMIUM_INCOME_YOY":null,"NET_INTEREST_INCOME":null,"NET_INTEREST_INCOME_YOY":null,"FEE_COMMISSION_INCOME":null,"FEE_COMMISSION_INCOME_YOY":null,"ACCOUNTS_RECE_TDAYS":1.309206320062,"INVENTORY_TDAYS":null,"CURRENT_ASSETS_TDAYS":0.448098825394,"TOTAL_ASSETS_TDAYS":0.378560404097,"PREMIUM_EXPENSE":null,"LOAN_DEPOSIT":null,"LOAN_EQUITY":null,"LOAN_ASSETS":null,"DEPOSIT_EQUITY":null,"DEPOSIT_ASSETS":null,"EQUITY_MULTIPLIER":1.249935477368,"EQUITY_RATIO":0.250457575554},{"SECUCODE":"06610.HK","SECURITY_CODE":"06610","SECURITY_NAME_ABBR":"飞天云动","ORG_CODE":"10000381452","STD_REPORT_DATE":"2022-12-31 00:00:00","REPORT_DATE":"2022-12-31 00:00:00","DATE_TYPE_CODE":"001","REPORT_TYPE":"2022年年报","PER_NETCASH_OPERATE":-0.085908839779,"PER_OI":0.589037016575,"BPS":0.675509392265,"BASIC_EPS":0.148,"DILUTED_EPS":0.148,"OPERATE_INCOME":1066157000,"OPERATE_INCOME_YOY":79.0987585883,"GROSS_PROFIT":373995000,"GROSS_PROFIT_YOY":113.083137719638,"HOLDER_PROFIT":236746000,"HOLDER_PROFIT_YOY":237.2354063987,"GROSS_PROFIT_RATIO":35.078792335463,"EPS_TTM":0.130798895028,"OPERATE_INCOME_QOQ":34.823294945124,"NET_PROFIT_RATIO":22.1911969813,"ROE_AVG":28.4148165218,"GROSS_PROFIT_QOQ":55.936507142321,"ROA":22.43012082152,"HOLDER_PROFIT_QOQ":98.06739843384,"ROE_YEARLY":28.4148165218,"ROIC_YEARLY":31.851394421775,"TOTAL_ASSETS":1527450000,"TOTAL_LIABILITIES":302045000,"TAX_EBT":4.269171009614,"OCF_SALES":-14.584624966117,"TOTAL_PARENT_EQUITY":1222672000,"DEBT_ASSET_RATIO":19.7744607025,"OPERATE_PROFIT":250401000,"PRETAX_PROFIT":247144000,"NETCASH_OPERATE":-155495000,"NETCASH_INVEST":-224011000,"NETCASH_FINANCE":574256000,"END_CASH":404501000,"DIVI_RATIO":null,"DIVIDEND_RATE":null,"CURRENT_RATIO":4.254644372348,"COMMON_ACS":5000000000,"CURRENTDEBT_DEBT":99.496763727259,"ISSUED_COMMON_SHARES":1810000000,"HK_COMMON_SHARES":1810000000,"PER_SHARES":1000,"TOTAL_MARKET_CAP":742100000,"HKSK_MARKET_CAP":742100000,"PE_TTM":3.16278295537,"PB_TTM":0.451304858408,"REPORT_DATE_SQ":"2021-12-31 00:00:00","REPORT_TYPE_SQ":"2021年年报","OPERATE_INCOME_SQ":595290000,"DPS_HKD":null,"OPERATE_INCOME_QOQ_SQ":20.102895188137,"NET_PROFIT_RATIO_SQ":12.0477414369,"HOLDER_PROFIT_SQ":70202000,"HOLDER_PROFIT_QOQ_SQ":-8.553042934556,"ROE_AVG_SQ":22.582720529103,"PE_TTM_SQ":11.110526982331,"PB_TTM_SQ":2.311214639663,"ROA_SQ":14.413493273382,"START_DATE":"2022-01-01 00:00:00","FISCAL_YEAR":"12-31","CURRENCY":"HKD","IS_CNY_CODE":0,"DPS_HKD_LY":null,"ORG_TYPE":"一般企业","PREMIUM_INCOME":null,"PREMIUM_INCOME_YOY":null,"NET_INTEREST_INCOME":null,"NET_INTEREST_INCOME_YOY":null,"FEE_COMMISSION_INCOME":null,"FEE_COMMISSION_INCOME_YOY":null,"ACCOUNTS_RECE_TDAYS":3.853150100742,"INVENTORY_TDAYS":null,"CURRENT_ASSETS_TDAYS":1.170375420027,"TOTAL_ASSETS_TDAYS":1.010113384163,"PREMIUM_EXPENSE":null,"LOAN_DEPOSIT":null,"LOAN_EQUITY":null,"LOAN_ASSETS":null,"DEPOSIT_EQUITY":null,"DEPOSIT_ASSETS":null,"EQUITY_MULTIPLIER":1.246485855697,"EQUITY_RATIO":0.247036817724},{"SECUCODE":"06610.HK","SECURITY_CODE":"06610","SECURITY_NAME_ABBR":"飞天云动","ORG_CODE":"10000381452","STD_REPORT_DATE":"2022-06-30 00:00:00","REPORT_DATE":"2022-06-30 00:00:00","DATE_TYPE_CODE":"002","REPORT_TYPE":"2022年中报","PER_NETCASH_OPERATE":null,"PER_OI":null,"BPS":null,"BASIC_EPS":0.054,"DILUTED_EPS":null,"OPERATE_INCOME":473124000,"OPERATE_INCOME_YOY":70.4134594951,"GROSS_PROFIT":147732000,"GROSS_PROFIT_YOY":77.11545378252,"HOLDER_PROFIT":82381000,"HOLDER_PROFIT_YOY":149.2240205718,"GROSS_PROFIT_RATIO":31.224795191113,"EPS_TTM":null,"OPERATE_INCOME_QOQ":15.373426124509,"NET_PROFIT_RATIO":17.381489842,"ROE_AVG":null,"GROSS_PROFIT_QOQ":13.391611863101,"ROA":null,"HOLDER_PROFIT_QOQ":19.719551282051,"ROE_YEARLY":null,"ROIC_YEARLY":null,"TOTAL_ASSETS":null,"TOTAL_LIABILITIES":null,"TAX_EBT":22.855534709193,"OCF_SALES":-13.0128676626,"TOTAL_PARENT_EQUITY":null,"DEBT_ASSET_RATIO":null,"OPERATE_PROFIT":107947000,"PRETAX_PROFIT":106600000,"NETCASH_OPERATE":-61567000,"NETCASH_INVEST":-39889000,"NETCASH_FINANCE":29134000,"END_CASH":142067000,"DIVI_RATIO":null,"DIVIDEND_RATE":null,"CURRENT_RATIO":null,"COMMON_ACS":5000000000,"CURRENTDEBT_DEBT":null,"ISSUED_COMMON_SHARES":1810000000,"HK_COMMON_SHARES":1810000000,"PER_SHARES":1000,"TOTAL_MARKET_CAP":742100000,"HKSK_MARKET_CAP":742100000,"PE_TTM":3.16278295537,"PB_TTM":0.451304858408,"REPORT_DATE_SQ":"2021-06-30 00:00:00","REPORT_TYPE_SQ":"2021年中报","OPERATE_INCOME_SQ":277633000,"DPS_HKD":null,"OPERATE_INCOME_QOQ_SQ":46.383026479778,"NET_PROFIT_RATIO_SQ":12.2240511755,"HOLDER_PROFIT_SQ":33055000,"HOLDER_PROFIT_QOQ_SQ":30.373792096191,"ROE_AVG_SQ":17.703356969944,"PE_TTM_SQ":11.110526982331,"PB_TTM_SQ":2.311214639663,"ROA_SQ":7.562680101263,"START_DATE":"2022-01-01 00:00:00","FISCAL_YEAR":"12-31","CURRENCY":"HKD","IS_CNY_CODE":0,"DPS_HKD_LY":null,"ORG_TYPE":"一般企业","PREMIUM_INCOME":null,"PREMIUM_INCOME_YOY":null,"NET_INTEREST_INCOME":null,"NET_INTEREST_INCOME_YOY":null,"FEE_COMMISSION_INCOME":null,"FEE_COMMISSION_INCOME_YOY":null,"ACCOUNTS_RECE_TDAYS":null,"INVENTORY_TDAYS":null,"CURRENT_ASSETS_TDAYS":1.741734909687,"TOTAL_ASSETS_TDAYS":1.621634405285,"PREMIUM_EXPENSE":null,"LOAN_DEPOSIT":null,"LOAN_EQUITY":null,"LOAN_ASSETS":null,"DEPOSIT_EQUITY":null,"DEPOSIT_ASSETS":null,"EQUITY_MULTIPLIER":null,"EQUITY_RATIO":null},{"SECUCODE":"06610.HK","SECURITY_CODE":"06610","SECURITY_NAME_ABBR":"飞天云动","ORG_CODE":"10000381452","STD_REPORT_DATE":"2022-03-31 00:00:00","REPORT_DATE":"2022-03-31 00:00:00","DATE_TYPE_CODE":"003","REPORT_TYPE":"2022年一季报","PER_NETCASH_OPERATE":-0.114312944286,"PER_OI":2.075580265429,"BPS":0.266277348066,"BASIC_EPS":0.025,"DILUTED_EPS":null,"OPERATE_INCOME":228869000,"OPERATE_INCOME_YOY":64.9518194726,"GROSS_PROFIT":73283000,"GROSS_PROFIT_YOY":96.542938368288,"HOLDER_PROFIT":38278000,"HOLDER_PROFIT_YOY":343.0324074074,"GROSS_PROFIT_RATIO":32.019626948167,"EPS_TTM":0.905434697143,"OPERATE_INCOME_QOQ":15.138839893161,"NET_PROFIT_RATIO":16.6929553587,"ROE_AVG":8.270548352178,"GROSS_PROFIT_QOQ":20.509241322728,"ROA":6.102481773702,"HOLDER_PROFIT_QOQ":42.218170422495,"ROE_YEARLY":33.082193408711,"ROIC_YEARLY":36.620334771165,"TOTAL_ASSETS":670991000,"TOTAL_LIABILITIES":186216000,"TAX_EBT":21.75435722039,"OCF_SALES":-5.507517400784,"TOTAL_PARENT_EQUITY":481962000,"DEBT_ASSET_RATIO":27.7523841601,"OPERATE_PROFIT":49379000,"PRETAX_PROFIT":48827000,"NETCASH_OPERATE":-12605000,"NETCASH_INVEST":-16095000,"NETCASH_FINANCE":12756000,"END_CASH":198315000,"DIVI_RATIO":null,"DIVIDEND_RATE":null,"CURRENT_RATIO":3.281399425771,"COMMON_ACS":5000000000,"CURRENTDEBT_DEBT":98.942625767925,"ISSUED_COMMON_SHARES":1810000000,"HK_COMMON_SHARES":1810000000,"PER_SHARES":1000,"TOTAL_MARKET_CAP":742100000,"HKSK_MARKET_CAP":742100000,"PE_TTM":3.16278295537,"PB_TTM":0.451304858408,"REPORT_DATE_SQ":"2021-03-31 00:00:00","REPORT_TYPE_SQ":"2021年一季报","OPERATE_INCOME_SQ":138749000,"DPS_HKD":null,"OPERATE_INCOME_QOQ_SQ":0,"NET_PROFIT_RATIO_SQ":6.6205882565,"HOLDER_PROFIT_SQ":8640000,"HOLDER_PROFIT_QOQ_SQ":0,"ROE_AVG_SQ":null,"PE_TTM_SQ":11.110526982331,"PB_TTM_SQ":2.311214639663,"ROA_SQ":null,"START_DATE":"2022-01-01 00:00:00","FISCAL_YEAR":"12-31","CURRENCY":"HKD","IS_CNY_CODE":0,"DPS_HKD_LY":null,"ORG_TYPE":"一般企业","PREMIUM_INCOME":null,"PREMIUM_INCOME_YOY":null,"NET_INTEREST_INCOME":null,"NET_INTEREST_INCOME_YOY":null,"FEE_COMMISSION_INCOME":null,"FEE_COMMISSION_INCOME_YOY":null,"ACCOUNTS_RECE_TDAYS":1.238090086094,"INVENTORY_TDAYS":null,"CURRENT_ASSETS_TDAYS":0.39877268011,"TOTAL_ASSETS_TDAYS":0.364875098246,"PREMIUM_EXPENSE":null,"LOAN_DEPOSIT":null,"LOAN_EQUITY":null,"LOAN_ASSETS":null,"DEPOSIT_EQUITY":null,"DEPOSIT_ASSETS":null,"EQUITY_MULTIPLIER":1.384128719508,"EQUITY_RATIO":0.386370709724},{"SECUCODE":"06610.HK","SECURITY_CODE":"06610","SECURITY_NAME_ABBR":"飞天云动","ORG_CODE":"10000381452","STD_REPORT_DATE":"2021-12-31 00:00:00","REPORT_DATE":"2021-12-31 00:00:00","DATE_TYPE_CODE":"001","REPORT_TYPE":"2021年年报","PER_NETCASH_OPERATE":0.223012877857,"PER_OI":5.421986361429,"BPS":0.245129281768,"BASIC_EPS":0.052,"DILUTED_EPS":0.052,"OPERATE_INCOME":595290000,"OPERATE_INCOME_YOY":75.8102528662,"GROSS_PROFIT":175516000,"GROSS_PROFIT_YOY":67.63065403423,"HOLDER_PROFIT":70202000,"HOLDER_PROFIT_YOY":19.2228656828,"GROSS_PROFIT_RATIO":29.484116984999,"EPS_TTM":0.639409844857,"OPERATE_INCOME_QOQ":20.102895188137,"NET_PROFIT_RATIO":12.0477414369,"ROE_AVG":22.582720529103,"GROSS_PROFIT_QOQ":12.951927408456,"ROA":14.413493273382,"HOLDER_PROFIT_QOQ":-8.553042934556,"ROE_YEARLY":22.582720529103,"ROIC_YEARLY":21.548765739053,"TOTAL_ASSETS":583515000,"TOTAL_LIABILITIES":136945000,"TAX_EBT":17.698698675725,"OCF_SALES":4.11312133582,"TOTAL_PARENT_EQUITY":443684000,"DEBT_ASSET_RATIO":23.4689768044,"OPERATE_PROFIT":89499000,"PRETAX_PROFIT":87142000,"NETCASH_OPERATE":24485000,"NETCASH_INVEST":-16898000,"NETCASH_FINANCE":102680000,"END_CASH":214279000,"DIVI_RATIO":null,"DIVIDEND_RATE":null,"CURRENT_RATIO":4.048248522738,"COMMON_ACS":5000000000,"CURRENTDEBT_DEBT":97.996275877177,"ISSUED_COMMON_SHARES":1810000000,"HK_COMMON_SHARES":1810000000,"PER_SHARES":1000,"TOTAL_MARKET_CAP":742100000,"HKSK_MARKET_CAP":742100000,"PE_TTM":3.16278295537,"PB_TTM":0.451304858408,"REPORT_DATE_SQ":"2020-12-31 00:00:00","REPORT_TYPE_SQ":"2020年年报","OPERATE_INCOME_SQ":338598000,"DPS_HKD":null,"OPERATE_INCOME_QOQ_SQ":34.930780817878,"NET_PROFIT_RATIO_SQ":17.7945528326,"HOLDER_PROFIT_SQ":58883000,"HOLDER_PROFIT_QOQ_SQ":40.602688698393,"ROE_AVG_SQ":39.623435044901,"PE_TTM_SQ":11.110526982331,"PB_TTM_SQ":2.311214639663,"ROA_SQ":19.382829228792,"START_DATE":"2021-01-01 00:00:00","FISCAL_YEAR":"12-31","CURRENCY":"HKD","IS_CNY_CODE":0,"DPS_HKD_LY":null,"ORG_TYPE":"一般企业","PREMIUM_INCOME":null,"PREMIUM_INCOME_YOY":null,"NET_INTEREST_INCOME":null,"NET_INTEREST_INCOME_YOY":null,"FEE_COMMISSION_INCOME":null,"FEE_COMMISSION_INCOME_YOY":null,"ACCOUNTS_RECE_TDAYS":3.886757835837,"INVENTORY_TDAYS":null,"CURRENT_ASSETS_TDAYS":1.314700913217,"TOTAL_ASSETS_TDAYS":1.222217089358,"PREMIUM_EXPENSE":null,"LOAN_DEPOSIT":null,"LOAN_EQUITY":null,"LOAN_ASSETS":null,"DEPOSIT_EQUITY":null,"DEPOSIT_ASSETS":null,"EQUITY_MULTIPLIER":1.306659650223,"EQUITY_RATIO":0.308654357606},{"SECUCODE":"06610.HK","SECURITY_CODE":"06610","SECURITY_NAME_ABBR":"飞天云动","ORG_CODE":"10000381452","STD_REPORT_DATE":"2021-06-30 00:00:00","REPORT_DATE":"2021-06-30 00:00:00","DATE_TYPE_CODE":"002","REPORT_TYPE":"2021年中报","PER_NETCASH_OPERATE":0.000064175269,"PER_OI":0.002037878586,"BPS":0.107946961326,"BASIC_EPS":null,"DILUTED_EPS":null,"OPERATE_INCOME":277633000,"OPERATE_INCOME_YOY":130.246058666,"GROSS_PROFIT":83410000,"GROSS_PROFIT_YOY":154.889377826672,"HOLDER_PROFIT":33055000,"HOLDER_PROFIT_YOY":117.8971654581,"GROSS_PROFIT_RATIO":30.043258546354,"EPS_TTM":0.0005634916,"OPERATE_INCOME_QOQ":46.383026479778,"NET_PROFIT_RATIO":12.2240511755,"ROE_AVG":17.703356969944,"GROSS_PROFIT_QOQ":48.408847799511,"ROA":7.562680101263,"HOLDER_PROFIT_QOQ":30.373792096191,"ROE_YEARLY":35.406713939887,"ROIC_YEARLY":22.680334561523,"TOTAL_ASSETS":483561000,"TOTAL_LIABILITIES":285925000,"TAX_EBT":20.812917074992,"OCF_SALES":3.149121322033,"TOTAL_PARENT_EQUITY":195384000,"DEBT_ASSET_RATIO":59.1290447327,"OPERATE_PROFIT":43971000,"PRETAX_PROFIT":42858000,"NETCASH_OPERATE":8743000,"NETCASH_INVEST":-66750000,"NETCASH_FINANCE":87298000,"END_CASH":133308000,"DIVI_RATIO":null,"DIVIDEND_RATE":null,"CURRENT_RATIO":1.553820923496,"COMMON_ACS":5000000000,"CURRENTDEBT_DEBT":98.526536679199,"ISSUED_COMMON_SHARES":1810000000,"HK_COMMON_SHARES":1810000000,"PER_SHARES":1000,"TOTAL_MARKET_CAP":742100000,"HKSK_MARKET_CAP":742100000,"PE_TTM":3.16278295537,"PB_TTM":0.451304858408,"REPORT_DATE_SQ":"2020-06-30 00:00:00","REPORT_TYPE_SQ":"2020年中报","OPERATE_INCOME_SQ":120581000,"DPS_HKD":null,"OPERATE_INCOME_QOQ_SQ":0,"NET_PROFIT_RATIO_SQ":12.7988654929,"HOLDER_PROFIT_SQ":15170000,"HOLDER_PROFIT_QOQ_SQ":0,"ROE_AVG_SQ":null,"PE_TTM_SQ":11.171911109305,"PB_TTM_SQ":2.323983781319,"ROA_SQ":null,"START_DATE":"2021-01-01 00:00:00","FISCAL_YEAR":"12-31","CURRENCY":"HKD","IS_CNY_CODE":0,"DPS_HKD_LY":null,"ORG_TYPE":"一般企业","PREMIUM_INCOME":null,"PREMIUM_INCOME_YOY":null,"NET_INTEREST_INCOME":null,"NET_INTEREST_INCOME_YOY":null,"FEE_COMMISSION_INCOME":null,"FEE_COMMISSION_INCOME_YOY":null,"ACCOUNTS_RECE_TDAYS":1.957691805961,"INVENTORY_TDAYS":null,"CURRENT_ASSETS_TDAYS":0.694046930095,"TOTAL_ASSETS_TDAYS":0.635198779172,"PREMIUM_EXPENSE":null,"LOAN_DEPOSIT":null,"LOAN_EQUITY":null,"LOAN_ASSETS":null,"DEPOSIT_EQUITY":null,"DEPOSIT_ASSETS":null,"EQUITY_MULTIPLIER":2.446725292961,"EQUITY_RATIO":1.463400278426},{"SECUCODE":"06610.HK","SECURITY_CODE":"06610","SECURITY_NAME_ABBR":"飞天云动","ORG_CODE":"10000381452","STD_REPORT_DATE":"2021-03-31 00:00:00","REPORT_DATE":"2021-03-31 00:00:00","DATE_TYPE_CODE":"003","REPORT_TYPE":"2021年一季报","PER_NETCASH_OPERATE":null,"PER_OI":null,"BPS":null,"BASIC_EPS":0.007,"DILUTED_EPS":0.007,"OPERATE_INCOME":138749000,"OPERATE_INCOME_YOY":null,"GROSS_PROFIT":37286000,"GROSS_PROFIT_YOY":null,"HOLDER_PROFIT":8640000,"HOLDER_PROFIT_YOY":null,"GROSS_PROFIT_RATIO":26.872986471975,"EPS_TTM":0.000424021285,"OPERATE_INCOME_QOQ":0,"NET_PROFIT_RATIO":6.6205882565,"ROE_AVG":null,"GROSS_PROFIT_QOQ":0,"ROA":null,"HOLDER_PROFIT_QOQ":0,"ROE_YEARLY":null,"ROIC_YEARLY":null,"TOTAL_ASSETS":null,"TOTAL_LIABILITIES":null,"TAX_EBT":23.264556010358,"OCF_SALES":-7.989246769346,"TOTAL_PARENT_EQUITY":null,"DEBT_ASSET_RATIO":null,"OPERATE_PROFIT":12474000,"PRETAX_PROFIT":11971000,"NETCASH_OPERATE":-11085000,"NETCASH_INVEST":-50190000,"NETCASH_FINANCE":21471000,"END_CASH":64213000,"DIVI_RATIO":null,"DIVIDEND_RATE":null,"CURRENT_RATIO":null,"COMMON_ACS":5000000000,"CURRENTDEBT_DEBT":null,"ISSUED_COMMON_SHARES":1810000000,"HK_COMMON_SHARES":1810000000,"PER_SHARES":1000,"TOTAL_MARKET_CAP":742100000,"HKSK_MARKET_CAP":742100000,"PE_TTM":3.16278295537,"PB_TTM":0.451304858408,"REPORT_DATE_SQ":"2020-03-31 00:00:00","REPORT_TYPE_SQ":"2020年一季报","OPERATE_INCOME_SQ":null,"DPS_HKD":null,"OPERATE_INCOME_QOQ_SQ":0,"NET_PROFIT_RATIO_SQ":null,"HOLDER_PROFIT_SQ":null,"HOLDER_PROFIT_QOQ_SQ":0,"ROE_AVG_SQ":null,"PE_TTM_SQ":11.171911109305,"PB_TTM_SQ":2.323983781319,"ROA_SQ":null,"START_DATE":"2021-01-01 00:00:00","FISCAL_YEAR":"12-31","CURRENCY":"HKD","IS_CNY_CODE":0,"DPS_HKD_LY":null,"ORG_TYPE":"一般企业","PREMIUM_INCOME":null,"PREMIUM_INCOME_YOY":null,"NET_INTEREST_INCOME":null,"NET_INTEREST_INCOME_YOY":null,"FEE_COMMISSION_INCOME":null,"FEE_COMMISSION_INCOME_YOY":null,"ACCOUNTS_RECE_TDAYS":null,"INVENTORY_TDAYS":null,"CURRENT_ASSETS_TDAYS":0.765911054315,"TOTAL_ASSETS_TDAYS":0.710440348182,"PREMIUM_EXPENSE":null,"LOAN_DEPOSIT":null,"LOAN_EQUITY":null,"LOAN_ASSETS":null,"DEPOSIT_EQUITY":null,"DEPOSIT_ASSETS":null,"EQUITY_MULTIPLIER":null,"EQUITY_RATIO":null}],"count":13},"success":true,"message":"ok","code":0}