{"version":"8e1bebeb1ab20d9878207ef1e0aece70","result":{"pages":2,"data":[{"SECUCODE":"06626.HK","SECURITY_CODE":"06626","SECURITY_NAME_ABBR":"越秀服务","ORG_CODE":"10000173765","STD_REPORT_DATE":"2024-06-30 00:00:00","REPORT_DATE":"2024-06-30 00:00:00","DATE_TYPE_CODE":"002","REPORT_TYPE":"2024年中报","PER_NETCASH_OPERATE":0.137464947518,"PER_OI":1.288360061875,"BPS":2.387497918242,"BASIC_EPS":0.18,"DILUTED_EPS":0.18,"OPERATE_INCOME":1960175000,"OPERATE_INCOME_YOY":29.6544092454,"GROSS_PROFIT":507362000,"GROSS_PROFIT_YOY":19.389968985462,"HOLDER_PROFIT":277675000,"HOLDER_PROFIT_YOY":12.1054055254,"GROSS_PROFIT_RATIO":25.883505299272,"EPS_TTM":0.339810121765,"OPERATE_INCOME_QOQ":13.907578131616,"NET_PROFIT_RATIO":14.6651191858,"ROE_AVG":7.880353152205,"GROSS_PROFIT_QOQ":9.619122441856,"ROA":4.14070447076,"HOLDER_PROFIT_QOQ":6.156626011252,"ROE_YEARLY":15.76070630441,"ROIC_YEARLY":22.853862440612,"TOTAL_ASSETS":7004825000,"TOTAL_LIABILITIES":3216470000,"TAX_EBT":27.102637838606,"OCF_SALES":10.669761628426,"TOTAL_PARENT_EQUITY":3602693000,"DEBT_ASSET_RATIO":45.9179208617,"OPERATE_PROFIT":396899000,"PRETAX_PROFIT":394338000,"NETCASH_OPERATE":209146000,"NETCASH_INVEST":-2129485000,"NETCASH_FINANCE":-41928000,"END_CASH":2733155000,"DIVI_RATIO":0.500600568096,"DIVIDEND_RATE":6.032258064516,"CURRENT_RATIO":1.650470429687,"COMMON_ACS":null,"CURRENTDEBT_DEBT":94.331394354681,"ISSUED_COMMON_SHARES":1508982677,"HK_COMMON_SHARES":1508982677,"PER_SHARES":500,"TOTAL_MARKET_CAP":4677846298.7,"HKSK_MARKET_CAP":4677846298.7,"PE_TTM":8.163647256964,"PB_TTM":1.185051504499,"REPORT_DATE_SQ":"2023-06-30 00:00:00","REPORT_TYPE_SQ":"2023年中报","OPERATE_INCOME_SQ":1511846000,"DPS_HKD":0.187,"OPERATE_INCOME_QOQ_SQ":16.969960240608,"NET_PROFIT_RATIO_SQ":16.9626403747,"HOLDER_PROFIT_SQ":247691000,"HOLDER_PROFIT_QOQ_SQ":8.865918927947,"ROE_AVG_SQ":7.563220222899,"PE_TTM_SQ":8.016074285522,"PB_TTM_SQ":1.083886252274,"ROA_SQ":3.999463274163,"START_DATE":"2024-01-01 00:00:00","FISCAL_YEAR":"12-31","CURRENCY":"HKD","IS_CNY_CODE":0,"DPS_HKD_LY":0.187,"ORG_TYPE":"一般企业","PREMIUM_INCOME":null,"PREMIUM_INCOME_YOY":null,"NET_INTEREST_INCOME":null,"NET_INTEREST_INCOME_YOY":null,"FEE_COMMISSION_INCOME":null,"FEE_COMMISSION_INCOME_YOY":null,"ACCOUNTS_RECE_TDAYS":2.93737285945,"INVENTORY_TDAYS":168.198321273517,"CURRENT_ASSETS_TDAYS":0.360276285185,"TOTAL_ASSETS_TDAYS":0.292302345763,"PREMIUM_EXPENSE":null,"LOAN_DEPOSIT":null,"LOAN_EQUITY":null,"LOAN_ASSETS":null,"DEPOSIT_EQUITY":null,"DEPOSIT_ASSETS":null,"EQUITY_MULTIPLIER":1.849041338523,"EQUITY_RATIO":0.89279602786},{"SECUCODE":"06626.HK","SECURITY_CODE":"06626","SECURITY_NAME_ABBR":"越秀服务","ORG_CODE":"10000173765","STD_REPORT_DATE":"2023-12-31 00:00:00","REPORT_DATE":"2023-12-31 00:00:00","DATE_TYPE_CODE":"001","REPORT_TYPE":"2023年年报","PER_NETCASH_OPERATE":0.456632864777,"PER_OI":2.117981002423,"BPS":2.282716728629,"BASIC_EPS":0.32,"DILUTED_EPS":0.32,"OPERATE_INCOME":3223631000,"OPERATE_INCOME_YOY":29.6607077856,"GROSS_PROFIT":856627000,"GROSS_PROFIT_YOY":26.078202522368,"HOLDER_PROFIT":487020000,"HOLDER_PROFIT_YOY":17.0442611013,"GROSS_PROFIT_RATIO":26.573357806771,"EPS_TTM":0.319980515078,"OPERATE_INCOME_QOQ":10.84957840359,"NET_PROFIT_RATIO":15.5067996306,"ROE_AVG":14.609551764661,"GROSS_PROFIT_QOQ":12.844741279376,"ROA":7.88377813337,"HOLDER_PROFIT_QOQ":7.512307114947,"ROE_YEARLY":14.609551764661,"ROIC_YEARLY":33.069882891927,"TOTAL_ASSETS":6407144000,"TOTAL_LIABILITIES":2786689000,"TAX_EBT":27.252009046165,"OCF_SALES":21.559818726151,"TOTAL_PARENT_EQUITY":3444580000,"DEBT_ASSET_RATIO":43.4934660435,"OPERATE_PROFIT":584951000,"PRETAX_PROFIT":687142000,"NETCASH_OPERATE":695009000,"NETCASH_INVEST":-28225000,"NETCASH_FINANCE":-327288000,"END_CASH":4695204000,"DIVI_RATIO":0.531623433254,"DIVIDEND_RATE":6.051779935275,"CURRENT_RATIO":2.203802227158,"COMMON_ACS":null,"CURRENTDEBT_DEBT":95.643252619865,"ISSUED_COMMON_SHARES":1508982677,"HK_COMMON_SHARES":1508982677,"PER_SHARES":500,"TOTAL_MARKET_CAP":4662756471.93,"HKSK_MARKET_CAP":4662756471.93,"PE_TTM":8.137312910973,"PB_TTM":1.18122875771,"REPORT_DATE_SQ":"2022-12-31 00:00:00","REPORT_TYPE_SQ":"2022年年报","OPERATE_INCOME_SQ":2486205000,"DPS_HKD":0.187,"OPERATE_INCOME_QOQ_SQ":21.270543199435,"NET_PROFIT_RATIO_SQ":17.0709173218,"HOLDER_PROFIT_SQ":416099000,"HOLDER_PROFIT_QOQ_SQ":5.973334691643,"ROE_AVG_SQ":13.522145531913,"PE_TTM_SQ":7.579400978139,"PB_TTM_SQ":1.024841864991,"ROA_SQ":7.511290881892,"START_DATE":"2023-01-01 00:00:00","FISCAL_YEAR":"12-31","CURRENCY":"HKD","IS_CNY_CODE":0,"DPS_HKD_LY":0.198,"ORG_TYPE":"一般企业","PREMIUM_INCOME":null,"PREMIUM_INCOME_YOY":null,"NET_INTEREST_INCOME":null,"NET_INTEREST_INCOME_YOY":null,"FEE_COMMISSION_INCOME":null,"FEE_COMMISSION_INCOME_YOY":null,"ACCOUNTS_RECE_TDAYS":4.137366272626,"INVENTORY_TDAYS":285.507991074121,"CURRENT_ASSETS_TDAYS":0.5709917512,"TOTAL_ASSETS_TDAYS":0.521834659518,"PREMIUM_EXPENSE":null,"LOAN_DEPOSIT":null,"LOAN_EQUITY":null,"LOAN_ASSETS":null,"DEPOSIT_EQUITY":null,"DEPOSIT_ASSETS":null,"EQUITY_MULTIPLIER":1.769706846238,"EQUITY_RATIO":0.809006903599},{"SECUCODE":"06626.HK","SECURITY_CODE":"06626","SECURITY_NAME_ABBR":"越秀服务","ORG_CODE":"10000173765","STD_REPORT_DATE":"2023-06-30 00:00:00","REPORT_DATE":"2023-06-30 00:00:00","DATE_TYPE_CODE":"002","REPORT_TYPE":"2023年中报","PER_NETCASH_OPERATE":0.192189356309,"PER_OI":0.993308820578,"BPS":2.205006757675,"BASIC_EPS":0.16,"DILUTED_EPS":0.16,"OPERATE_INCOME":1511846000,"OPERATE_INCOME_YOY":38.70935778,"GROSS_PROFIT":424962000,"GROSS_PROFIT_YOY":23.076432954996,"HOLDER_PROFIT":247691000,"HOLDER_PROFIT_YOY":17.5004743833,"GROSS_PROFIT_RATIO":28.108815315846,"EPS_TTM":0.297622219878,"OPERATE_INCOME_QOQ":16.969960240608,"NET_PROFIT_RATIO":16.9626403747,"ROE_AVG":7.563220222899,"GROSS_PROFIT_QOQ":11.72714039924,"ROA":3.999463274163,"HOLDER_PROFIT_QOQ":8.865918927947,"ROE_YEARLY":15.126440445797,"ROIC_YEARLY":32.399317457483,"TOTAL_ASSETS":6438366000,"TOTAL_LIABILITIES":2931835000,"TAX_EBT":26.915952304957,"OCF_SALES":19.348399241722,"TOTAL_PARENT_EQUITY":3327317000,"DEBT_ASSET_RATIO":45.5369421372,"OPERATE_PROFIT":353312000,"PRETAX_PROFIT":350896000,"NETCASH_OPERATE":292518000,"NETCASH_INVEST":-8491000,"NETCASH_FINANCE":-27440000,"END_CASH":4619570000,"DIVI_RATIO":0.571560618255,"DIVIDEND_RATE":6.051779935275,"CURRENT_RATIO":2.519079758583,"COMMON_ACS":null,"CURRENTDEBT_DEBT":79.887442506144,"ISSUED_COMMON_SHARES":1508982677,"HK_COMMON_SHARES":1508982677,"PER_SHARES":500,"TOTAL_MARKET_CAP":4662756471.93,"HKSK_MARKET_CAP":4662756471.93,"PE_TTM":8.137312910973,"PB_TTM":1.18122875771,"REPORT_DATE_SQ":"2022-06-30 00:00:00","REPORT_TYPE_SQ":"2022年中报","OPERATE_INCOME_SQ":1089938000,"DPS_HKD":0.187,"OPERATE_INCOME_QOQ_SQ":6.867937392943,"NET_PROFIT_RATIO_SQ":19.7876392969,"HOLDER_PROFIT_SQ":210800000,"HOLDER_PROFIT_QOQ_SQ":9.20881358195,"ROE_AVG_SQ":7.091055817172,"PE_TTM_SQ":7.579400978139,"PB_TTM_SQ":1.024841864991,"ROA_SQ":3.929673753191,"START_DATE":"2023-01-01 00:00:00","FISCAL_YEAR":"12-31","CURRENCY":"HKD","IS_CNY_CODE":0,"DPS_HKD_LY":0.198,"ORG_TYPE":"一般企业","PREMIUM_INCOME":null,"PREMIUM_INCOME_YOY":null,"NET_INTEREST_INCOME":null,"NET_INTEREST_INCOME_YOY":null,"FEE_COMMISSION_INCOME":null,"FEE_COMMISSION_INCOME_YOY":null,"ACCOUNTS_RECE_TDAYS":1.699741358909,"INVENTORY_TDAYS":134.606972567961,"CURRENT_ASSETS_TDAYS":0.267164930536,"TOTAL_ASSETS_TDAYS":0.244117572023,"PREMIUM_EXPENSE":null,"LOAN_DEPOSIT":null,"LOAN_EQUITY":null,"LOAN_ASSETS":null,"DEPOSIT_EQUITY":null,"DEPOSIT_ASSETS":null,"EQUITY_MULTIPLIER":1.836106967257,"EQUITY_RATIO":0.881140871158},{"SECUCODE":"06626.HK","SECURITY_CODE":"06626","SECURITY_NAME_ABBR":"越秀服务","ORG_CODE":"10000173765","STD_REPORT_DATE":"2022-12-31 00:00:00","REPORT_DATE":"2022-12-31 00:00:00","DATE_TYPE_CODE":"001","REPORT_TYPE":"2022年年报","PER_NETCASH_OPERATE":0.493038187639,"PER_OI":1.633479439219,"BPS":2.13558780304,"BASIC_EPS":0.27,"DILUTED_EPS":0.27,"OPERATE_INCOME":2486205000,"OPERATE_INCOME_YOY":29.5993281825,"GROSS_PROFIT":679441000,"GROSS_PROFIT_YOY":1.283180761829,"HOLDER_PROFIT":416099000,"HOLDER_PROFIT_YOY":15.73222153,"GROSS_PROFIT_RATIO":27.328438322665,"EPS_TTM":0.273384198479,"OPERATE_INCOME_QOQ":21.270543199435,"NET_PROFIT_RATIO":17.0709173218,"ROE_AVG":13.522145531913,"GROSS_PROFIT_QOQ":0.87701585963,"ROA":7.511290881892,"HOLDER_PROFIT_QOQ":5.973334691643,"ROE_YEARLY":13.522145531913,"ROIC_YEARLY":32.159469927809,"TOTAL_ASSETS":5947846000,"TOTAL_LIABILITIES":2556620000,"TAX_EBT":26.314016757468,"OCF_SALES":30.183311512928,"TOTAL_PARENT_EQUITY":3222565000,"DEBT_ASSET_RATIO":42.9839642788,"OPERATE_PROFIT":504193000,"PRETAX_PROFIT":575982000,"NETCASH_OPERATE":750419000,"NETCASH_INVEST":-22469000,"NETCASH_FINANCE":-184448000,"END_CASH":4360789000,"DIVI_RATIO":0.622234719294,"DIVIDEND_RATE":6.051779935275,"CURRENT_RATIO":2.681307575391,"COMMON_ACS":null,"CURRENTDEBT_DEBT":79.030243055284,"ISSUED_COMMON_SHARES":1508982677,"HK_COMMON_SHARES":1508982677,"PER_SHARES":500,"TOTAL_MARKET_CAP":4662756471.93,"HKSK_MARKET_CAP":4662756471.93,"PE_TTM":8.137312910973,"PB_TTM":1.18122875771,"REPORT_DATE_SQ":"2021-12-31 00:00:00","REPORT_TYPE_SQ":"2021年年报","OPERATE_INCOME_SQ":1918378000,"DPS_HKD":0.187,"OPERATE_INCOME_QOQ_SQ":15.154130865671,"NET_PROFIT_RATIO_SQ":19.2733653117,"HOLDER_PROFIT_SQ":359536000,"HOLDER_PROFIT_QOQ_SQ":19.487666917028,"ROE_AVG_SQ":20.276151007517,"PE_TTM_SQ":7.579400978139,"PB_TTM_SQ":1.024841864991,"ROA_SQ":9.534039011397,"START_DATE":"2022-01-01 00:00:00","FISCAL_YEAR":"12-31","CURRENCY":"HKD","IS_CNY_CODE":0,"DPS_HKD_LY":0.102,"ORG_TYPE":"一般企业","PREMIUM_INCOME":null,"PREMIUM_INCOME_YOY":null,"NET_INTEREST_INCOME":null,"NET_INTEREST_INCOME_YOY":null,"FEE_COMMISSION_INCOME":null,"FEE_COMMISSION_INCOME_YOY":null,"ACCOUNTS_RECE_TDAYS":2.524637557538,"INVENTORY_TDAYS":493.786280404482,"CURRENT_ASSETS_TDAYS":0.494338540692,"TOTAL_ASSETS_TDAYS":0.448802062659,"PREMIUM_EXPENSE":null,"LOAN_DEPOSIT":null,"LOAN_EQUITY":null,"LOAN_ASSETS":null,"DEPOSIT_EQUITY":null,"DEPOSIT_ASSETS":null,"EQUITY_MULTIPLIER":1.753892545055,"EQUITY_RATIO":0.793349397142},{"SECUCODE":"06626.HK","SECURITY_CODE":"06626","SECURITY_NAME_ABBR":"越秀服务","ORG_CODE":"10000173765","STD_REPORT_DATE":"2022-06-30 00:00:00","REPORT_DATE":"2022-06-30 00:00:00","DATE_TYPE_CODE":"002","REPORT_TYPE":"2022年中报","PER_NETCASH_OPERATE":0.251008163815,"PER_OI":0.716108009204,"BPS":1.997205830084,"BASIC_EPS":0.14,"DILUTED_EPS":0.14,"OPERATE_INCOME":1089938000,"OPERATE_INCOME_YOY":13.7502674327,"GROSS_PROFIT":345283000,"GROSS_PROFIT_YOY":0.788424377229,"HOLDER_PROFIT":210800000,"HOLDER_PROFIT_YOY":18.6329076881,"GROSS_PROFIT_RATIO":31.679141382354,"EPS_TTM":0.25797451715,"OPERATE_INCOME_QOQ":6.867937392943,"NET_PROFIT_RATIO":19.7876392969,"ROE_AVG":7.091055817172,"GROSS_PROFIT_QOQ":0.402633740439,"ROA":3.929673753191,"HOLDER_PROFIT_QOQ":9.20881358195,"ROE_YEARLY":14.182111634344,"ROIC_YEARLY":34.374712083249,"TOTAL_ASSETS":5597178000,"TOTAL_LIABILITIES":2419469000,"TAX_EBT":26.681239333963,"OCF_SALES":35.051718538119,"TOTAL_PARENT_EQUITY":3013749000,"DEBT_ASSET_RATIO":43.2265866835,"OPERATE_PROFIT":264176000,"PRETAX_PROFIT":294158000,"NETCASH_OPERATE":382042000,"NETCASH_INVEST":-10053000,"NETCASH_FINANCE":-36432000,"END_CASH":4149579000,"DIVI_RATIO":0.659402881645,"DIVIDEND_RATE":6.051779935275,"CURRENT_RATIO":2.760039046228,"COMMON_ACS":null,"CURRENTDEBT_DEBT":76.298435731146,"ISSUED_COMMON_SHARES":1508982677,"HK_COMMON_SHARES":1508982677,"PER_SHARES":500,"TOTAL_MARKET_CAP":4662756471.93,"HKSK_MARKET_CAP":4662756471.93,"PE_TTM":8.137312910973,"PB_TTM":1.18122875771,"REPORT_DATE_SQ":"2021-06-30 00:00:00","REPORT_TYPE_SQ":"2021年中报","OPERATE_INCOME_SQ":958185000,"DPS_HKD":0.187,"OPERATE_INCOME_QOQ_SQ":42.624446940537,"NET_PROFIT_RATIO_SQ":19.2557804599,"HOLDER_PROFIT_SQ":177691000,"HOLDER_PROFIT_QOQ_SQ":51.105553630525,"ROE_AVG_SQ":11.140309493097,"PE_TTM_SQ":7.579400978139,"PB_TTM_SQ":1.024841864991,"ROA_SQ":5.190247390469,"START_DATE":"2022-01-01 00:00:00","FISCAL_YEAR":"12-31","CURRENCY":"HKD","IS_CNY_CODE":0,"DPS_HKD_LY":0.102,"ORG_TYPE":"一般企业","PREMIUM_INCOME":null,"PREMIUM_INCOME_YOY":null,"NET_INTEREST_INCOME":null,"NET_INTEREST_INCOME_YOY":null,"FEE_COMMISSION_INCOME":null,"FEE_COMMISSION_INCOME_YOY":null,"ACCOUNTS_RECE_TDAYS":1.776899964623,"INVENTORY_TDAYS":646.12147505423,"CURRENT_ASSETS_TDAYS":0.223893852665,"TOTAL_ASSETS_TDAYS":0.20318314759,"PREMIUM_EXPENSE":null,"LOAN_DEPOSIT":null,"LOAN_EQUITY":null,"LOAN_ASSETS":null,"DEPOSIT_EQUITY":null,"DEPOSIT_ASSETS":null,"EQUITY_MULTIPLIER":1.761387842625,"EQUITY_RATIO":0.802810386665},{"SECUCODE":"06626.HK","SECURITY_CODE":"06626","SECURITY_NAME_ABBR":"越秀服务","ORG_CODE":"10000173765","STD_REPORT_DATE":"2021-12-31 00:00:00","REPORT_DATE":"2021-12-31 00:00:00","DATE_TYPE_CODE":"001","REPORT_TYPE":"2021年年报","PER_NETCASH_OPERATE":0.655783318283,"PER_OI":1.260407335537,"BPS":1.942877837291,"BASIC_EPS":0.27,"DILUTED_EPS":0.27,"OPERATE_INCOME":1918378000,"OPERATE_INCOME_YOY":64.2379422763,"GROSS_PROFIT":670833000,"GROSS_PROFIT_YOY":66.339690198889,"HOLDER_PROFIT":359536000,"HOLDER_PROFIT_YOY":80.5525006152,"GROSS_PROFIT_RATIO":34.968760067098,"EPS_TTM":0.236221334789,"OPERATE_INCOME_QOQ":15.154130865671,"NET_PROFIT_RATIO":19.2733653117,"ROE_AVG":20.276151007517,"GROSS_PROFIT_QOQ":12.245126746423,"ROA":9.534039011397,"HOLDER_PROFIT_QOQ":19.487666917028,"ROE_YEARLY":20.276151007517,"ROIC_YEARLY":29.478028769151,"TOTAL_ASSETS":5131448000,"TOTAL_LIABILITIES":2040992000,"TAX_EBT":29.474284558909,"OCF_SALES":52.02947490015,"TOTAL_PARENT_EQUITY":2931769000,"DEBT_ASSET_RATIO":39.7741923917,"OPERATE_PROFIT":503673000,"PRETAX_PROFIT":524257000,"NETCASH_OPERATE":998122000,"NETCASH_INVEST":137576000,"NETCASH_FINANCE":1688946000,"END_CASH":3803434000,"DIVI_RATIO":0.72012606377,"DIVIDEND_RATE":6.051779935275,"CURRENT_RATIO":3.007685887001,"COMMON_ACS":null,"CURRENTDEBT_DEBT":75.604803938477,"ISSUED_COMMON_SHARES":1508982677,"HK_COMMON_SHARES":1508982677,"PER_SHARES":500,"TOTAL_MARKET_CAP":4662756471.93,"HKSK_MARKET_CAP":4662756471.93,"PE_TTM":8.137312910973,"PB_TTM":1.18122875771,"REPORT_DATE_SQ":"2020-12-31 00:00:00","REPORT_TYPE_SQ":"2020年年报","OPERATE_INCOME_SQ":1168048000,"DPS_HKD":0.187,"OPERATE_INCOME_QOQ_SQ":9.624195918919,"NET_PROFIT_RATIO_SQ":17.4402079367,"HOLDER_PROFIT_SQ":199131000,"HOLDER_PROFIT_QOQ_SQ":23.610145503302,"ROE_AVG_SQ":45.59225212643,"PE_TTM_SQ":7.579400978139,"PB_TTM_SQ":1.024841864991,"ROA_SQ":7.405238120738,"START_DATE":"2021-01-01 00:00:00","FISCAL_YEAR":"12-31","CURRENCY":"HKD","IS_CNY_CODE":0,"DPS_HKD_LY":null,"ORG_TYPE":"一般企业","PREMIUM_INCOME":null,"PREMIUM_INCOME_YOY":null,"NET_INTEREST_INCOME":null,"NET_INTEREST_INCOME_YOY":null,"FEE_COMMISSION_INCOME":null,"FEE_COMMISSION_INCOME_YOY":null,"ACCOUNTS_RECE_TDAYS":null,"INVENTORY_TDAYS":1302.23903966597,"CURRENT_ASSETS_TDAYS":0.588742412573,"TOTAL_ASSETS_TDAYS":0.508708187514,"PREMIUM_EXPENSE":null,"LOAN_DEPOSIT":null,"LOAN_EQUITY":null,"LOAN_ASSETS":null,"DEPOSIT_EQUITY":null,"DEPOSIT_ASSETS":null,"EQUITY_MULTIPLIER":1.660417750649,"EQUITY_RATIO":0.696163988363},{"SECUCODE":"06626.HK","SECURITY_CODE":"06626","SECURITY_NAME_ABBR":"越秀服务","ORG_CODE":"10000173765","STD_REPORT_DATE":"2021-06-30 00:00:00","REPORT_DATE":"2021-06-30 00:00:00","DATE_TYPE_CODE":"002","REPORT_TYPE":"2021年中报","PER_NETCASH_OPERATE":0.3152081683,"PER_OI":0.648026679818,"BPS":1.70673331063,"BASIC_EPS":0.16,"DILUTED_EPS":0.16,"OPERATE_INCOME":958185000,"OPERATE_INCOME_YOY":108.1603524574,"GROSS_PROFIT":342582000,"GROSS_PROFIT_YOY":131.126073551338,"HOLDER_PROFIT":177691000,"HOLDER_PROFIT_YOY":134.0379853538,"GROSS_PROFIT_RATIO":35.753220933327,"EPS_TTM":0.203499253175,"OPERATE_INCOME_QOQ":42.624446940537,"NET_PROFIT_RATIO":19.2557804599,"ROE_AVG":11.140309493097,"GROSS_PROFIT_QOQ":48.193240116938,"ROA":5.190247390469,"HOLDER_PROFIT_QOQ":51.105553630525,"ROE_YEARLY":22.280618986193,"ROIC_YEARLY":30.126948199201,"TOTAL_ASSETS":4436404000,"TOTAL_LIABILITIES":1705092000,"TAX_EBT":30.493648569233,"OCF_SALES":48.641233164786,"TOTAL_PARENT_EQUITY":2575431000,"DEBT_ASSET_RATIO":38.4341011324,"OPERATE_PROFIT":260688000,"PRETAX_PROFIT":265452000,"NETCASH_OPERATE":466073000,"NETCASH_INVEST":150654000,"NETCASH_FINANCE":1579567000,"END_CASH":3191315000,"DIVI_RATIO":0.83592021762,"DIVIDEND_RATE":6.051779935275,"CURRENT_RATIO":2.403532597028,"COMMON_ACS":null,"CURRENTDEBT_DEBT":95.613726414762,"ISSUED_COMMON_SHARES":1508982677,"HK_COMMON_SHARES":1508982677,"PER_SHARES":500,"TOTAL_MARKET_CAP":4662756471.93,"HKSK_MARKET_CAP":4662756471.93,"PE_TTM":8.137312910973,"PB_TTM":1.18122875771,"REPORT_DATE_SQ":"2020-06-30 00:00:00","REPORT_TYPE_SQ":"2020年中报","OPERATE_INCOME_SQ":460311000,"DPS_HKD":0.187,"OPERATE_INCOME_QOQ_SQ":0,"NET_PROFIT_RATIO_SQ":16.7760492363,"HOLDER_PROFIT_SQ":75924000,"HOLDER_PROFIT_QOQ_SQ":0,"ROE_AVG_SQ":null,"PE_TTM_SQ":7.579400978139,"PB_TTM_SQ":1.024841864991,"ROA_SQ":null,"START_DATE":"2021-01-01 00:00:00","FISCAL_YEAR":"12-31","CURRENCY":"HKD","IS_CNY_CODE":0,"DPS_HKD_LY":null,"ORG_TYPE":"一般企业","PREMIUM_INCOME":null,"PREMIUM_INCOME_YOY":null,"NET_INTEREST_INCOME":null,"NET_INTEREST_INCOME_YOY":null,"FEE_COMMISSION_INCOME":null,"FEE_COMMISSION_INCOME_YOY":null,"ACCOUNTS_RECE_TDAYS":1.224318864542,"INVENTORY_TDAYS":622.135421930268,"CURRENT_ASSETS_TDAYS":0.330737818867,"TOTAL_ASSETS_TDAYS":0.279880083732,"PREMIUM_EXPENSE":null,"LOAN_DEPOSIT":null,"LOAN_EQUITY":null,"LOAN_ASSETS":null,"DEPOSIT_EQUITY":null,"DEPOSIT_ASSETS":null,"EQUITY_MULTIPLIER":1.624275805914,"EQUITY_RATIO":0.662060835643},{"SECUCODE":"06626.HK","SECURITY_CODE":"06626","SECURITY_NAME_ABBR":"越秀服务","ORG_CODE":"10000173765","STD_REPORT_DATE":"2020-12-31 00:00:00","REPORT_DATE":"2020-12-31 00:00:00","DATE_TYPE_CODE":"001","REPORT_TYPE":"2020年年报","PER_NETCASH_OPERATE":null,"PER_OI":2.010350815897,"BPS":0.407310176166,"BASIC_EPS":0.2,"DILUTED_EPS":0.2,"OPERATE_INCOME":1168048000,"OPERATE_INCOME_YOY":30.3142139297,"GROSS_PROFIT":403291000,"GROSS_PROFIT_YOY":65.679061035178,"HOLDER_PROFIT":199131000,"HOLDER_PROFIT_YOY":118.04176202,"GROSS_PROFIT_RATIO":34.52692012657,"EPS_TTM":0.342728353904,"OPERATE_INCOME_QOQ":9.624195918919,"NET_PROFIT_RATIO":17.4402079367,"ROE_AVG":45.59225212643,"GROSS_PROFIT_QOQ":22.012694686142,"ROA":7.405238120738,"HOLDER_PROFIT_QOQ":23.610145503302,"ROE_YEARLY":45.59225212643,"ROIC_YEARLY":11.529292494765,"TOTAL_ASSETS":2410707000,"TOTAL_LIABILITIES":1650027000,"TAX_EBT":27.301212300731,"OCF_SALES":38.549015108968,"TOTAL_PARENT_EQUITY":614624000,"DEBT_ASSET_RATIO":68.4457713028,"OPERATE_PROFIT":302463000,"PRETAX_PROFIT":280211000,"NETCASH_OPERATE":450271000,"NETCASH_INVEST":1026483000,"NETCASH_FINANCE":-1253604000,"END_CASH":994629000,"DIVI_RATIO":0.496338100021,"DIVIDEND_RATE":6.051779935275,"CURRENT_RATIO":1.205649201855,"COMMON_ACS":null,"CURRENTDEBT_DEBT":94.289063148664,"ISSUED_COMMON_SHARES":1508982677,"HK_COMMON_SHARES":1508982677,"PER_SHARES":500,"TOTAL_MARKET_CAP":4662756471.93,"HKSK_MARKET_CAP":4662756471.93,"PE_TTM":8.137312910973,"PB_TTM":1.18122875771,"REPORT_DATE_SQ":"2019-12-31 00:00:00","REPORT_TYPE_SQ":"2019年年报","OPERATE_INCOME_SQ":896332000,"DPS_HKD":0.187,"OPERATE_INCOME_QOQ_SQ":17.505197941274,"NET_PROFIT_RATIO_SQ":10.3987138694,"HOLDER_PROFIT_SQ":91327000,"HOLDER_PROFIT_QOQ_SQ":100.904131286022,"ROE_AVG_SQ":42.489037765914,"PE_TTM_SQ":7.579400978139,"PB_TTM_SQ":1.024841864991,"ROA_SQ":3.222388449406,"START_DATE":"2020-01-01 00:00:00","FISCAL_YEAR":"12-31","CURRENCY":"HKD","IS_CNY_CODE":0,"DPS_HKD_LY":null,"ORG_TYPE":"一般企业","PREMIUM_INCOME":null,"PREMIUM_INCOME_YOY":null,"NET_INTEREST_INCOME":null,"NET_INTEREST_INCOME_YOY":null,"FEE_COMMISSION_INCOME":null,"FEE_COMMISSION_INCOME_YOY":null,"ACCOUNTS_RECE_TDAYS":0.827584643268,"INVENTORY_TDAYS":964.993059936909,"CURRENT_ASSETS_TDAYS":0.504355936302,"TOTAL_ASSETS_TDAYS":0.434371020908,"PREMIUM_EXPENSE":null,"LOAN_DEPOSIT":null,"LOAN_EQUITY":null,"LOAN_ASSETS":null,"DEPOSIT_EQUITY":null,"DEPOSIT_ASSETS":null,"EQUITY_MULTIPLIER":3.169147341854,"EQUITY_RATIO":2.684612055501},{"SECUCODE":"06626.HK","SECURITY_CODE":"06626","SECURITY_NAME_ABBR":"越秀服务","ORG_CODE":"10000173765","STD_REPORT_DATE":"2020-09-30 00:00:00","REPORT_DATE":"2020-09-30 00:00:00","DATE_TYPE_CODE":"004","REPORT_TYPE":"2020年三季报","PER_NETCASH_OPERATE":null,"PER_OI":33.354796096646,"BPS":0.245411034629,"BASIC_EPS":null,"DILUTED_EPS":null,"OPERATE_INCOME":782737000,"OPERATE_INCOME_YOY":27.571561052,"GROSS_PROFIT":248858000,"GROSS_PROFIT_YOY":53.860136141904,"HOLDER_PROFIT":123736000,"HOLDER_PROFIT_YOY":129.2808568199,"GROSS_PROFIT_RATIO":31.793309885696,"EPS_TTM":6.864788852431,"OPERATE_INCOME_QOQ":18.873587019096,"NET_PROFIT_RATIO":16.189856874,"ROE_AVG":39.329526546064,"GROSS_PROFIT_QOQ":35.788379611942,"ROA":4.941691427841,"HOLDER_PROFIT_QOQ":76.394713502031,"ROE_YEARLY":52.439368728085,"ROIC_YEARLY":7.594909515212,"TOTAL_ASSETS":2040435000,"TOTAL_LIABILITIES":1661825000,"TAX_EBT":27.129910755359,"OCF_SALES":30.948326193856,"TOTAL_PARENT_EQUITY":370321000,"DEBT_ASSET_RATIO":81.4446429315,"OPERATE_PROFIT":null,"PRETAX_PROFIT":173904000,"NETCASH_OPERATE":242244000,"NETCASH_INVEST":1182703000,"NETCASH_FINANCE":-1239817000,"END_CASH":958080000,"DIVI_RATIO":0.024779952254,"DIVIDEND_RATE":6.051779935275,"CURRENT_RATIO":1.178779219798,"COMMON_ACS":null,"CURRENTDEBT_DEBT":95.606938155341,"ISSUED_COMMON_SHARES":1508982677,"HK_COMMON_SHARES":1508982677,"PER_SHARES":500,"TOTAL_MARKET_CAP":4662756471.93,"HKSK_MARKET_CAP":4662756471.93,"PE_TTM":8.137312910973,"PB_TTM":1.18122875771,"REPORT_DATE_SQ":"2019-09-30 00:00:00","REPORT_TYPE_SQ":"2019年三季报","OPERATE_INCOME_SQ":613567000,"DPS_HKD":0.187,"OPERATE_INCOME_QOQ_SQ":0,"NET_PROFIT_RATIO_SQ":9.0739886598,"HOLDER_PROFIT_SQ":53967000,"HOLDER_PROFIT_QOQ_SQ":0,"ROE_AVG_SQ":null,"PE_TTM_SQ":7.579400978139,"PB_TTM_SQ":1.024841864991,"ROA_SQ":null,"START_DATE":"2020-01-01 00:00:00","FISCAL_YEAR":"12-31","CURRENCY":"HKD","IS_CNY_CODE":0,"DPS_HKD_LY":null,"ORG_TYPE":"一般企业","PREMIUM_INCOME":null,"PREMIUM_INCOME_YOY":null,"NET_INTEREST_INCOME":null,"NET_INTEREST_INCOME_YOY":null,"FEE_COMMISSION_INCOME":null,"FEE_COMMISSION_INCOME_YOY":null,"ACCOUNTS_RECE_TDAYS":0.549281413594,"INVENTORY_TDAYS":785.693892568065,"CURRENT_ASSETS_TDAYS":0.338190934691,"TOTAL_ASSETS_TDAYS":0.312604635931,"PREMIUM_EXPENSE":null,"LOAN_DEPOSIT":null,"LOAN_EQUITY":null,"LOAN_ASSETS":null,"DEPOSIT_EQUITY":null,"DEPOSIT_ASSETS":null,"EQUITY_MULTIPLIER":5.389279205506,"EQUITY_RATIO":4.487525687174}],"count":13},"success":true,"message":"ok","code":0}