{"version":"0dcf16d53ec167adde0e0383d25a851a","result":{"pages":2,"data":[{"SECUCODE":"06623.HK","SECURITY_CODE":"06623","SECURITY_NAME_ABBR":"陆控","ORG_CODE":"10479820","STD_REPORT_DATE":"2024-09-30 00:00:00","REPORT_DATE":"2024-09-30 00:00:00","DATE_TYPE_CODE":"004","REPORT_TYPE":"2024年三季报","PER_NETCASH_OPERATE":2.309921450119,"PER_OI":10.663560895835,"BPS":48.775831662557,"BASIC_EPS":-1.98,"DILUTED_EPS":-1.98,"OPERATE_INCOME":18483377000,"OPERATE_INCOME_YOY":-32.5388398348,"GROSS_PROFIT":null,"GROSS_PROFIT_YOY":null,"HOLDER_PROFIT":-2537341000,"HOLDER_PROFIT_YOY":-246.5736585287,"GROSS_PROFIT_RATIO":null,"EPS_TTM":-1.950924530219,"OPERATE_INCOME_QOQ":-9.002949768187,"NET_PROFIT_RATIO":-12.3635740374,"ROE_AVG":-2.872091426906,"GROSS_PROFIT_QOQ":null,"ROA":-1.144306887081,"HOLDER_PROFIT_QOQ":-40.140323539833,"ROE_YEARLY":-3.829455235875,"ROIC_YEARLY":-1.152976468489,"TOTAL_ASSETS":206449110000,"TOTAL_LIABILITIES":120108859000,"TAX_EBT":-259.545990204238,"OCF_SALES":21.66182078091,"TOTAL_PARENT_EQUITY":84546943000,"DEBT_ASSET_RATIO":58.1784339007,"OPERATE_PROFIT":-635581000,"PRETAX_PROFIT":-635581000,"NETCASH_OPERATE":4003836000,"NETCASH_INVEST":649607000,"NETCASH_FINANCE":-13159057000,"END_CASH":9964987000,"DIVI_RATIO":-4.395736035478,"DIVIDEND_RATE":86.818431192661,"CURRENT_RATIO":null,"COMMON_ACS":10000000000,"CURRENTDEBT_DEBT":null,"ISSUED_COMMON_SHARES":1733377784,"HK_COMMON_SHARES":1733377784,"PER_SHARES":100,"TOTAL_MARKET_CAP":18893817845.6,"HKSK_MARKET_CAP":18893817845.6,"PE_TTM":-5.076904609643,"PB_TTM":0.201524211171,"REPORT_DATE_SQ":"2023-09-30 00:00:00","REPORT_TYPE_SQ":"2023年三季报","OPERATE_INCOME_SQ":27398546000,"DPS_HKD":9.463209,"OPERATE_INCOME_QOQ_SQ":-11.464213031319,"NET_PROFIT_RATIO_SQ":6.8140878717,"HOLDER_PROFIT_SQ":1731103000,"HOLDER_PROFIT_QOQ_SQ":-57.380153481727,"ROE_AVG_SQ":1.861544694443,"PE_TTM_SQ":10.163356668359,"PB_TTM_SQ":0.111088958685,"ROA_SQ":0.569030425344,"START_DATE":"2024-01-01 00:00:00","FISCAL_YEAR":"12-31","CURRENCY":"HKD","IS_CNY_CODE":0,"DPS_HKD_LY":9.463209,"ORG_TYPE":"保险","PREMIUM_INCOME":null,"PREMIUM_INCOME_YOY":null,"NET_INTEREST_INCOME":null,"NET_INTEREST_INCOME_YOY":null,"FEE_COMMISSION_INCOME":null,"FEE_COMMISSION_INCOME_YOY":null,"ACCOUNTS_RECE_TDAYS":null,"INVENTORY_TDAYS":null,"CURRENT_ASSETS_TDAYS":null,"TOTAL_ASSETS_TDAYS":0.083357560523,"PREMIUM_EXPENSE":null,"LOAN_DEPOSIT":null,"LOAN_EQUITY":null,"LOAN_ASSETS":null,"DEPOSIT_EQUITY":null,"DEPOSIT_ASSETS":null,"EQUITY_MULTIPLIER":2.391110838905,"EQUITY_RATIO":1.420617407775},{"SECUCODE":"06623.HK","SECURITY_CODE":"06623","SECURITY_NAME_ABBR":"陆控","ORG_CODE":"10479820","STD_REPORT_DATE":"2024-06-30 00:00:00","REPORT_DATE":"2024-06-30 00:00:00","DATE_TYPE_CODE":"002","REPORT_TYPE":"2024年中报","PER_NETCASH_OPERATE":3.051311139168,"PER_OI":11.280646054742,"BPS":46.748556343561,"BASIC_EPS":-1.45,"DILUTED_EPS":-1.45,"OPERATE_INCOME":12939981000,"OPERATE_INCOME_YOY":-33.1200562909,"GROSS_PROFIT":null,"GROSS_PROFIT_YOY":null,"HOLDER_PROFIT":-1662535000,"HOLDER_PROFIT_YOY":-201.5397065335,"GROSS_PROFIT_RATIO":null,"EPS_TTM":-2.103568971768,"OPERATE_INCOME_QOQ":-10.577903778054,"NET_PROFIT_RATIO":-12.0552881801,"ROE_AVG":-1.920059117866,"GROSS_PROFIT_QOQ":null,"ROA":-0.732469922428,"HOLDER_PROFIT_QOQ":-268.073627081001,"ROE_YEARLY":-3.840118235733,"ROIC_YEARLY":-1.475290001689,"TOTAL_ASSETS":216930102000,"TOTAL_LIABILITIES":134253699000,"TAX_EBT":1984.56901238297,"OCF_SALES":27.049081447647,"TOTAL_PARENT_EQUITY":81032909000,"DEBT_ASSET_RATIO":61.8879988357,"OPERATE_PROFIT":82775000,"PRETAX_PROFIT":82775000,"NETCASH_OPERATE":3500146000,"NETCASH_INVEST":2522047000,"NETCASH_FINANCE":-4189061000,"END_CASH":20398545000,"DIVI_RATIO":-4.07676162516,"DIVIDEND_RATE":86.818431192661,"CURRENT_RATIO":null,"COMMON_ACS":10000000000,"CURRENTDEBT_DEBT":null,"ISSUED_COMMON_SHARES":1733377784,"HK_COMMON_SHARES":1733377784,"PER_SHARES":100,"TOTAL_MARKET_CAP":18893817845.6,"HKSK_MARKET_CAP":18893817845.6,"PE_TTM":-5.076904609643,"PB_TTM":0.201524211171,"REPORT_DATE_SQ":"2023-06-30 00:00:00","REPORT_TYPE_SQ":"2023年中报","OPERATE_INCOME_SQ":19348074000,"DPS_HKD":9.463209,"OPERATE_INCOME_QOQ_SQ":-11.827827075386,"NET_PROFIT_RATIO_SQ":8.9724072794,"HOLDER_PROFIT_SQ":1637325000,"HOLDER_PROFIT_QOQ_SQ":-47.493196540028,"ROE_AVG_SQ":1.755706080953,"PE_TTM_SQ":9.696671923383,"PB_TTM_SQ":0.105987935072,"ROA_SQ":0.519666774109,"START_DATE":"2024-01-01 00:00:00","FISCAL_YEAR":"12-31","CURRENCY":"HKD","IS_CNY_CODE":0,"DPS_HKD_LY":9.463209,"ORG_TYPE":"保险","PREMIUM_INCOME":null,"PREMIUM_INCOME_YOY":null,"NET_INTEREST_INCOME":null,"NET_INTEREST_INCOME_YOY":null,"FEE_COMMISSION_INCOME":null,"FEE_COMMISSION_INCOME_YOY":null,"ACCOUNTS_RECE_TDAYS":null,"INVENTORY_TDAYS":null,"CURRENT_ASSETS_TDAYS":null,"TOTAL_ASSETS_TDAYS":0.057010209585,"PREMIUM_EXPENSE":null,"LOAN_DEPOSIT":null,"LOAN_EQUITY":null,"LOAN_ASSETS":null,"DEPOSIT_EQUITY":null,"DEPOSIT_ASSETS":null,"EQUITY_MULTIPLIER":2.623845427819,"EQUITY_RATIO":1.65677995097},{"SECUCODE":"06623.HK","SECURITY_CODE":"06623","SECURITY_NAME_ABBR":"陆控","ORG_CODE":"10479820","STD_REPORT_DATE":"2024-03-31 00:00:00","REPORT_DATE":"2024-03-31 00:00:00","DATE_TYPE_CODE":"003","REPORT_TYPE":"2024年一季报","PER_NETCASH_OPERATE":0.438291387243,"PER_OI":6.073559064887,"BPS":52.639127397516,"BASIC_EPS":-0.76,"DILUTED_EPS":-0.76,"OPERATE_INCOME":6963764000,"OPERATE_INCOME_YOY":-30.899629203,"GROSS_PROFIT":null,"GROSS_PROFIT_YOY":null,"HOLDER_PROFIT":-870463000,"HOLDER_PROFIT_YOY":-229.5378108742,"GROSS_PROFIT_RATIO":null,"EPS_TTM":-0.571769435381,"OPERATE_INCOME_QOQ":-9.090511542046,"NET_PROFIT_RATIO":-11.91828155,"ROE_AVG":-0.94932337849,"GROSS_PROFIT_QOQ":null,"ROA":-0.372846092113,"HOLDER_PROFIT_QOQ":-173.920382470838,"ROE_YEARLY":-3.797293513961,"ROIC_YEARLY":-1.501426428673,"TOTAL_ASSETS":229905849000,"TOTAL_LIABILITIES":137080667000,"TAX_EBT":285.564421827873,"OCF_SALES":7.216384702296,"TOTAL_PARENT_EQUITY":91243494000,"DEBT_ASSET_RATIO":59.6246974995,"OPERATE_PROFIT":447263000,"PRETAX_PROFIT":447263000,"NETCASH_OPERATE":502532000,"NETCASH_INVEST":2747041000,"NETCASH_FINANCE":499183000,"END_CASH":22235553000,"DIVI_RATIO":-14.998614352777,"DIVIDEND_RATE":86.818431192661,"CURRENT_RATIO":null,"COMMON_ACS":10000000000,"CURRENTDEBT_DEBT":null,"ISSUED_COMMON_SHARES":1733377784,"HK_COMMON_SHARES":1733377784,"PER_SHARES":100,"TOTAL_MARKET_CAP":18893817845.6,"HKSK_MARKET_CAP":18893817845.6,"PE_TTM":-5.076904609643,"PB_TTM":0.201524211171,"REPORT_DATE_SQ":"2023-03-31 00:00:00","REPORT_TYPE_SQ":"2023年一季报","OPERATE_INCOME_SQ":10077752000,"DPS_HKD":9.463209,"OPERATE_INCOME_QOQ_SQ":-12.455051754664,"NET_PROFIT_RATIO_SQ":7.2671960969,"HOLDER_PROFIT_SQ":671976000,"HOLDER_PROFIT_QOQ_SQ":-52.957473122476,"ROE_AVG_SQ":0.720615781744,"PE_TTM_SQ":9.696671923383,"PB_TTM_SQ":0.105987935072,"ROA_SQ":0.19914544674,"START_DATE":"2024-01-01 00:00:00","FISCAL_YEAR":"12-31","CURRENCY":"HKD","IS_CNY_CODE":0,"DPS_HKD_LY":9.463209,"ORG_TYPE":"保险","PREMIUM_INCOME":null,"PREMIUM_INCOME_YOY":null,"NET_INTEREST_INCOME":null,"NET_INTEREST_INCOME_YOY":null,"FEE_COMMISSION_INCOME":null,"FEE_COMMISSION_INCOME_YOY":null,"ACCOUNTS_RECE_TDAYS":null,"INVENTORY_TDAYS":null,"CURRENT_ASSETS_TDAYS":null,"TOTAL_ASSETS_TDAYS":0.029827944367,"PREMIUM_EXPENSE":null,"LOAN_DEPOSIT":null,"LOAN_EQUITY":null,"LOAN_ASSETS":null,"DEPOSIT_EQUITY":null,"DEPOSIT_ASSETS":null,"EQUITY_MULTIPLIER":2.476761629186,"EQUITY_RATIO":1.502361001213},{"SECUCODE":"06623.HK","SECURITY_CODE":"06623","SECURITY_NAME_ABBR":"陆控","ORG_CODE":"10479820","STD_REPORT_DATE":"2023-12-31 00:00:00","REPORT_DATE":"2023-12-31 00:00:00","DATE_TYPE_CODE":"001","REPORT_TYPE":"2023年年报","PER_NETCASH_OPERATE":13.111781064333,"PER_OI":29.882921673653,"BPS":53.157764481883,"BASIC_EPS":0.77,"DILUTED_EPS":0.77,"OPERATE_INCOME":34255366000,"OPERATE_INCOME_YOY":-41.056634445,"GROSS_PROFIT":null,"GROSS_PROFIT_YOY":null,"HOLDER_PROFIT":886865000,"HOLDER_PROFIT_YOY":-89.8054100246,"GROSS_PROFIT_RATIO":null,"EPS_TTM":0.773663236589,"OPERATE_INCOME_QOQ":-13.751124081134,"NET_PROFIT_RATIO":3.0199239442,"ROE_AVG":0.957053721667,"GROSS_PROFIT_QOQ":null,"ROA":0.302536740885,"HOLDER_PROFIT_QOQ":-3.160695820426,"ROE_YEARLY":0.957053721667,"ROIC_YEARLY":0.304164797579,"TOTAL_ASSETS":237023009000,"TOTAL_LIABILITIES":143339227000,"TAX_EBT":37.117594425182,"OCF_SALES":43.87717241147,"TOTAL_PARENT_EQUITY":92142488000,"DEBT_ASSET_RATIO":60.4748153374,"OPERATE_PROFIT":1645112000,"PRETAX_PROFIT":1645112000,"NETCASH_OPERATE":15030286000,"NETCASH_INVEST":-5937432000,"NETCASH_FINANCE":-20554946000,"END_CASH":18480096000,"DIVI_RATIO":11.084602258973,"DIVIDEND_RATE":86.818431192661,"CURRENT_RATIO":null,"COMMON_ACS":10000000000,"CURRENTDEBT_DEBT":null,"ISSUED_COMMON_SHARES":1733377784,"HK_COMMON_SHARES":1733377784,"PER_SHARES":100,"TOTAL_MARKET_CAP":18893817845.6,"HKSK_MARKET_CAP":18893817845.6,"PE_TTM":-5.076904609643,"PB_TTM":0.201524211171,"REPORT_DATE_SQ":"2022-12-31 00:00:00","REPORT_TYPE_SQ":"2022年年报","OPERATE_INCOME_SQ":58115728000,"DPS_HKD":9.463209,"OPERATE_INCOME_QOQ_SQ":-5.700441176537,"NET_PROFIT_RATIO_SQ":15.0992498967,"HOLDER_PROFIT_SQ":8699369000,"HOLDER_PROFIT_QOQ_SQ":-29.960989466979,"ROE_AVG_SQ":9.341928265851,"PE_TTM_SQ":9.696671923383,"PB_TTM_SQ":0.105987935072,"ROA_SQ":2.451575155684,"START_DATE":"2023-01-01 00:00:00","FISCAL_YEAR":"12-31","CURRENCY":"HKD","IS_CNY_CODE":0,"DPS_HKD_LY":0.61141,"ORG_TYPE":"保险","PREMIUM_INCOME":null,"PREMIUM_INCOME_YOY":null,"NET_INTEREST_INCOME":null,"NET_INTEREST_INCOME_YOY":null,"FEE_COMMISSION_INCOME":null,"FEE_COMMISSION_INCOME_YOY":null,"ACCOUNTS_RECE_TDAYS":null,"INVENTORY_TDAYS":null,"CURRENT_ASSETS_TDAYS":null,"TOTAL_ASSETS_TDAYS":0.116855516764,"PREMIUM_EXPENSE":null,"LOAN_DEPOSIT":null,"LOAN_EQUITY":null,"LOAN_ASSETS":null,"DEPOSIT_EQUITY":null,"DEPOSIT_ASSETS":null,"EQUITY_MULTIPLIER":2.530032455348,"EQUITY_RATIO":1.55562574998},{"SECUCODE":"06623.HK","SECURITY_CODE":"06623","SECURITY_NAME_ABBR":"陆控","ORG_CODE":"10479820","STD_REPORT_DATE":"2023-09-30 00:00:00","REPORT_DATE":"2023-09-30 00:00:00","DATE_TYPE_CODE":"004","REPORT_TYPE":"2023年三季报","PER_NETCASH_OPERATE":9.018983039967,"PER_OI":23.902434186625,"BPS":53.534667893263,"BASIC_EPS":1.51,"DILUTED_EPS":1.51,"OPERATE_INCOME":27398546000,"OPERATE_INCOME_YOY":-40.1744378883,"GROSS_PROFIT":null,"GROSS_PROFIT_YOY":null,"HOLDER_PROFIT":1731103000,"HOLDER_PROFIT_YOY":-81.8059413783,"GROSS_PROFIT_RATIO":null,"EPS_TTM":0.798951599654,"OPERATE_INCOME_QOQ":-11.464213031319,"NET_PROFIT_RATIO":6.8140878717,"ROE_AVG":1.861544694443,"GROSS_PROFIT_QOQ":null,"ROA":0.569030425344,"HOLDER_PROFIT_QOQ":-57.380153481727,"ROE_YEARLY":2.48205959259,"ROIC_YEARLY":0.571969516572,"TOTAL_ASSETS":259176715000,"TOTAL_LIABILITIES":164851246000,"TAX_EBT":31.644523594116,"OCF_SALES":37.732487702085,"TOTAL_PARENT_EQUITY":92795804000,"DEBT_ASSET_RATIO":63.6057317109,"OPERATE_PROFIT":2731253000,"PRETAX_PROFIT":2731253000,"NETCASH_OPERATE":10338153000,"NETCASH_INVEST":-1876727000,"NETCASH_FINANCE":-19675057000,"END_CASH":18828729000,"DIVI_RATIO":10.733753163141,"DIVIDEND_RATE":86.818431192661,"CURRENT_RATIO":null,"COMMON_ACS":10000000000,"CURRENTDEBT_DEBT":null,"ISSUED_COMMON_SHARES":1733377784,"HK_COMMON_SHARES":1733377784,"PER_SHARES":100,"TOTAL_MARKET_CAP":18893817845.6,"HKSK_MARKET_CAP":18893817845.6,"PE_TTM":-5.076904609643,"PB_TTM":0.201524211171,"REPORT_DATE_SQ":"2022-09-30 00:00:00","REPORT_TYPE_SQ":"2022年三季报","OPERATE_INCOME_SQ":45797390000,"DPS_HKD":9.463209,"OPERATE_INCOME_QOQ_SQ":-0.333247044424,"NET_PROFIT_RATIO_SQ":20.9203493911,"HOLDER_PROFIT_SQ":9514661000,"HOLDER_PROFIT_QOQ_SQ":-26.086246561908,"ROE_AVG_SQ":10.199946988403,"PE_TTM_SQ":9.696671923383,"PB_TTM_SQ":0.105987935072,"ROA_SQ":2.602824312447,"START_DATE":"2023-01-01 00:00:00","FISCAL_YEAR":"12-31","CURRENCY":"HKD","IS_CNY_CODE":0,"DPS_HKD_LY":0.61141,"ORG_TYPE":"保险","PREMIUM_INCOME":null,"PREMIUM_INCOME_YOY":null,"NET_INTEREST_INCOME":null,"NET_INTEREST_INCOME_YOY":null,"FEE_COMMISSION_INCOME":null,"FEE_COMMISSION_INCOME_YOY":null,"ACCOUNTS_RECE_TDAYS":null,"INVENTORY_TDAYS":null,"CURRENT_ASSETS_TDAYS":null,"TOTAL_ASSETS_TDAYS":0.090061690634,"PREMIUM_EXPENSE":null,"LOAN_DEPOSIT":null,"LOAN_EQUITY":null,"LOAN_ASSETS":null,"DEPOSIT_EQUITY":null,"DEPOSIT_ASSETS":null,"EQUITY_MULTIPLIER":2.747685410396,"EQUITY_RATIO":1.776494613916},{"SECUCODE":"06623.HK","SECURITY_CODE":"06623","SECURITY_NAME_ABBR":"陆控","ORG_CODE":"10479820","STD_REPORT_DATE":"2023-06-30 00:00:00","REPORT_DATE":"2023-06-30 00:00:00","DATE_TYPE_CODE":"002","REPORT_TYPE":"2023年中报","PER_NETCASH_OPERATE":4.607060387379,"PER_OI":16.879658341597,"BPS":53.839883527664,"BASIC_EPS":1.43,"DILUTED_EPS":1.43,"OPERATE_INCOME":19348074000,"OPERATE_INCOME_YOY":-40.6575558104,"GROSS_PROFIT":null,"GROSS_PROFIT_YOY":null,"HOLDER_PROFIT":1637325000,"HOLDER_PROFIT_YOY":-80.0031241207,"GROSS_PROFIT_RATIO":null,"EPS_TTM":1.874648662593,"OPERATE_INCOME_QOQ":-11.827827075386,"NET_PROFIT_RATIO":8.9724072794,"ROE_AVG":1.755706080953,"GROSS_PROFIT_QOQ":null,"ROA":0.519666774109,"HOLDER_PROFIT_QOQ":-47.493196540028,"ROE_YEARLY":3.511412161907,"ROIC_YEARLY":1.044454586996,"TOTAL_ASSETS":280881386000,"TOTAL_LIABILITIES":186063713000,"TAX_EBT":28.500081138142,"OCF_SALES":27.293564206959,"TOTAL_PARENT_EQUITY":93324858000,"DEBT_ASSET_RATIO":66.242806492,"OPERATE_PROFIT":2427958000,"PRETAX_PROFIT":2427958000,"NETCASH_OPERATE":5280779000,"NETCASH_INVEST":1835491000,"NETCASH_FINANCE":-11621316000,"END_CASH":25459557000,"DIVI_RATIO":4.574590125128,"DIVIDEND_RATE":86.818431192661,"CURRENT_RATIO":null,"COMMON_ACS":10000000000,"CURRENTDEBT_DEBT":null,"ISSUED_COMMON_SHARES":1733377784,"HK_COMMON_SHARES":1733377784,"PER_SHARES":100,"TOTAL_MARKET_CAP":18893817845.6,"HKSK_MARKET_CAP":18893817845.6,"PE_TTM":-5.076904609643,"PB_TTM":0.201524211171,"REPORT_DATE_SQ":"2022-06-30 00:00:00","REPORT_TYPE_SQ":"2022年中报","OPERATE_INCOME_SQ":32604107000,"DPS_HKD":9.463209,"OPERATE_INCOME_QOQ_SQ":0,"NET_PROFIT_RATIO_SQ":25.2309778029,"HOLDER_PROFIT_SQ":8187904000,"HOLDER_PROFIT_QOQ_SQ":0,"ROE_AVG_SQ":null,"PE_TTM_SQ":9.696671923383,"PB_TTM_SQ":0.105987935072,"ROA_SQ":null,"START_DATE":"2023-01-01 00:00:00","FISCAL_YEAR":"12-31","CURRENCY":"HKD","IS_CNY_CODE":0,"DPS_HKD_LY":0.61141,"ORG_TYPE":"保险","PREMIUM_INCOME":null,"PREMIUM_INCOME_YOY":null,"NET_INTEREST_INCOME":null,"NET_INTEREST_INCOME_YOY":null,"FEE_COMMISSION_INCOME":null,"FEE_COMMISSION_INCOME_YOY":null,"ACCOUNTS_RECE_TDAYS":null,"INVENTORY_TDAYS":null,"CURRENT_ASSETS_TDAYS":null,"TOTAL_ASSETS_TDAYS":0.061408402124,"PREMIUM_EXPENSE":null,"LOAN_DEPOSIT":null,"LOAN_EQUITY":null,"LOAN_ASSETS":null,"DEPOSIT_EQUITY":null,"DEPOSIT_ASSETS":null,"EQUITY_MULTIPLIER":2.962331568716,"EQUITY_RATIO":1.993720826235},{"SECUCODE":"06623.HK","SECURITY_CODE":"06623","SECURITY_NAME_ABBR":"陆控","ORG_CODE":"10479820","STD_REPORT_DATE":"2023-03-31 00:00:00","REPORT_DATE":"2023-03-31 00:00:00","DATE_TYPE_CODE":"003","REPORT_TYPE":"2023年一季报","PER_NETCASH_OPERATE":3.010765721773,"PER_OI":9.233505122453,"BPS":53.83168623788,"BASIC_EPS":0.59,"DILUTED_EPS":0.59,"OPERATE_INCOME":10077752000,"OPERATE_INCOME_YOY":-41.8012466551,"GROSS_PROFIT":null,"GROSS_PROFIT_YOY":null,"HOLDER_PROFIT":671976000,"HOLDER_PROFIT_YOY":-87.2706311227,"GROSS_PROFIT_RATIO":null,"EPS_TTM":3.749568759347,"OPERATE_INCOME_QOQ":-12.455051754664,"NET_PROFIT_RATIO":7.2671960969,"ROE_AVG":0.720615781744,"GROSS_PROFIT_QOQ":null,"ROA":0.19914544674,"HOLDER_PROFIT_QOQ":-52.957473122476,"ROE_YEARLY":2.882463126975,"ROIC_YEARLY":0.800441918087,"TOTAL_ASSETS":325596710000,"TOTAL_LIABILITIES":230628380000,"TAX_EBT":34.271023768047,"OCF_SALES":32.606964330934,"TOTAL_PARENT_EQUITY":93310649000,"DEBT_ASSET_RATIO":70.8325277611,"OPERATE_PROFIT":1114227000,"PRETAX_PROFIT":1114227000,"NETCASH_OPERATE":3286049000,"NETCASH_INVEST":2174740000,"NETCASH_FINANCE":-2777226000,"END_CASH":32254754000,"DIVI_RATIO":2.287129483518,"DIVIDEND_RATE":86.818431192661,"CURRENT_RATIO":null,"COMMON_ACS":10000000000,"CURRENTDEBT_DEBT":null,"ISSUED_COMMON_SHARES":1733377784,"HK_COMMON_SHARES":1733377784,"PER_SHARES":100,"TOTAL_MARKET_CAP":18893817845.6,"HKSK_MARKET_CAP":18893817845.6,"PE_TTM":-5.076904609643,"PB_TTM":0.201524211171,"REPORT_DATE_SQ":"2022-03-31 00:00:00","REPORT_TYPE_SQ":"2022年一季报","OPERATE_INCOME_SQ":17316096000,"DPS_HKD":9.463209,"OPERATE_INCOME_QOQ_SQ":0,"NET_PROFIT_RATIO_SQ":30.5489239607,"HOLDER_PROFIT_SQ":5278942000,"HOLDER_PROFIT_QOQ_SQ":0,"ROE_AVG_SQ":null,"PE_TTM_SQ":9.696671923383,"PB_TTM_SQ":0.105987935072,"ROA_SQ":null,"START_DATE":"2023-01-01 00:00:00","FISCAL_YEAR":"12-31","CURRENCY":"HKD","IS_CNY_CODE":0,"DPS_HKD_LY":0.61141,"ORG_TYPE":"保险","PREMIUM_INCOME":null,"PREMIUM_INCOME_YOY":null,"NET_INTEREST_INCOME":null,"NET_INTEREST_INCOME_YOY":null,"FEE_COMMISSION_INCOME":null,"FEE_COMMISSION_INCOME_YOY":null,"ACCOUNTS_RECE_TDAYS":null,"INVENTORY_TDAYS":null,"CURRENT_ASSETS_TDAYS":null,"TOTAL_ASSETS_TDAYS":0.029866221772,"PREMIUM_EXPENSE":null,"LOAN_DEPOSIT":null,"LOAN_EQUITY":null,"LOAN_ASSETS":null,"DEPOSIT_EQUITY":null,"DEPOSIT_ASSETS":null,"EQUITY_MULTIPLIER":3.428476735349,"EQUITY_RATIO":2.471619075332},{"SECUCODE":"06623.HK","SECURITY_CODE":"06623","SECURITY_NAME_ABBR":"陆控","ORG_CODE":"10479820","STD_REPORT_DATE":"2022-12-31 00:00:00","REPORT_DATE":"2022-12-31 00:00:00","DATE_TYPE_CODE":"001","REPORT_TYPE":"2022年年报","PER_NETCASH_OPERATE":4.137251912613,"PER_OI":53.967039897173,"BPS":53.76199398665,"BASIC_EPS":7.6,"DILUTED_EPS":7.58,"OPERATE_INCOME":58115728000,"OPERATE_INCOME_YOY":-6.0146916692,"GROSS_PROFIT":null,"GROSS_PROFIT_YOY":null,"HOLDER_PROFIT":8699369000,"HOLDER_PROFIT_YOY":-48.2315384441,"GROSS_PROFIT_RATIO":null,"EPS_TTM":8.078350044987,"OPERATE_INCOME_QOQ":-5.700441176537,"NET_PROFIT_RATIO":15.0992498967,"ROE_AVG":9.341928265851,"GROSS_PROFIT_QOQ":null,"ROA":2.451575155684,"HOLDER_PROFIT_QOQ":-29.960989466979,"ROE_YEARLY":9.341928265851,"ROIC_YEARLY":2.462338922129,"TOTAL_ASSETS":349262807000,"TOTAL_LIABILITIES":254476132000,"TAX_EBT":32.568537149499,"OCF_SALES":7.666256886604,"TOTAL_PARENT_EQUITY":93189846000,"DEBT_ASSET_RATIO":72.8609307661,"OPERATE_PROFIT":13013271000,"PRETAX_PROFIT":13013271000,"NETCASH_OPERATE":4455301000,"NETCASH_INVEST":8447678000,"NETCASH_FINANCE":-9918803000,"END_CASH":29537511000,"DIVI_RATIO":1.061571881909,"DIVIDEND_RATE":86.818431192661,"CURRENT_RATIO":null,"COMMON_ACS":10000000000,"CURRENTDEBT_DEBT":null,"ISSUED_COMMON_SHARES":1733377784,"HK_COMMON_SHARES":1733377784,"PER_SHARES":100,"TOTAL_MARKET_CAP":18893817845.6,"HKSK_MARKET_CAP":18893817845.6,"PE_TTM":-5.076904609643,"PB_TTM":0.201524211171,"REPORT_DATE_SQ":"2021-12-31 00:00:00","REPORT_TYPE_SQ":"2021年年报","OPERATE_INCOME_SQ":61834907000,"DPS_HKD":9.463209,"OPERATE_INCOME_QOQ_SQ":18.808813188957,"NET_PROFIT_RATIO_SQ":27.0220508296,"HOLDER_PROFIT_SQ":16804380000,"HOLDER_PROFIT_QOQ_SQ":36.02254277401,"ROE_AVG_SQ":19.247514895798,"PE_TTM_SQ":9.696671923383,"PB_TTM_SQ":0.105987935072,"ROA_SQ":5.51574773471,"START_DATE":"2022-01-01 00:00:00","FISCAL_YEAR":"12-31","CURRENCY":"HKD","IS_CNY_CODE":0,"DPS_HKD_LY":null,"ORG_TYPE":"保险","PREMIUM_INCOME":null,"PREMIUM_INCOME_YOY":null,"NET_INTEREST_INCOME":null,"NET_INTEREST_INCOME_YOY":null,"FEE_COMMISSION_INCOME":null,"FEE_COMMISSION_INCOME_YOY":null,"ACCOUNTS_RECE_TDAYS":null,"INVENTORY_TDAYS":null,"CURRENT_ASSETS_TDAYS":null,"TOTAL_ASSETS_TDAYS":0.163776332421,"PREMIUM_EXPENSE":null,"LOAN_DEPOSIT":null,"LOAN_EQUITY":null,"LOAN_ASSETS":null,"DEPOSIT_EQUITY":null,"DEPOSIT_ASSETS":null,"EQUITY_MULTIPLIER":3.684724746385,"EQUITY_RATIO":2.730728109584},{"SECUCODE":"06623.HK","SECURITY_CODE":"06623","SECURITY_NAME_ABBR":"陆控","ORG_CODE":"10479820","STD_REPORT_DATE":"2022-09-30 00:00:00","REPORT_DATE":"2022-09-30 00:00:00","DATE_TYPE_CODE":"004","REPORT_TYPE":"2022年三季报","PER_NETCASH_OPERATE":-0.34867875112,"PER_OI":43.3536412696,"BPS":53.946263684201,"BASIC_EPS":8.31,"DILUTED_EPS":7.97,"OPERATE_INCOME":45797390000,"OPERATE_INCOME_YOY":-0.4479294196,"GROSS_PROFIT":null,"GROSS_PROFIT_YOY":null,"HOLDER_PROFIT":9514661000,"HOLDER_PROFIT_YOY":-31.5407942544,"GROSS_PROFIT_RATIO":null,"EPS_TTM":11.75797688672,"OPERATE_INCOME_QOQ":-0.333247044424,"NET_PROFIT_RATIO":20.9203493911,"ROE_AVG":10.199946988403,"GROSS_PROFIT_QOQ":null,"ROA":2.602824312447,"HOLDER_PROFIT_QOQ":-26.086246561908,"ROE_YEARLY":13.59992931787,"ROIC_YEARLY":2.613884458306,"TOTAL_ASSETS":370669336000,"TOTAL_LIABILITIES":275572069000,"TAX_EBT":29.636997600116,"OCF_SALES":-0.804266356664,"TOTAL_PARENT_EQUITY":93509255000,"DEBT_ASSET_RATIO":74.3444472569,"OPERATE_PROFIT":13616494000,"PRETAX_PROFIT":13616494000,"NETCASH_OPERATE":-368333000,"NETCASH_INVEST":7384143000,"NETCASH_FINANCE":-2843563000,"END_CASH":30874532000,"DIVI_RATIO":0.729355852848,"DIVIDEND_RATE":86.818431192661,"CURRENT_RATIO":null,"COMMON_ACS":10000000000,"CURRENTDEBT_DEBT":null,"ISSUED_COMMON_SHARES":1733377784,"HK_COMMON_SHARES":1733377784,"PER_SHARES":100,"TOTAL_MARKET_CAP":18893817845.6,"HKSK_MARKET_CAP":18893817845.6,"PE_TTM":-5.076904609643,"PB_TTM":0.201524211171,"REPORT_DATE_SQ":"2021-09-30 00:00:00","REPORT_TYPE_SQ":"2021年三季报","OPERATE_INCOME_SQ":46003453000,"DPS_HKD":9.463209,"OPERATE_INCOME_QOQ_SQ":0,"NET_PROFIT_RATIO_SQ":30.0254983034,"HOLDER_PROFIT_SQ":13898293000,"HOLDER_PROFIT_QOQ_SQ":0,"ROE_AVG_SQ":null,"PE_TTM_SQ":9.696671923383,"PB_TTM_SQ":0.105987935072,"ROA_SQ":null,"START_DATE":"2022-01-01 00:00:00","FISCAL_YEAR":"12-31","CURRENCY":"HKD","IS_CNY_CODE":0,"DPS_HKD_LY":null,"ORG_TYPE":"保险","PREMIUM_INCOME":null,"PREMIUM_INCOME_YOY":null,"NET_INTEREST_INCOME":null,"NET_INTEREST_INCOME_YOY":null,"FEE_COMMISSION_INCOME":null,"FEE_COMMISSION_INCOME_YOY":null,"ACCOUNTS_RECE_TDAYS":null,"INVENTORY_TDAYS":null,"CURRENT_ASSETS_TDAYS":null,"TOTAL_ASSETS_TDAYS":0.125283034402,"PREMIUM_EXPENSE":null,"LOAN_DEPOSIT":null,"LOAN_EQUITY":null,"LOAN_ASSETS":null,"DEPOSIT_EQUITY":null,"DEPOSIT_ASSETS":null,"EQUITY_MULTIPLIER":3.897791678914,"EQUITY_RATIO":2.947003149581}],"count":14},"success":true,"message":"ok","code":0}