{"version":"271a868cec4bfbf49efad94827da5f18","result":{"pages":2,"data":[{"SECUCODE":"06628.HK","SECURITY_CODE":"06628","SECURITY_NAME_ABBR":"创胜集团-B","ORG_CODE":"10000186355","STD_REPORT_DATE":"2024-06-30 00:00:00","REPORT_DATE":"2024-06-30 00:00:00","DATE_TYPE_CODE":"002","REPORT_TYPE":"2024年中报","PER_NETCASH_OPERATE":-0.273759718912,"PER_OI":0.010458885312,"BPS":2.078762051484,"BASIC_EPS":-0.33,"DILUTED_EPS":-0.33,"OPERATE_INCOME":4564000,"OPERATE_INCOME_YOY":-87.3517348409,"GROSS_PROFIT":1524000,"GROSS_PROFIT_YOY":-84.928797468354,"HOLDER_PROFIT":-133722000,"HOLDER_PROFIT_YOY":43.7308276561,"GROSS_PROFIT_RATIO":33.391761612621,"EPS_TTM":-0.821872682435,"OPERATE_INCOME_QOQ":-58.534048914557,"NET_PROFIT_RATIO":-2929.9298860649,"ROE_AVG":-13.859780135269,"GROSS_PROFIT_QOQ":-59.647173218503,"ROA":-8.445913832377,"HOLDER_PROFIT_QOQ":22.466869879153,"ROE_YEARLY":-27.719560270537,"ROIC_YEARLY":-23.714683216331,"TOTAL_ASSETS":1473250000,"TOTAL_LIABILITIES":571242000,"TAX_EBT":0.0933902142,"OCF_SALES":-2617.48466257669,"TOTAL_PARENT_EQUITY":902008000,"DEBT_ASSET_RATIO":38.774274563,"OPERATE_PROFIT":-126634000,"PRETAX_PROFIT":-133847000,"NETCASH_OPERATE":-119462000,"NETCASH_INVEST":2828000,"NETCASH_FINANCE":-64878000,"END_CASH":365009000,"DIVI_RATIO":null,"DIVIDEND_RATE":null,"CURRENT_RATIO":1.081882055944,"COMMON_ACS":10000000000,"CURRENTDEBT_DEBT":79.329601114764,"ISSUED_COMMON_SHARES":433915945,"HK_COMMON_SHARES":433915945,"PER_SHARES":500,"TOTAL_MARKET_CAP":312419480.4,"HKSK_MARKET_CAP":312419480.4,"PE_TTM":-0.7826188224,"PB_TTM":0.316115834196,"REPORT_DATE_SQ":"2023-06-30 00:00:00","REPORT_TYPE_SQ":"2023年中报","OPERATE_INCOME_SQ":36084000,"DPS_HKD":null,"OPERATE_INCOME_QOQ_SQ":14.059985082244,"NET_PROFIT_RATIO_SQ":-658.5938366035,"HOLDER_PROFIT_SQ":-237647000,"HOLDER_PROFIT_QOQ_SQ":-8.254311669474,"ROE_AVG_SQ":-17.52966859177,"PE_TTM_SQ":-2.575179298244,"PB_TTM_SQ":0.910343799383,"ROA_SQ":-11.693566144767,"START_DATE":"2024-01-01 00:00:00","FISCAL_YEAR":"12-31","CURRENCY":"HKD","IS_CNY_CODE":0,"DPS_HKD_LY":null,"ORG_TYPE":"一般企业","PREMIUM_INCOME":null,"PREMIUM_INCOME_YOY":null,"NET_INTEREST_INCOME":null,"NET_INTEREST_INCOME_YOY":null,"FEE_COMMISSION_INCOME":null,"FEE_COMMISSION_INCOME_YOY":null,"ACCOUNTS_RECE_TDAYS":0.098138929804,"INVENTORY_TDAYS":0.173036969576,"CURRENT_ASSETS_TDAYS":0.007773055395,"TOTAL_ASSETS_TDAYS":0.002882633428,"PREMIUM_EXPENSE":null,"LOAN_DEPOSIT":null,"LOAN_EQUITY":null,"LOAN_ASSETS":null,"DEPOSIT_EQUITY":null,"DEPOSIT_ASSETS":null,"EQUITY_MULTIPLIER":1.63330036984,"EQUITY_RATIO":0.633300369842},{"SECUCODE":"06628.HK","SECURITY_CODE":"06628","SECURITY_NAME_ABBR":"创胜集团-B","ORG_CODE":"10000186355","STD_REPORT_DATE":"2023-12-31 00:00:00","REPORT_DATE":"2023-12-31 00:00:00","DATE_TYPE_CODE":"001","REPORT_TYPE":"2023年年报","PER_NETCASH_OPERATE":-0.82270271916,"PER_OI":0.123732955885,"BPS":2.368276648603,"BASIC_EPS":-1.14,"DILUTED_EPS":-1.14,"OPERATE_INCOME":53849000,"OPERATE_INCOME_YOY":-47.1509048797,"GROSS_PROFIT":14398000,"GROSS_PROFIT_YOY":-27.608225652371,"HOLDER_PROFIT":-462570000,"HOLDER_PROFIT_YOY":-13.724815302,"GROSS_PROFIT_RATIO":26.737729577151,"EPS_TTM":-1.062882382289,"OPERATE_INCOME_QOQ":-53.6655251338,"NET_PROFIT_RATIO":-859.0131664469,"ROE_AVG":-36.982922072185,"GROSS_PROFIT_QOQ":-46.533476920792,"ROA":-24.168696529953,"HOLDER_PROFIT_QOQ":-5.053381752775,"ROE_YEARLY":-36.982922072185,"ROIC_YEARLY":-38.767700539062,"TOTAL_ASSETS":1693299000,"TOTAL_LIABILITIES":665666000,"TAX_EBT":0.054016680351,"OCF_SALES":-664.901855187654,"TOTAL_PARENT_EQUITY":1027633000,"DEBT_ASSET_RATIO":39.3117813216,"OPERATE_PROFIT":-446846000,"PRETAX_PROFIT":-462820000,"NETCASH_OPERATE":-358043000,"NETCASH_INVEST":57470000,"NETCASH_FINANCE":-47202000,"END_CASH":546026000,"DIVI_RATIO":null,"DIVIDEND_RATE":null,"CURRENT_RATIO":1.234084201107,"COMMON_ACS":10000000000,"CURRENTDEBT_DEBT":83.268786448459,"ISSUED_COMMON_SHARES":433915945,"HK_COMMON_SHARES":433915945,"PER_SHARES":500,"TOTAL_MARKET_CAP":260349567,"HKSK_MARKET_CAP":260349567,"PE_TTM":-0.652182352,"PB_TTM":0.26342986183,"REPORT_DATE_SQ":"2022-12-31 00:00:00","REPORT_TYPE_SQ":"2022年年报","OPERATE_INCOME_SQ":101892000,"DPS_HKD":null,"OPERATE_INCOME_QOQ_SQ":124.852697782191,"NET_PROFIT_RATIO_SQ":-399.1922820241,"HOLDER_PROFIT_SQ":-406745000,"HOLDER_PROFIT_QOQ_SQ":56.014300529565,"ROE_AVG_SQ":-23.651615990724,"PE_TTM_SQ":-3.650602381417,"PB_TTM_SQ":1.29051334181,"ROA_SQ":-17.384122235282,"START_DATE":"2023-01-01 00:00:00","FISCAL_YEAR":"12-31","CURRENCY":"HKD","IS_CNY_CODE":0,"DPS_HKD_LY":null,"ORG_TYPE":"一般企业","PREMIUM_INCOME":null,"PREMIUM_INCOME_YOY":null,"NET_INTEREST_INCOME":null,"NET_INTEREST_INCOME_YOY":null,"FEE_COMMISSION_INCOME":null,"FEE_COMMISSION_INCOME_YOY":null,"ACCOUNTS_RECE_TDAYS":0.883212097852,"INVENTORY_TDAYS":2.050840849427,"CURRENT_ASSETS_TDAYS":0.06187698145,"TOTAL_ASSETS_TDAYS":0.028135420357,"PREMIUM_EXPENSE":null,"LOAN_DEPOSIT":null,"LOAN_EQUITY":null,"LOAN_ASSETS":null,"DEPOSIT_EQUITY":null,"DEPOSIT_ASSETS":null,"EQUITY_MULTIPLIER":1.647766274537,"EQUITY_RATIO":0.647766274536},{"SECUCODE":"06628.HK","SECURITY_CODE":"06628","SECURITY_NAME_ABBR":"创胜集团-B","ORG_CODE":"10000186355","STD_REPORT_DATE":"2023-06-30 00:00:00","REPORT_DATE":"2023-06-30 00:00:00","DATE_TYPE_CODE":"002","REPORT_TYPE":"2023年中报","PER_NETCASH_OPERATE":-0.464584361727,"PER_OI":0.084807469488,"BPS":2.851863394879,"BASIC_EPS":-0.58,"DILUTED_EPS":-0.58,"OPERATE_INCOME":36084000,"OPERATE_INCOME_YOY":65.8424487545,"GROSS_PROFIT":10112000,"GROSS_PROFIT_YOY":229.166666666667,"HOLDER_PROFIT":-237647000,"HOLDER_PROFIT_YOY":-16.4519559177,"GROSS_PROFIT_RATIO":28.023500720541,"EPS_TTM":-1.034872524037,"OPERATE_INCOME_QOQ":14.059985082244,"NET_PROFIT_RATIO":-658.5938366035,"ROE_AVG":-17.52966859177,"GROSS_PROFIT_QOQ":35.39645029916,"ROA":-11.693566144767,"HOLDER_PROFIT_QOQ":-8.254311669474,"ROE_YEARLY":-35.059337183541,"ROIC_YEARLY":-39.423757240153,"TOTAL_ASSETS":1930032000,"TOTAL_LIABILITIES":692563000,"TAX_EBT":0.0475269179,"OCF_SALES":-547.810664006208,"TOTAL_PARENT_EQUITY":1237469000,"DEBT_ASSET_RATIO":35.8834983047,"OPERATE_PROFIT":-229185000,"PRETAX_PROFIT":-237760000,"NETCASH_OPERATE":-197672000,"NETCASH_INVEST":46634000,"NETCASH_FINANCE":10542000,"END_CASH":757921000,"DIVI_RATIO":null,"DIVIDEND_RATE":null,"CURRENT_RATIO":1.606897648747,"COMMON_ACS":10000000000,"CURRENTDEBT_DEBT":78.064811432317,"ISSUED_COMMON_SHARES":433915945,"HK_COMMON_SHARES":433915945,"PER_SHARES":500,"TOTAL_MARKET_CAP":260349567,"HKSK_MARKET_CAP":260349567,"PE_TTM":-0.652182352,"PB_TTM":0.26342986183,"REPORT_DATE_SQ":"2022-06-30 00:00:00","REPORT_TYPE_SQ":"2022年中报","OPERATE_INCOME_SQ":21758000,"DPS_HKD":null,"OPERATE_INCOME_QOQ_SQ":-9.806536363998,"NET_PROFIT_RATIO_SQ":-937.9216839783,"HOLDER_PROFIT_SQ":-204073000,"HOLDER_PROFIT_QOQ_SQ":46.097474677114,"ROE_AVG_SQ":-10.950912920406,"PE_TTM_SQ":-3.650602381417,"PB_TTM_SQ":1.29051334181,"ROA_SQ":-8.20873128757,"START_DATE":"2023-01-01 00:00:00","FISCAL_YEAR":"12-31","CURRENCY":"HKD","IS_CNY_CODE":0,"DPS_HKD_LY":null,"ORG_TYPE":"一般企业","PREMIUM_INCOME":null,"PREMIUM_INCOME_YOY":null,"NET_INTEREST_INCOME":null,"NET_INTEREST_INCOME_YOY":null,"FEE_COMMISSION_INCOME":null,"FEE_COMMISSION_INCOME_YOY":null,"ACCOUNTS_RECE_TDAYS":0.517248052292,"INVENTORY_TDAYS":1.178002041048,"CURRENT_ASSETS_TDAYS":0.03748517718,"TOTAL_ASSETS_TDAYS":0.01775535314,"PREMIUM_EXPENSE":null,"LOAN_DEPOSIT":null,"LOAN_EQUITY":null,"LOAN_ASSETS":null,"DEPOSIT_EQUITY":null,"DEPOSIT_ASSETS":null,"EQUITY_MULTIPLIER":1.559660888475,"EQUITY_RATIO":0.559660888475},{"SECUCODE":"06628.HK","SECURITY_CODE":"06628","SECURITY_NAME_ABBR":"创胜集团-B","ORG_CODE":"10000186355","STD_REPORT_DATE":"2022-12-31 00:00:00","REPORT_DATE":"2022-12-31 00:00:00","DATE_TYPE_CODE":"001","REPORT_TYPE":"2022年年报","PER_NETCASH_OPERATE":-0.704437143132,"PER_OI":0.242646419415,"BPS":3.396740813477,"BASIC_EPS":-0.94,"DILUTED_EPS":-0.94,"OPERATE_INCOME":101892000,"OPERATE_INCOME_YOY":102.8024362087,"GROSS_PROFIT":19889000,"GROSS_PROFIT_YOY":112.307856532878,"HOLDER_PROFIT":-406745000,"HOLDER_PROFIT_YOY":76.2905972045,"GROSS_PROFIT_RATIO":19.519687512268,"EPS_TTM":-0.968625778914,"OPERATE_INCOME_QOQ":124.852697782191,"NET_PROFIT_RATIO":-399.1922820241,"ROE_AVG":-23.651615990724,"GROSS_PROFIT_QOQ":151.123737373737,"ROA":-17.384122235282,"HOLDER_PROFIT_QOQ":56.014300529565,"ROE_YEARLY":-23.651615990724,"ROIC_YEARLY":-31.751849319132,"TOTAL_ASSETS":2134545000,"TOTAL_LIABILITIES":660645000,"TAX_EBT":0.060443597033,"OCF_SALES":-290.314254308484,"TOTAL_PARENT_EQUITY":1473900000,"DEBT_ASSET_RATIO":30.9501556538,"OPERATE_PROFIT":-366210000,"PRETAX_PROFIT":-406991000,"NETCASH_OPERATE":-295807000,"NETCASH_INVEST":-102607000,"NETCASH_FINANCE":26723000,"END_CASH":895450000,"DIVI_RATIO":null,"DIVIDEND_RATE":null,"CURRENT_RATIO":1.919572287734,"COMMON_ACS":10000000000,"CURRENTDEBT_DEBT":83.307979323237,"ISSUED_COMMON_SHARES":433915945,"HK_COMMON_SHARES":433915945,"PER_SHARES":500,"TOTAL_MARKET_CAP":260349567,"HKSK_MARKET_CAP":260349567,"PE_TTM":-0.652182352,"PB_TTM":0.26342986183,"REPORT_DATE_SQ":"2021-12-31 00:00:00","REPORT_TYPE_SQ":"2021年年报","OPERATE_INCOME_SQ":50242000,"DPS_HKD":null,"OPERATE_INCOME_QOQ_SQ":-36.687837088563,"NET_PROFIT_RATIO_SQ":-3414.5595318658,"HOLDER_PROFIT_SQ":-1715543000,"HOLDER_PROFIT_QOQ_SQ":-43.02902111574,"ROE_AVG_SQ":-298.530788533086,"PE_TTM_SQ":-3.650602381417,"PB_TTM_SQ":1.29051334181,"ROA_SQ":-74.011552070276,"START_DATE":"2022-01-01 00:00:00","FISCAL_YEAR":"12-31","CURRENCY":"HKD","IS_CNY_CODE":0,"DPS_HKD_LY":null,"ORG_TYPE":"一般企业","PREMIUM_INCOME":null,"PREMIUM_INCOME_YOY":null,"NET_INTEREST_INCOME":null,"NET_INTEREST_INCOME_YOY":null,"FEE_COMMISSION_INCOME":null,"FEE_COMMISSION_INCOME_YOY":null,"ACCOUNTS_RECE_TDAYS":1.80335035353,"INVENTORY_TDAYS":3.96552057643,"CURRENT_ASSETS_TDAYS":0.083106688738,"TOTAL_ASSETS_TDAYS":0.043548242334,"PREMIUM_EXPENSE":null,"LOAN_DEPOSIT":null,"LOAN_EQUITY":null,"LOAN_ASSETS":null,"DEPOSIT_EQUITY":null,"DEPOSIT_ASSETS":null,"EQUITY_MULTIPLIER":1.448229187869,"EQUITY_RATIO":0.448229187869},{"SECUCODE":"06628.HK","SECURITY_CODE":"06628","SECURITY_NAME_ABBR":"创胜集团-B","ORG_CODE":"10000186355","STD_REPORT_DATE":"2022-06-30 00:00:00","REPORT_DATE":"2022-06-30 00:00:00","DATE_TYPE_CODE":"002","REPORT_TYPE":"2022年中报","PER_NETCASH_OPERATE":-0.370366447371,"PER_OI":0.048857939818,"BPS":4.059498205349,"BASIC_EPS":-0.47,"DILUTED_EPS":-0.47,"OPERATE_INCOME":21758000,"OPERATE_INCOME_YOY":-18.463556305,"GROSS_PROFIT":3072000,"GROSS_PROFIT_YOY":-32.035398230089,"HOLDER_PROFIT":-204073000,"HOLDER_PROFIT_YOY":79.4879861694,"GROSS_PROFIT_RATIO":14.118944755952,"EPS_TTM":-2.076475915379,"OPERATE_INCOME_QOQ":-9.806536363998,"NET_PROFIT_RATIO":-937.9216839783,"ROE_AVG":-10.950912920406,"GROSS_PROFIT_QOQ":-15.456874466268,"ROA":-8.20873128757,"HOLDER_PROFIT_QOQ":46.097474677114,"ROE_YEARLY":-21.901825840812,"ROIC_YEARLY":-30.703228553417,"TOTAL_ASSETS":2427141000,"TOTAL_LIABILITIES":665660000,"TAX_EBT":0.05925737289,"OCF_SALES":-758.047614670466,"TOTAL_PARENT_EQUITY":1761481000,"DEBT_ASSET_RATIO":27.4256831391,"OPERATE_PROFIT":-192087000,"PRETAX_PROFIT":-204194000,"NETCASH_OPERATE":-164936000,"NETCASH_INVEST":-41500000,"NETCASH_FINANCE":42478000,"END_CASH":1091418000,"DIVI_RATIO":null,"DIVIDEND_RATE":null,"CURRENT_RATIO":2.67131081535,"COMMON_ACS":10000000000,"CURRENTDEBT_DEBT":74.248415106811,"ISSUED_COMMON_SHARES":433915945,"HK_COMMON_SHARES":433915945,"PER_SHARES":500,"TOTAL_MARKET_CAP":260349567,"HKSK_MARKET_CAP":260349567,"PE_TTM":-0.652182352,"PB_TTM":0.26342986183,"REPORT_DATE_SQ":"2021-06-30 00:00:00","REPORT_TYPE_SQ":"2021年中报","OPERATE_INCOME_SQ":26685000,"DPS_HKD":null,"OPERATE_INCOME_QOQ_SQ":-3.286899930533,"NET_PROFIT_RATIO_SQ":-3728.2930485291,"HOLDER_PROFIT_SQ":-994895000,"HOLDER_PROFIT_QOQ_SQ":-229.705874268122,"ROE_AVG_SQ":75.932185020853,"PE_TTM_SQ":-3.650602381417,"PB_TTM_SQ":1.29051334181,"ROA_SQ":-45.920745813155,"START_DATE":"2022-01-01 00:00:00","FISCAL_YEAR":"12-31","CURRENCY":"HKD","IS_CNY_CODE":0,"DPS_HKD_LY":null,"ORG_TYPE":"一般企业","PREMIUM_INCOME":null,"PREMIUM_INCOME_YOY":null,"NET_INTEREST_INCOME":null,"NET_INTEREST_INCOME_YOY":null,"FEE_COMMISSION_INCOME":null,"FEE_COMMISSION_INCOME_YOY":null,"ACCOUNTS_RECE_TDAYS":0.487754575922,"INVENTORY_TDAYS":0.913740831296,"CURRENT_ASSETS_TDAYS":0.016022822839,"TOTAL_ASSETS_TDAYS":0.008752043404,"PREMIUM_EXPENSE":null,"LOAN_DEPOSIT":null,"LOAN_EQUITY":null,"LOAN_ASSETS":null,"DEPOSIT_EQUITY":null,"DEPOSIT_ASSETS":null,"EQUITY_MULTIPLIER":1.377897916582,"EQUITY_RATIO":0.377897916583},{"SECUCODE":"06628.HK","SECURITY_CODE":"06628","SECURITY_NAME_ABBR":"创胜集团-B","ORG_CODE":"10000186355","STD_REPORT_DATE":"2021-12-31 00:00:00","REPORT_DATE":"2021-12-31 00:00:00","DATE_TYPE_CODE":"001","REPORT_TYPE":"2021年年报","PER_NETCASH_OPERATE":-0.863398704028,"PER_OI":0.112819221084,"BPS":4.529838146418,"BASIC_EPS":-9.34,"DILUTED_EPS":-9.34,"OPERATE_INCOME":50242000,"OPERATE_INCOME_YOY":-37.9575203754,"GROSS_PROFIT":9368000,"GROSS_PROFIT_YOY":-48.533128227667,"HOLDER_PROFIT":-1715543000,"HOLDER_PROFIT_YOY":-441.8200021476,"GROSS_PROFIT_RATIO":18.645754547988,"EPS_TTM":-3.852279467317,"OPERATE_INCOME_QOQ":-36.687837088563,"NET_PROFIT_RATIO":-3414.5595318658,"ROE_AVG":-298.530788533086,"GROSS_PROFIT_QOQ":-19.122852456186,"ROA":-74.011552070276,"HOLDER_PROFIT_QOQ":-43.02902111574,"ROE_YEARLY":-298.530788533086,"ROIC_YEARLY":-131.951600243206,"TOTAL_ASSETS":2544955000,"TOTAL_LIABILITIES":579386000,"TAX_EBT":0.006120136532,"OCF_SALES":-765.293977150591,"TOTAL_PARENT_EQUITY":1965569000,"DEBT_ASSET_RATIO":22.7660606966,"OPERATE_PROFIT":-1697529000,"PRETAX_PROFIT":-1715648000,"NETCASH_OPERATE":-384499000,"NETCASH_INVEST":-69769000,"NETCASH_FINANCE":879712000,"END_CASH":1222026000,"DIVI_RATIO":null,"DIVIDEND_RATE":null,"CURRENT_RATIO":3.277522838825,"COMMON_ACS":10000000000,"CURRENTDEBT_DEBT":73.493318789201,"ISSUED_COMMON_SHARES":433915945,"HK_COMMON_SHARES":433915945,"PER_SHARES":500,"TOTAL_MARKET_CAP":260349567,"HKSK_MARKET_CAP":260349567,"PE_TTM":-0.652182352,"PB_TTM":0.26342986183,"REPORT_DATE_SQ":"2020-12-31 00:00:00","REPORT_TYPE_SQ":"2020年年报","OPERATE_INCOME_SQ":80980000,"DPS_HKD":null,"OPERATE_INCOME_QOQ_SQ":83.461712732216,"NET_PROFIT_RATIO_SQ":-398.7404297357,"HOLDER_PROFIT_SQ":-316626000,"HOLDER_PROFIT_QOQ_SQ":19.893436152772,"ROE_AVG_SQ":38.304343302613,"PE_TTM_SQ":-3.650602381417,"PB_TTM_SQ":1.29051334181,"ROA_SQ":-17.317870317524,"START_DATE":"2021-01-01 00:00:00","FISCAL_YEAR":"12-31","CURRENCY":"HKD","IS_CNY_CODE":0,"DPS_HKD_LY":null,"ORG_TYPE":"一般企业","PREMIUM_INCOME":null,"PREMIUM_INCOME_YOY":null,"NET_INTEREST_INCOME":null,"NET_INTEREST_INCOME_YOY":null,"FEE_COMMISSION_INCOME":null,"FEE_COMMISSION_INCOME_YOY":null,"ACCOUNTS_RECE_TDAYS":1.339518762914,"INVENTORY_TDAYS":2.849057261353,"CURRENT_ASSETS_TDAYS":0.04393590196,"TOTAL_ASSETS_TDAYS":0.021675285313,"PREMIUM_EXPENSE":null,"LOAN_DEPOSIT":null,"LOAN_EQUITY":null,"LOAN_ASSETS":null,"DEPOSIT_EQUITY":null,"DEPOSIT_ASSETS":null,"EQUITY_MULTIPLIER":1.294767571121,"EQUITY_RATIO":0.294767571121},{"SECUCODE":"06628.HK","SECURITY_CODE":"06628","SECURITY_NAME_ABBR":"创胜集团-B","ORG_CODE":"10000186355","STD_REPORT_DATE":"2021-06-30 00:00:00","REPORT_DATE":"2021-06-30 00:00:00","DATE_TYPE_CODE":"002","REPORT_TYPE":"2021年中报","PER_NETCASH_OPERATE":-1.523698654795,"PER_OI":0.236147628082,"BPS":-4.158035722794,"BASIC_EPS":-10.2,"DILUTED_EPS":-10.2,"OPERATE_INCOME":26685000,"OPERATE_INCOME_YOY":-5.7366915115,"GROSS_PROFIT":4520000,"GROSS_PROFIT_YOY":-59.421851153605,"HOLDER_PROFIT":-994895000,"HOLDER_PROFIT_YOY":-787.6333821063,"GROSS_PROFIT_RATIO":16.938354881019,"EPS_TTM":-10.614360224247,"OPERATE_INCOME_QOQ":-3.286899930533,"NET_PROFIT_RATIO":-3728.2930485291,"ROE_AVG":75.932185020853,"GROSS_PROFIT_QOQ":-38.62660944206,"ROA":-45.920745813155,"HOLDER_PROFIT_QOQ":-229.705874268122,"ROE_YEARLY":151.864370041706,"ROIC_YEARLY":-155.337297064362,"TOTAL_ASSETS":2242172000,"TOTAL_LIABILITIES":4046410000,"TAX_EBT":0.005527915976,"OCF_SALES":-645.231403410155,"TOTAL_PARENT_EQUITY":-1804238000,"DEBT_ASSET_RATIO":180.4683137601,"OPERATE_PROFIT":-988238000,"PRETAX_PROFIT":-994950000,"NETCASH_OPERATE":-172180000,"NETCASH_INVEST":-18536000,"NETCASH_FINANCE":342018000,"END_CASH":957608000,"DIVI_RATIO":null,"DIVIDEND_RATE":null,"CURRENT_RATIO":3.133814660613,"COMMON_ACS":10000000000,"CURRENTDEBT_DEBT":8.12604259084,"ISSUED_COMMON_SHARES":433915945,"HK_COMMON_SHARES":433915945,"PER_SHARES":500,"TOTAL_MARKET_CAP":260349567,"HKSK_MARKET_CAP":260349567,"PE_TTM":-0.652182352,"PB_TTM":0.26342986183,"REPORT_DATE_SQ":"2020-06-30 00:00:00","REPORT_TYPE_SQ":"2020年中报","OPERATE_INCOME_SQ":28309000,"DPS_HKD":null,"OPERATE_INCOME_QOQ_SQ":0,"NET_PROFIT_RATIO_SQ":-403.8468331626,"HOLDER_PROFIT_SQ":-112084000,"HOLDER_PROFIT_QOQ_SQ":0,"ROE_AVG_SQ":null,"PE_TTM_SQ":-3.650602381417,"PB_TTM_SQ":1.29051334181,"ROA_SQ":null,"START_DATE":"2021-01-01 00:00:00","FISCAL_YEAR":"12-31","CURRENCY":"HKD","IS_CNY_CODE":0,"DPS_HKD_LY":null,"ORG_TYPE":"一般企业","PREMIUM_INCOME":null,"PREMIUM_INCOME_YOY":null,"NET_INTEREST_INCOME":null,"NET_INTEREST_INCOME_YOY":null,"FEE_COMMISSION_INCOME":null,"FEE_COMMISSION_INCOME_YOY":null,"ACCOUNTS_RECE_TDAYS":0.769974319762,"INVENTORY_TDAYS":1.340692575231,"CURRENT_ASSETS_TDAYS":0.027769452665,"TOTAL_ASSETS_TDAYS":0.012316828429,"PREMIUM_EXPENSE":null,"LOAN_DEPOSIT":null,"LOAN_EQUITY":null,"LOAN_ASSETS":null,"DEPOSIT_EQUITY":null,"DEPOSIT_ASSETS":null,"EQUITY_MULTIPLIER":-1.242725183706,"EQUITY_RATIO":-2.242725183706},{"SECUCODE":"06628.HK","SECURITY_CODE":"06628","SECURITY_NAME_ABBR":"创胜集团-B","ORG_CODE":"10000186355","STD_REPORT_DATE":"2021-03-31 00:00:00","REPORT_DATE":"2021-03-31 00:00:00","DATE_TYPE_CODE":"003","REPORT_TYPE":"2021年一季报","PER_NETCASH_OPERATE":-0.464214026618,"PER_OI":0.076178761618,"BPS":-2.034546114686,"BASIC_EPS":-0.72,"DILUTED_EPS":-0.72,"OPERATE_INCOME":7883000,"OPERATE_INCOME_YOY":15.7562408223,"GROSS_PROFIT":2738000,"GROSS_PROFIT_YOY":32.462506047412,"HOLDER_PROFIT":-70044000,"HOLDER_PROFIT_YOY":-206.1363636364,"GROSS_PROFIT_RATIO":34.732969681593,"EPS_TTM":-3.515548863235,"OPERATE_INCOME_QOQ":1.325018523092,"NET_PROFIT_RATIO":-888.544970189,"ROE_AVG":8.24499563584,"GROSS_PROFIT_QOQ":3.686408087023,"ROA":-3.157497569127,"HOLDER_PROFIT_QOQ":-14.895807672143,"ROE_YEARLY":32.979982543361,"ROIC_YEARLY":-21.679466927276,"TOTAL_ASSETS":2345754000,"TOTAL_LIABILITIES":3228576000,"TAX_EBT":0.038532345764,"OCF_SALES":-609.374603577318,"TOTAL_PARENT_EQUITY":-882822000,"DEBT_ASSET_RATIO":137.6348926614,"OPERATE_PROFIT":null,"PRETAX_PROFIT":-70071000,"NETCASH_OPERATE":-48037000,"NETCASH_INVEST":-12514000,"NETCASH_FINANCE":291290000,"END_CASH":1038373000,"DIVI_RATIO":null,"DIVIDEND_RATE":null,"CURRENT_RATIO":5.387539223899,"COMMON_ACS":10000000000,"CURRENTDEBT_DEBT":6.544278344385,"ISSUED_COMMON_SHARES":433915945,"HK_COMMON_SHARES":433915945,"PER_SHARES":500,"TOTAL_MARKET_CAP":260349567,"HKSK_MARKET_CAP":260349567,"PE_TTM":-0.652182352,"PB_TTM":0.26342986183,"REPORT_DATE_SQ":"2020-03-31 00:00:00","REPORT_TYPE_SQ":"2020年一季报","OPERATE_INCOME_SQ":6810000,"DPS_HKD":null,"OPERATE_INCOME_QOQ_SQ":0,"NET_PROFIT_RATIO_SQ":-363.906020558,"HOLDER_PROFIT_SQ":-22880000,"HOLDER_PROFIT_QOQ_SQ":0,"ROE_AVG_SQ":null,"PE_TTM_SQ":-3.650602381417,"PB_TTM_SQ":1.29051334181,"ROA_SQ":null,"START_DATE":"2021-01-01 00:00:00","FISCAL_YEAR":"12-31","CURRENCY":"HKD","IS_CNY_CODE":0,"DPS_HKD_LY":null,"ORG_TYPE":"一般企业","PREMIUM_INCOME":null,"PREMIUM_INCOME_YOY":null,"NET_INTEREST_INCOME":null,"NET_INTEREST_INCOME_YOY":null,"FEE_COMMISSION_INCOME":null,"FEE_COMMISSION_INCOME_YOY":null,"ACCOUNTS_RECE_TDAYS":0.242140344949,"INVENTORY_TDAYS":0.523744083066,"CURRENT_ASSETS_TDAYS":0.007767367204,"TOTAL_ASSETS_TDAYS":0.003553559668,"PREMIUM_EXPENSE":null,"LOAN_DEPOSIT":null,"LOAN_EQUITY":null,"LOAN_ASSETS":null,"DEPOSIT_EQUITY":null,"DEPOSIT_ASSETS":null,"EQUITY_MULTIPLIER":-2.657108681024,"EQUITY_RATIO":-3.657108681025},{"SECUCODE":"06628.HK","SECURITY_CODE":"06628","SECURITY_NAME_ABBR":"创胜集团-B","ORG_CODE":"10000186355","STD_REPORT_DATE":"2020-12-31 00:00:00","REPORT_DATE":"2020-12-31 00:00:00","DATE_TYPE_CODE":"001","REPORT_TYPE":"2020年年报","PER_NETCASH_OPERATE":-1.724135621515,"PER_OI":0.800585457576,"BPS":-1.881113172737,"BASIC_EPS":-4.53,"DILUTED_EPS":-4.53,"OPERATE_INCOME":80980000,"OPERATE_INCOME_YOY":83.4617127322,"GROSS_PROFIT":18202000,"GROSS_PROFIT_YOY":163.262944749783,"HOLDER_PROFIT":-316626000,"HOLDER_PROFIT_YOY":19.8934361528,"GROSS_PROFIT_RATIO":22.47715485305,"EPS_TTM":-3.130231799091,"OPERATE_INCOME_QOQ":83.461712732216,"NET_PROFIT_RATIO":-398.7404297357,"ROE_AVG":38.304343302613,"GROSS_PROFIT_QOQ":163.262944749783,"ROA":-17.317870317524,"HOLDER_PROFIT_QOQ":19.893436152772,"ROE_YEARLY":38.304343302613,"ROIC_YEARLY":-28.993196406824,"TOTAL_ASSETS":2090924000,"TOTAL_LIABILITIES":2907169000,"TAX_EBT":0.03405467323,"OCF_SALES":-215.359347987157,"TOTAL_PARENT_EQUITY":-816245000,"DEBT_ASSET_RATIO":139.0375259933,"OPERATE_PROFIT":-306940000,"PRETAX_PROFIT":-323010000,"NETCASH_OPERATE":-174398000,"NETCASH_INVEST":-57738000,"NETCASH_FINANCE":620172000,"END_CASH":813592000,"DIVI_RATIO":null,"DIVIDEND_RATE":null,"CURRENT_RATIO":4.582454751538,"COMMON_ACS":10000000000,"CURRENTDEBT_DEBT":6.691630242342,"ISSUED_COMMON_SHARES":433915945,"HK_COMMON_SHARES":433915945,"PER_SHARES":500,"TOTAL_MARKET_CAP":260349567,"HKSK_MARKET_CAP":260349567,"PE_TTM":-0.652182352,"PB_TTM":0.26342986183,"REPORT_DATE_SQ":"2019-12-31 00:00:00","REPORT_TYPE_SQ":"2019年年报","OPERATE_INCOME_SQ":44140000,"DPS_HKD":null,"OPERATE_INCOME_QOQ_SQ":null,"NET_PROFIT_RATIO_SQ":-990.8337109198,"HOLDER_PROFIT_SQ":-395256000,"HOLDER_PROFIT_QOQ_SQ":null,"ROE_AVG_SQ":47.224800977816,"PE_TTM_SQ":-3.650602381417,"PB_TTM_SQ":1.29051334181,"ROA_SQ":-25.24444103812,"START_DATE":"2020-01-01 00:00:00","FISCAL_YEAR":"12-31","CURRENCY":"HKD","IS_CNY_CODE":0,"DPS_HKD_LY":null,"ORG_TYPE":"一般企业","PREMIUM_INCOME":null,"PREMIUM_INCOME_YOY":null,"NET_INTEREST_INCOME":null,"NET_INTEREST_INCOME_YOY":null,"FEE_COMMISSION_INCOME":null,"FEE_COMMISSION_INCOME_YOY":null,"ACCOUNTS_RECE_TDAYS":3.216299944396,"INVENTORY_TDAYS":8.832020258863,"CURRENT_ASSETS_TDAYS":0.117413197893,"TOTAL_ASSETS_TDAYS":0.044292039767,"PREMIUM_EXPENSE":null,"LOAN_DEPOSIT":null,"LOAN_EQUITY":null,"LOAN_ASSETS":null,"DEPOSIT_EQUITY":null,"DEPOSIT_ASSETS":null,"EQUITY_MULTIPLIER":-2.561637743569,"EQUITY_RATIO":-3.56163774357}],"count":12},"success":true,"message":"ok","code":0}