{"version":"37e007b0de4e550426610e19f65916ac","result":{"pages":2,"data":[{"SECUCODE":"06638.HK","SECURITY_CODE":"06638","SECURITY_NAME_ABBR":"金融壹账通","ORG_CODE":"10000064057","STD_REPORT_DATE":"2024-09-30 00:00:00","REPORT_DATE":"2024-09-30 00:00:00","DATE_TYPE_CODE":"004","REPORT_TYPE":"2024年三季报","PER_NETCASH_OPERATE":-0.283828624985,"PER_OI":1.566586588676,"BPS":2.63216660216,"BASIC_EPS":0.1,"DILUTED_EPS":0.1,"OPERATE_INCOME":1832876000,"OPERATE_INCOME_YOY":-30.564778012,"GROSS_PROFIT":662344000,"GROSS_PROFIT_YOY":-32.571508850229,"HOLDER_PROFIT":109504000,"HOLDER_PROFIT_YOY":138.9187037524,"GROSS_PROFIT_RATIO":36.136869051698,"EPS_TTM":0.024064500492,"OPERATE_INCOME_QOQ":-11.986615356405,"NET_PROFIT_RATIO":5.0259810265,"ROE_AVG":3.622149212211,"GROSS_PROFIT_QOQ":-13.355861447887,"ROA":1.709287907792,"HOLDER_PROFIT_QOQ":184.712360091467,"ROE_YEARLY":4.829532282948,"ROIC_YEARLY":2.224552556232,"TOTAL_ASSETS":4744463000,"TOTAL_LIABILITIES":1701242000,"TAX_EBT":2.114831338865,"OCF_SALES":-18.117646802075,"TOTAL_PARENT_EQUITY":3079584000,"DEBT_ASSET_RATIO":35.8574194804,"OPERATE_PROFIT":-155792000,"PRETAX_PROFIT":-119915000,"NETCASH_OPERATE":-332074000,"NETCASH_INVEST":845793000,"NETCASH_FINANCE":-235848000,"END_CASH":1643654000,"DIVI_RATIO":null,"DIVIDEND_RATE":null,"CURRENT_RATIO":2.131863476088,"COMMON_ACS":5000000000,"CURRENTDEBT_DEBT":98.505033381494,"ISSUED_COMMON_SHARES":1169980653,"HK_COMMON_SHARES":1169980653,"PER_SHARES":500,"TOTAL_MARKET_CAP":1298678524.83,"HKSK_MARKET_CAP":1298678524.83,"PE_TTM":46.712357998943,"PB_TTM":0.380290099866,"REPORT_DATE_SQ":"2023-09-30 00:00:00","REPORT_TYPE_SQ":"2023年三季报","OPERATE_INCOME_SQ":2639692000,"DPS_HKD":null,"OPERATE_INCOME_QOQ_SQ":-5.349964197884,"NET_PROFIT_RATIO_SQ":-10.6738638025,"HOLDER_PROFIT_SQ":-281366000,"HOLDER_PROFIT_QOQ_SQ":8.326321785097,"ROE_AVG_SQ":-8.839878639625,"PE_TTM_SQ":-1.386458659382,"PB_TTM_SQ":0.213105967125,"ROA_SQ":-3.249862378147,"START_DATE":"2024-01-01 00:00:00","FISCAL_YEAR":"12-31","CURRENCY":"HKD","IS_CNY_CODE":0,"DPS_HKD_LY":null,"ORG_TYPE":"一般企业","PREMIUM_INCOME":null,"PREMIUM_INCOME_YOY":null,"NET_INTEREST_INCOME":null,"NET_INTEREST_INCOME_YOY":null,"FEE_COMMISSION_INCOME":null,"FEE_COMMISSION_INCOME_YOY":null,"ACCOUNTS_RECE_TDAYS":2.59477075143,"INVENTORY_TDAYS":null,"CURRENT_ASSETS_TDAYS":0.410426662117,"TOTAL_ASSETS_TDAYS":0.286100305311,"PREMIUM_EXPENSE":null,"LOAN_DEPOSIT":null,"LOAN_EQUITY":null,"LOAN_ASSETS":null,"DEPOSIT_EQUITY":null,"DEPOSIT_ASSETS":null,"EQUITY_MULTIPLIER":1.559026768021,"EQUITY_RATIO":0.552425912071},{"SECUCODE":"06638.HK","SECURITY_CODE":"06638","SECURITY_NAME_ABBR":"金融壹账通","ORG_CODE":"10000064057","STD_REPORT_DATE":"2024-06-30 00:00:00","REPORT_DATE":"2024-06-30 00:00:00","DATE_TYPE_CODE":"002","REPORT_TYPE":"2024年中报","PER_NETCASH_OPERATE":-0.254699083473,"PER_OI":1.210078984101,"BPS":2.686901695288,"BASIC_EPS":0.13,"DILUTED_EPS":0.13,"OPERATE_INCOME":1415769000,"OPERATE_INCOME_YOY":-22.7615610602,"GROSS_PROFIT":525782000,"GROSS_PROFIT_YOY":-23.471636377398,"HOLDER_PROFIT":139014000,"HOLDER_PROFIT_YOY":172.986637965,"GROSS_PROFIT_RATIO":37.13755563231,"EPS_TTM":-0.028407307347,"OPERATE_INCOME_QOQ":-7.053571224312,"NET_PROFIT_RATIO":9.0439188879,"ROE_AVG":4.55008302247,"GROSS_PROFIT_QOQ":-7.691871427672,"ROA":2.020052597453,"HOLDER_PROFIT_QOQ":90.720762976861,"ROE_YEARLY":9.100166044939,"ROIC_YEARLY":5.057824394014,"TOTAL_ASSETS":5695046000,"TOTAL_LIABILITIES":2581375000,"TAX_EBT":2.799389050642,"OCF_SALES":-21.048137090161,"TOTAL_PARENT_EQUITY":3143623000,"DEBT_ASSET_RATIO":45.3266751489,"OPERATE_PROFIT":-105502000,"PRETAX_PROFIT":-83804000,"NETCASH_OPERATE":-297993000,"NETCASH_INVEST":480298000,"NETCASH_FINANCE":-129792000,"END_CASH":1438886000,"DIVI_RATIO":null,"DIVIDEND_RATE":null,"CURRENT_RATIO":1.766138452953,"COMMON_ACS":5000000000,"CURRENTDEBT_DEBT":98.923054573628,"ISSUED_COMMON_SHARES":1169980653,"HK_COMMON_SHARES":1169980653,"PER_SHARES":500,"TOTAL_MARKET_CAP":818986457.1,"HKSK_MARKET_CAP":818986457.1,"PE_TTM":29.458243783117,"PB_TTM":0.239822585501,"REPORT_DATE_SQ":"2023-06-30 00:00:00","REPORT_TYPE_SQ":"2023年中报","OPERATE_INCOME_SQ":1832985000,"DPS_HKD":null,"OPERATE_INCOME_QOQ_SQ":-3.668831688786,"NET_PROFIT_RATIO_SQ":-10.4521766966,"HOLDER_PROFIT_SQ":-190465000,"HOLDER_PROFIT_QOQ_SQ":24.594084652225,"ROE_AVG_SQ":-5.896909884851,"PE_TTM_SQ":-1.77284877757,"PB_TTM_SQ":0.272496154685,"ROA_SQ":-2.193650133506,"START_DATE":"2024-01-01 00:00:00","FISCAL_YEAR":"12-31","CURRENCY":"HKD","IS_CNY_CODE":0,"DPS_HKD_LY":null,"ORG_TYPE":"一般企业","PREMIUM_INCOME":null,"PREMIUM_INCOME_YOY":null,"NET_INTEREST_INCOME":null,"NET_INTEREST_INCOME_YOY":null,"FEE_COMMISSION_INCOME":null,"FEE_COMMISSION_INCOME_YOY":null,"ACCOUNTS_RECE_TDAYS":1.725572191816,"INVENTORY_TDAYS":null,"CURRENT_ASSETS_TDAYS":0.286914241506,"TOTAL_ASSETS_TDAYS":0.205729483782,"PREMIUM_EXPENSE":null,"LOAN_DEPOSIT":null,"LOAN_EQUITY":null,"LOAN_ASSETS":null,"DEPOSIT_EQUITY":null,"DEPOSIT_ASSETS":null,"EQUITY_MULTIPLIER":1.829045522151,"EQUITY_RATIO":0.821146492439},{"SECUCODE":"06638.HK","SECURITY_CODE":"06638","SECURITY_NAME_ABBR":"金融壹账通","ORG_CODE":"10000064057","STD_REPORT_DATE":"2024-03-31 00:00:00","REPORT_DATE":"2024-03-31 00:00:00","DATE_TYPE_CODE":"003","REPORT_TYPE":"2024年一季报","PER_NETCASH_OPERATE":-0.098493936378,"PER_OI":0.618189709501,"BPS":2.455681632541,"BASIC_EPS":-0.1,"DILUTED_EPS":-0.1,"OPERATE_INCOME":723270000,"OPERATE_INCOME_YOY":-19.0815662109,"GROSS_PROFIT":272403000,"GROSS_PROFIT_YOY":-18.602330146986,"HOLDER_PROFIT":-104334000,"HOLDER_PROFIT_YOY":4.1690777328,"GROSS_PROFIT_RATIO":37.662698577295,"EPS_TTM":-0.306138395606,"OPERATE_INCOME_QOQ":-4.650460203495,"NET_PROFIT_RATIO":-15.3487632558,"ROE_AVG":-3.573161119484,"GROSS_PROFIT_QOQ":-4.613440738696,"ROA":-1.287277551224,"HOLDER_PROFIT_QOQ":1.251395723915,"ROE_YEARLY":-14.292644477935,"ROIC_YEARLY":-6.126893715565,"TOTAL_ASSETS":8141666000,"TOTAL_LIABILITIES":5294224000,"TAX_EBT":-0.147629632087,"OCF_SALES":-15.932639263346,"TOTAL_PARENT_EQUITY":2873100000,"DEBT_ASSET_RATIO":65.0262980574,"OPERATE_PROFIT":-66348000,"PRETAX_PROFIT":-60286000,"NETCASH_OPERATE":-115236000,"NETCASH_INVEST":255848000,"NETCASH_FINANCE":-100971000,"END_CASH":1420891000,"DIVI_RATIO":null,"DIVIDEND_RATE":null,"CURRENT_RATIO":1.321500769825,"COMMON_ACS":5000000000,"CURRENTDEBT_DEBT":98.929550393032,"ISSUED_COMMON_SHARES":1169980653,"HK_COMMON_SHARES":1169980653,"PER_SHARES":500,"TOTAL_MARKET_CAP":818986457.1,"HKSK_MARKET_CAP":818986457.1,"PE_TTM":29.458243783117,"PB_TTM":0.239822585501,"REPORT_DATE_SQ":"2023-03-31 00:00:00","REPORT_TYPE_SQ":"2023年一季报","OPERATE_INCOME_SQ":893826000,"DPS_HKD":null,"OPERATE_INCOME_QOQ_SQ":-2.083153188551,"NET_PROFIT_RATIO_SQ":-12.2053553879,"HOLDER_PROFIT_SQ":-108873000,"HOLDER_PROFIT_QOQ_SQ":23.927343930921,"ROE_AVG_SQ":-3.389033834463,"PE_TTM_SQ":-1.77284877757,"PB_TTM_SQ":0.272496154685,"ROA_SQ":-1.259465396138,"START_DATE":"2024-01-01 00:00:00","FISCAL_YEAR":"12-31","CURRENCY":"HKD","IS_CNY_CODE":0,"DPS_HKD_LY":null,"ORG_TYPE":"一般企业","PREMIUM_INCOME":null,"PREMIUM_INCOME_YOY":null,"NET_INTEREST_INCOME":null,"NET_INTEREST_INCOME_YOY":null,"FEE_COMMISSION_INCOME":null,"FEE_COMMISSION_INCOME_YOY":null,"ACCOUNTS_RECE_TDAYS":0.898383885308,"INVENTORY_TDAYS":null,"CURRENT_ASSETS_TDAYS":0.117792608822,"TOTAL_ASSETS_TDAYS":0.089237375589,"PREMIUM_EXPENSE":null,"LOAN_DEPOSIT":null,"LOAN_EQUITY":null,"LOAN_ASSETS":null,"DEPOSIT_EQUITY":null,"DEPOSIT_ASSETS":null,"EQUITY_MULTIPLIER":2.859291251584,"EQUITY_RATIO":1.842686993143},{"SECUCODE":"06638.HK","SECURITY_CODE":"06638","SECURITY_NAME_ABBR":"金融壹账通","ORG_CODE":"10000064057","STD_REPORT_DATE":"2023-12-31 00:00:00","REPORT_DATE":"2023-12-31 00:00:00","DATE_TYPE_CODE":"001","REPORT_TYPE":"2023年年报","PER_NETCASH_OPERATE":-0.55424933595,"PER_OI":3.134674056871,"BPS":2.535743640198,"BASIC_EPS":-0.33,"DILUTED_EPS":-0.33,"OPERATE_INCOME":3667508000,"OPERATE_INCOME_YOY":-17.8425995329,"GROSS_PROFIT":1349405000,"GROSS_PROFIT_YOY":-17.468391746625,"HOLDER_PROFIT":-362715000,"HOLDER_PROFIT_YOY":58.41730924,"GROSS_PROFIT_RATIO":36.793512106858,"EPS_TTM":-0.310017946938,"OPERATE_INCOME_QOQ":-7.975882833669,"NET_PROFIT_RATIO":-10.1288395281,"ROE_AVG":-11.589305050677,"GROSS_PROFIT_QOQ":-9.58209177243,"ROA":-4.279636169276,"HOLDER_PROFIT_QOQ":20.925958626824,"ROE_YEARLY":-11.589305050677,"ROIC_YEARLY":-5.296222082274,"TOTAL_ASSETS":8068358000,"TOTAL_LIABILITIES":5120566000,"TAX_EBT":-2.698817297644,"OCF_SALES":-17.681242958434,"TOTAL_PARENT_EQUITY":2966771000,"DEBT_ASSET_RATIO":63.4647842845,"OPERATE_PROFIT":-368212000,"PRETAX_PROFIT":-361714000,"NETCASH_OPERATE":-648461000,"NETCASH_INVEST":318634000,"NETCASH_FINANCE":-213605000,"END_CASH":1379473000,"DIVI_RATIO":null,"DIVIDEND_RATE":null,"CURRENT_RATIO":1.0563543474,"COMMON_ACS":5000000000,"CURRENTDEBT_DEBT":99.072602520893,"ISSUED_COMMON_SHARES":1169980653,"HK_COMMON_SHARES":1169980653,"PER_SHARES":500,"TOTAL_MARKET_CAP":818986457.1,"HKSK_MARKET_CAP":818986457.1,"PE_TTM":29.458243783117,"PB_TTM":0.239822585501,"REPORT_DATE_SQ":"2022-12-31 00:00:00","REPORT_TYPE_SQ":"2022年年报","OPERATE_INCOME_SQ":4464002000,"DPS_HKD":null,"OPERATE_INCOME_QOQ_SQ":-0.840346587712,"NET_PROFIT_RATIO_SQ":-20.7891035891,"HOLDER_PROFIT_SQ":-872274000,"HOLDER_PROFIT_QOQ_SQ":17.186242044022,"ROE_AVG_SQ":-24.617250735851,"PE_TTM_SQ":-1.77284877757,"PB_TTM_SQ":0.272496154685,"ROA_SQ":-9.573336185408,"START_DATE":"2023-01-01 00:00:00","FISCAL_YEAR":"12-31","CURRENCY":"HKD","IS_CNY_CODE":0,"DPS_HKD_LY":null,"ORG_TYPE":"一般企业","PREMIUM_INCOME":null,"PREMIUM_INCOME_YOY":null,"NET_INTEREST_INCOME":null,"NET_INTEREST_INCOME_YOY":null,"FEE_COMMISSION_INCOME":null,"FEE_COMMISSION_INCOME_YOY":null,"ACCOUNTS_RECE_TDAYS":4.441001708586,"INVENTORY_TDAYS":null,"CURRENT_ASSETS_TDAYS":0.625148168742,"TOTAL_ASSETS_TDAYS":0.432725414938,"PREMIUM_EXPENSE":null,"LOAN_DEPOSIT":null,"LOAN_EQUITY":null,"LOAN_ASSETS":null,"DEPOSIT_EQUITY":null,"DEPOSIT_ASSETS":null,"EQUITY_MULTIPLIER":2.737085248892,"EQUITY_RATIO":1.725972783204},{"SECUCODE":"06638.HK","SECURITY_CODE":"06638","SECURITY_NAME_ABBR":"金融壹账通","ORG_CODE":"10000064057","STD_REPORT_DATE":"2023-09-30 00:00:00","REPORT_DATE":"2023-09-30 00:00:00","DATE_TYPE_CODE":"004","REPORT_TYPE":"2023年三季报","PER_NETCASH_OPERATE":-0.703054360678,"PER_OI":2.256184316579,"BPS":2.626647707481,"BASIC_EPS":-0.26,"DILUTED_EPS":-0.26,"OPERATE_INCOME":2639692000,"OPERATE_INCOME_YOY":-14.8568957725,"GROSS_PROFIT":982291000,"GROSS_PROFIT_YOY":-13.374093651726,"HOLDER_PROFIT":-281366000,"HOLDER_PROFIT_YOY":59.5120133192,"GROSS_PROFIT_RATIO":36.141436406079,"EPS_TTM":-0.392060329223,"OPERATE_INCOME_QOQ":-5.349964197884,"NET_PROFIT_RATIO":-10.6738638025,"ROE_AVG":-8.839878639625,"GROSS_PROFIT_QOQ":-5.060987324153,"ROA":-3.249862378147,"HOLDER_PROFIT_QOQ":8.326321785097,"ROE_YEARLY":-11.786504852834,"ROIC_YEARLY":-4.021664727296,"TOTAL_ASSETS":8433182000,"TOTAL_LIABILITIES":5381685000,"TAX_EBT":-3.987298358484,"OCF_SALES":-29.988227972656,"TOTAL_PARENT_EQUITY":3073127000,"DEBT_ASSET_RATIO":63.8155917897,"OPERATE_PROFIT":-172222000,"PRETAX_PROFIT":-169112000,"NETCASH_OPERATE":-822560000,"NETCASH_INVEST":515889000,"NETCASH_FINANCE":-181232000,"END_CASH":1451556000,"DIVI_RATIO":null,"DIVIDEND_RATE":null,"CURRENT_RATIO":1.174982291478,"COMMON_ACS":5000000000,"CURRENTDEBT_DEBT":97.558608502727,"ISSUED_COMMON_SHARES":1169980653,"HK_COMMON_SHARES":1169980653,"PER_SHARES":500,"TOTAL_MARKET_CAP":818986457.1,"HKSK_MARKET_CAP":818986457.1,"PE_TTM":29.458243783117,"PB_TTM":0.239822585501,"REPORT_DATE_SQ":"2022-09-30 00:00:00","REPORT_TYPE_SQ":"2022年三季报","OPERATE_INCOME_SQ":3221568000,"DPS_HKD":null,"OPERATE_INCOME_QOQ_SQ":0.095251880524,"NET_PROFIT_RATIO_SQ":-22.6877408765,"HOLDER_PROFIT_SQ":-694937000,"HOLDER_PROFIT_QOQ_SQ":11.516804142504,"ROE_AVG_SQ":-18.98202853517,"PE_TTM_SQ":-1.77284877757,"PB_TTM_SQ":0.272496154685,"ROA_SQ":-7.59305905264,"START_DATE":"2023-01-01 00:00:00","FISCAL_YEAR":"12-31","CURRENCY":"HKD","IS_CNY_CODE":0,"DPS_HKD_LY":null,"ORG_TYPE":"一般企业","PREMIUM_INCOME":null,"PREMIUM_INCOME_YOY":null,"NET_INTEREST_INCOME":null,"NET_INTEREST_INCOME_YOY":null,"FEE_COMMISSION_INCOME":null,"FEE_COMMISSION_INCOME_YOY":null,"ACCOUNTS_RECE_TDAYS":2.511537054489,"INVENTORY_TDAYS":null,"CURRENT_ASSETS_TDAYS":0.437356506854,"TOTAL_ASSETS_TDAYS":0.316818210484,"PREMIUM_EXPENSE":null,"LOAN_DEPOSIT":null,"LOAN_EQUITY":null,"LOAN_ASSETS":null,"DEPOSIT_EQUITY":null,"DEPOSIT_ASSETS":null,"EQUITY_MULTIPLIER":2.763621265237,"EQUITY_RATIO":1.751208134255},{"SECUCODE":"06638.HK","SECURITY_CODE":"06638","SECURITY_NAME_ABBR":"金融壹账通","ORG_CODE":"10000064057","STD_REPORT_DATE":"2023-06-30 00:00:00","REPORT_DATE":"2023-06-30 00:00:00","DATE_TYPE_CODE":"002","REPORT_TYPE":"2023年中报","PER_NETCASH_OPERATE":-0.540961082029,"PER_OI":1.56667975261,"BPS":2.70698236922,"BASIC_EPS":-0.17,"DILUTED_EPS":-0.17,"OPERATE_INCOME":1832985000,"OPERATE_INCOME_YOY":-11.7692501009,"GROSS_PROFIT":687042000,"GROSS_PROFIT_YOY":-9.514370794552,"HOLDER_PROFIT":-190465000,"HOLDER_PROFIT_YOY":66.1319691166,"GROSS_PROFIT_RATIO":36.65645964453,"EPS_TTM":-0.427669465061,"OPERATE_INCOME_QOQ":-3.668831688786,"NET_PROFIT_RATIO":-10.4521766966,"ROE_AVG":-5.896909884851,"GROSS_PROFIT_QOQ":-3.524500519825,"ROA":-2.193650133506,"HOLDER_PROFIT_QOQ":24.594084652225,"ROE_YEARLY":-11.793819769703,"ROIC_YEARLY":-5.453246637978,"TOTAL_ASSETS":8482739000,"TOTAL_LIABILITIES":5333898000,"TAX_EBT":-4.644684235416,"OCF_SALES":-33.322733193426,"TOTAL_PARENT_EQUITY":3167117000,"DEBT_ASSET_RATIO":62.8794308065,"OPERATE_PROFIT":-116368000,"PRETAX_PROFIT":-116305000,"NETCASH_OPERATE":-632914000,"NETCASH_INVEST":298119000,"NETCASH_FINANCE":-88901000,"END_CASH":1519513000,"DIVI_RATIO":null,"DIVIDEND_RATE":null,"CURRENT_RATIO":1.205690891262,"COMMON_ACS":5000000000,"CURRENTDEBT_DEBT":97.260933748639,"ISSUED_COMMON_SHARES":1169980653,"HK_COMMON_SHARES":1169980653,"PER_SHARES":500,"TOTAL_MARKET_CAP":818986457.1,"HKSK_MARKET_CAP":818986457.1,"PE_TTM":29.458243783117,"PB_TTM":0.239822585501,"REPORT_DATE_SQ":"2022-06-30 00:00:00","REPORT_TYPE_SQ":"2022年中报","OPERATE_INCOME_SQ":2152703000,"DPS_HKD":null,"OPERATE_INCOME_QOQ_SQ":3.832802727904,"NET_PROFIT_RATIO_SQ":-27.4163226418,"HOLDER_PROFIT_SQ":-562374000,"HOLDER_PROFIT_QOQ_SQ":8.046103980373,"ROE_AVG_SQ":-15.607327679393,"PE_TTM_SQ":-1.77284877757,"PB_TTM_SQ":0.272496154685,"ROA_SQ":-6.133434209578,"START_DATE":"2023-01-01 00:00:00","FISCAL_YEAR":"12-31","CURRENCY":"HKD","IS_CNY_CODE":0,"DPS_HKD_LY":null,"ORG_TYPE":"一般企业","PREMIUM_INCOME":null,"PREMIUM_INCOME_YOY":null,"NET_INTEREST_INCOME":null,"NET_INTEREST_INCOME_YOY":null,"FEE_COMMISSION_INCOME":null,"FEE_COMMISSION_INCOME_YOY":null,"ACCOUNTS_RECE_TDAYS":1.719803848808,"INVENTORY_TDAYS":null,"CURRENT_ASSETS_TDAYS":0.300787431751,"TOTAL_ASSETS_TDAYS":0.218754133645,"PREMIUM_EXPENSE":null,"LOAN_DEPOSIT":null,"LOAN_EQUITY":null,"LOAN_ASSETS":null,"DEPOSIT_EQUITY":null,"DEPOSIT_ASSETS":null,"EQUITY_MULTIPLIER":2.69392420894,"EQUITY_RATIO":1.684149338341},{"SECUCODE":"06638.HK","SECURITY_CODE":"06638","SECURITY_NAME_ABBR":"金融壹账通","ORG_CODE":"10000064057","STD_REPORT_DATE":"2023-03-31 00:00:00","REPORT_DATE":"2023-03-31 00:00:00","DATE_TYPE_CODE":"003","REPORT_TYPE":"2023年一季报","PER_NETCASH_OPERATE":-0.524165932511,"PER_OI":0.763966479025,"BPS":2.677232304627,"BASIC_EPS":-0.1,"DILUTED_EPS":-0.1,"OPERATE_INCOME":893826000,"OPERATE_INCOME_YOY":-9.1263649015,"GROSS_PROFIT":334657000,"GROSS_PROFIT_YOY":-4.118258836608,"HOLDER_PROFIT":-108873000,"HOLDER_PROFIT_YOY":65.7184690713,"GROSS_PROFIT_RATIO":37.087367945863,"EPS_TTM":-0.567156386987,"OPERATE_INCOME_QOQ":-2.083153188551,"NET_PROFIT_RATIO":-12.2053553879,"ROE_AVG":-3.389033834463,"GROSS_PROFIT_QOQ":-0.343849846118,"ROA":-1.259465396138,"HOLDER_PROFIT_QOQ":23.927343930921,"ROE_YEARLY":-13.556135337852,"ROIC_YEARLY":-6.328183748838,"TOTAL_ASSETS":8406382000,"TOTAL_LIABILITIES":5288433000,"TAX_EBT":2.384926044361,"OCF_SALES":-66.23107611027,"TOTAL_PARENT_EQUITY":3132310000,"DEBT_ASSET_RATIO":62.9097392909,"OPERATE_PROFIT":-78142000,"PRETAX_PROFIT":-78493000,"NETCASH_OPERATE":-613264000,"NETCASH_INVEST":407066000,"NETCASH_FINANCE":-44421000,"END_CASH":1646431000,"DIVI_RATIO":null,"DIVIDEND_RATE":null,"CURRENT_RATIO":1.165821756388,"COMMON_ACS":5000000000,"CURRENTDEBT_DEBT":97.09987816807,"ISSUED_COMMON_SHARES":1169980653,"HK_COMMON_SHARES":1169980653,"PER_SHARES":500,"TOTAL_MARKET_CAP":818986457.1,"HKSK_MARKET_CAP":818986457.1,"PE_TTM":29.458243783117,"PB_TTM":0.239822585501,"REPORT_DATE_SQ":"2022-03-31 00:00:00","REPORT_TYPE_SQ":"2022年一季报","OPERATE_INCOME_SQ":1018938000,"DPS_HKD":null,"OPERATE_INCOME_QOQ_SQ":4.81984010578,"NET_PROFIT_RATIO_SQ":-32.6131717533,"HOLDER_PROFIT_SQ":-317585000,"HOLDER_PROFIT_QOQ_SQ":-1.002809552009,"ROE_AVG_SQ":-8.735445966129,"PE_TTM_SQ":-1.77284877757,"PB_TTM_SQ":0.272496154685,"ROA_SQ":-3.583936547785,"START_DATE":"2023-01-01 00:00:00","FISCAL_YEAR":"12-31","CURRENCY":"HKD","IS_CNY_CODE":0,"DPS_HKD_LY":null,"ORG_TYPE":"一般企业","PREMIUM_INCOME":null,"PREMIUM_INCOME_YOY":null,"NET_INTEREST_INCOME":null,"NET_INTEREST_INCOME_YOY":null,"FEE_COMMISSION_INCOME":null,"FEE_COMMISSION_INCOME_YOY":null,"ACCOUNTS_RECE_TDAYS":0.836202452777,"INVENTORY_TDAYS":null,"CURRENT_ASSETS_TDAYS":0.149819231585,"TOTAL_ASSETS_TDAYS":0.107115349599,"PREMIUM_EXPENSE":null,"LOAN_DEPOSIT":null,"LOAN_EQUITY":null,"LOAN_ASSETS":null,"DEPOSIT_EQUITY":null,"DEPOSIT_ASSETS":null,"EQUITY_MULTIPLIER":2.696125562026,"EQUITY_RATIO":1.688349173613},{"SECUCODE":"06638.HK","SECURITY_CODE":"06638","SECURITY_NAME_ABBR":"金融壹账通","ORG_CODE":"10000064057","STD_REPORT_DATE":"2022-12-31 00:00:00","REPORT_DATE":"2022-12-31 00:00:00","DATE_TYPE_CODE":"001","REPORT_TYPE":"2022年年报","PER_NETCASH_OPERATE":-0.637603705743,"PER_OI":3.815449416667,"BPS":2.814326024586,"BASIC_EPS":-0.8,"DILUTED_EPS":-0.8,"OPERATE_INCOME":4464002000,"OPERATE_INCOME_YOY":8.025565071,"GROSS_PROFIT":1635016000,"GROSS_PROFIT_YOY":13.807459153267,"HOLDER_PROFIT":-872274000,"HOLDER_PROFIT_YOY":31.9439275524,"GROSS_PROFIT_RATIO":36.626686099155,"EPS_TTM":-0.7455456616,"OPERATE_INCOME_QOQ":-0.840346587712,"NET_PROFIT_RATIO":-20.7891035891,"ROE_AVG":-24.617250735851,"GROSS_PROFIT_QOQ":3.215429008996,"ROA":-9.573336185408,"HOLDER_PROFIT_QOQ":17.186242044022,"ROE_YEARLY":-24.617250735851,"ROIC_YEARLY":-11.716715151959,"TOTAL_ASSETS":8882382000,"TOTAL_LIABILITIES":5604327000,"TAX_EBT":6.276377966275,"OCF_SALES":-16.711103624058,"TOTAL_PARENT_EQUITY":3292707000,"DEBT_ASSET_RATIO":63.0948657691,"OPERATE_PROFIT":-981563000,"PRETAX_PROFIT":-990173000,"NETCASH_OPERATE":-745984000,"NETCASH_INVEST":1873169000,"NETCASH_FINANCE":-694066000,"END_CASH":1907776000,"DIVI_RATIO":null,"DIVIDEND_RATE":null,"CURRENT_RATIO":1.170381988135,"COMMON_ACS":5000000000,"CURRENTDEBT_DEBT":97.180642742652,"ISSUED_COMMON_SHARES":1169980653,"HK_COMMON_SHARES":1169980653,"PER_SHARES":500,"TOTAL_MARKET_CAP":818986457.1,"HKSK_MARKET_CAP":818986457.1,"PE_TTM":29.458243783117,"PB_TTM":0.239822585501,"REPORT_DATE_SQ":"2021-12-31 00:00:00","REPORT_TYPE_SQ":"2021年年报","OPERATE_INCOME_SQ":4132357000,"DPS_HKD":null,"OPERATE_INCOME_QOQ_SQ":5.207445966183,"NET_PROFIT_RATIO_SQ":-32.1974359911,"HOLDER_PROFIT_SQ":-1281699000,"HOLDER_PROFIT_QOQ_SQ":0.509446059885,"ROE_AVG_SQ":-28.515940694718,"PE_TTM_SQ":-1.77284877757,"PB_TTM_SQ":0.272496154685,"ROA_SQ":-12.673860920163,"START_DATE":"2022-01-01 00:00:00","FISCAL_YEAR":"12-31","CURRENCY":"HKD","IS_CNY_CODE":0,"DPS_HKD_LY":null,"ORG_TYPE":"一般企业","PREMIUM_INCOME":null,"PREMIUM_INCOME_YOY":null,"NET_INTEREST_INCOME":null,"NET_INTEREST_INCOME_YOY":null,"FEE_COMMISSION_INCOME":null,"FEE_COMMISSION_INCOME_YOY":null,"ACCOUNTS_RECE_TDAYS":4.872931065631,"INVENTORY_TDAYS":null,"CURRENT_ASSETS_TDAYS":0.672660738194,"TOTAL_ASSETS_TDAYS":0.489930823094,"PREMIUM_EXPENSE":null,"LOAN_DEPOSIT":null,"LOAN_EQUITY":null,"LOAN_ASSETS":null,"DEPOSIT_EQUITY":null,"DEPOSIT_ASSETS":null,"EQUITY_MULTIPLIER":2.709650082136,"EQUITY_RATIO":1.702042422845},{"SECUCODE":"06638.HK","SECURITY_CODE":"06638","SECURITY_NAME_ABBR":"金融壹账通","ORG_CODE":"10000064057","STD_REPORT_DATE":"2022-09-30 00:00:00","REPORT_DATE":"2022-09-30 00:00:00","DATE_TYPE_CODE":"004","REPORT_TYPE":"2022年三季报","PER_NETCASH_OPERATE":-0.787243787013,"PER_OI":2.753522455042,"BPS":3.015494308349,"BASIC_EPS":null,"DILUTED_EPS":null,"OPERATE_INCOME":3221568000,"OPERATE_INCOME_YOY":12.9545610731,"GROSS_PROFIT":1133946000,"GROSS_PROFIT_YOY":14.944511797072,"HOLDER_PROFIT":-694937000,"HOLDER_PROFIT_YOY":24.7366083999,"GROSS_PROFIT_RATIO":35.198574110495,"EPS_TTM":-0.90026787819,"OPERATE_INCOME_QOQ":0.095251880524,"NET_PROFIT_RATIO":-22.6877408765,"ROE_AVG":-18.98202853517,"GROSS_PROFIT_QOQ":-0.232778280577,"ROA":-7.59305905264,"HOLDER_PROFIT_QOQ":11.516804142504,"ROE_YEARLY":-25.309371380227,"ROIC_YEARLY":-9.023304308986,"TOTAL_ASSETS":8963926000,"TOTAL_LIABILITIES":5430720000,"TAX_EBT":6.243417871065,"OCF_SALES":-28.590425531915,"TOTAL_PARENT_EQUITY":3528070000,"DEBT_ASSET_RATIO":60.5841681424,"OPERATE_PROFIT":-787391000,"PRETAX_PROFIT":-779573000,"NETCASH_OPERATE":-921060000,"NETCASH_INVEST":1532768000,"NETCASH_FINANCE":-630700000,"END_CASH":1455767000,"DIVI_RATIO":null,"DIVIDEND_RATE":null,"CURRENT_RATIO":1.241049937534,"COMMON_ACS":5000000000,"CURRENTDEBT_DEBT":94.035045076896,"ISSUED_COMMON_SHARES":1169980653,"HK_COMMON_SHARES":1169980653,"PER_SHARES":500,"TOTAL_MARKET_CAP":818986457.1,"HKSK_MARKET_CAP":818986457.1,"PE_TTM":29.458243783117,"PB_TTM":0.239822585501,"REPORT_DATE_SQ":"2021-09-30 00:00:00","REPORT_TYPE_SQ":"2021年三季报","OPERATE_INCOME_SQ":2852092000,"DPS_HKD":null,"OPERATE_INCOME_QOQ_SQ":18.583155460422,"NET_PROFIT_RATIO_SQ":-33.9169984699,"HOLDER_PROFIT_SQ":-923340000,"HOLDER_PROFIT_QOQ_SQ":4.827542390411,"ROE_AVG_SQ":-19.555578334934,"PE_TTM_SQ":-1.77284877757,"PB_TTM_SQ":0.272496154685,"ROA_SQ":-8.908664050626,"START_DATE":"2022-01-01 00:00:00","FISCAL_YEAR":"12-31","CURRENCY":"HKD","IS_CNY_CODE":0,"DPS_HKD_LY":null,"ORG_TYPE":"一般企业","PREMIUM_INCOME":null,"PREMIUM_INCOME_YOY":null,"NET_INTEREST_INCOME":null,"NET_INTEREST_INCOME_YOY":null,"FEE_COMMISSION_INCOME":null,"FEE_COMMISSION_INCOME_YOY":null,"ACCOUNTS_RECE_TDAYS":3.072084954253,"INVENTORY_TDAYS":null,"CURRENT_ASSETS_TDAYS":0.486782763252,"TOTAL_ASSETS_TDAYS":0.351996743102,"PREMIUM_EXPENSE":null,"LOAN_DEPOSIT":null,"LOAN_EQUITY":null,"LOAN_ASSETS":null,"DEPOSIT_EQUITY":null,"DEPOSIT_ASSETS":null,"EQUITY_MULTIPLIER":2.537051618276,"EQUITY_RATIO":1.539289186439}],"count":18},"success":true,"message":"ok","code":0}