{"version":"9ec8bb981c6a879899932a0c9809ff1c","result":{"pages":2,"data":[{"SECUCODE":"06633.HK","SECURITY_CODE":"06633","SECURITY_NAME_ABBR":"青瓷游戏","ORG_CODE":"10000224050","STD_REPORT_DATE":"2024-06-30 00:00:00","REPORT_DATE":"2024-06-30 00:00:00","DATE_TYPE_CODE":"002","REPORT_TYPE":"2024年中报","PER_NETCASH_OPERATE":-0.034498694908,"PER_OI":0.495597980995,"BPS":2.607369413038,"BASIC_EPS":0.07,"DILUTED_EPS":0.07,"OPERATE_INCOME":342622000,"OPERATE_INCOME_YOY":2.6007899694,"GROSS_PROFIT":211787000,"GROSS_PROFIT_YOY":-6.044904242435,"HOLDER_PROFIT":45059000,"HOLDER_PROFIT_YOY":8.6230172123,"GROSS_PROFIT_RATIO":61.81360216215,"EPS_TTM":-0.04888255328,"OPERATE_INCOME_QOQ":0.958887624112,"NET_PROFIT_RATIO":11.1501888378,"ROE_AVG":2.538618878425,"GROSS_PROFIT_QOQ":-2.442478256817,"ROA":2.261575649527,"HOLDER_PROFIT_QOQ":9.571592946402,"ROE_YEARLY":5.07723775685,"ROIC_YEARLY":5.974065404607,"TOTAL_ASSETS":1985916000,"TOTAL_LIABILITIES":194055000,"TAX_EBT":1.935467310111,"OCF_SALES":-6.961024102364,"TOTAL_PARENT_EQUITY":1802554000,"DEBT_ASSET_RATIO":9.7715613349,"OPERATE_PROFIT":36270000,"PRETAX_PROFIT":38957000,"NETCASH_OPERATE":-23850000,"NETCASH_INVEST":-84133000,"NETCASH_FINANCE":-5154000,"END_CASH":421838000,"DIVI_RATIO":null,"DIVIDEND_RATE":null,"CURRENT_RATIO":10.138860526853,"COMMON_ACS":5000000000,"CURRENTDEBT_DEBT":83.275875396151,"ISSUED_COMMON_SHARES":691330500,"HK_COMMON_SHARES":691330500,"PER_SHARES":500,"TOTAL_MARKET_CAP":1721412945,"HKSK_MARKET_CAP":1721412945,"PE_TTM":-46.700568041441,"PB_TTM":0.871596172233,"REPORT_DATE_SQ":"2023-06-30 00:00:00","REPORT_TYPE_SQ":"2023年中报","OPERATE_INCOME_SQ":333937000,"DPS_HKD":null,"OPERATE_INCOME_QOQ_SQ":10.442012351535,"NET_PROFIT_RATIO_SQ":12.4924761257,"HOLDER_PROFIT_SQ":41482000,"HOLDER_PROFIT_QOQ_SQ":232.987291927689,"ROE_AVG_SQ":2.297129446528,"PE_TTM_SQ":14.754297523133,"PB_TTM_SQ":1.396724303816,"ROA_SQ":2.101878425268,"START_DATE":"2024-01-01 00:00:00","FISCAL_YEAR":"12-31","CURRENCY":"HKD","IS_CNY_CODE":0,"DPS_HKD_LY":null,"ORG_TYPE":"一般企业","PREMIUM_INCOME":null,"PREMIUM_INCOME_YOY":null,"NET_INTEREST_INCOME":null,"NET_INTEREST_INCOME_YOY":null,"FEE_COMMISSION_INCOME":null,"FEE_COMMISSION_INCOME_YOY":null,"ACCOUNTS_RECE_TDAYS":6.047569036881,"INVENTORY_TDAYS":112.54623655914,"CURRENT_ASSETS_TDAYS":0.206469940244,"TOTAL_ASSETS_TDAYS":0.171966881687,"PREMIUM_EXPENSE":null,"LOAN_DEPOSIT":null,"LOAN_EQUITY":null,"LOAN_ASSETS":null,"DEPOSIT_EQUITY":null,"DEPOSIT_ASSETS":null,"EQUITY_MULTIPLIER":1.108298020884,"EQUITY_RATIO":0.107655582024},{"SECUCODE":"06633.HK","SECURITY_CODE":"06633","SECURITY_NAME_ABBR":"青瓷游戏","ORG_CODE":"10000224050","STD_REPORT_DATE":"2023-12-31 00:00:00","REPORT_DATE":"2023-12-31 00:00:00","DATE_TYPE_CODE":"001","REPORT_TYPE":"2023年年报","PER_NETCASH_OPERATE":-0.004663471379,"PER_OI":1.310136034791,"BPS":2.52748721487,"BASIC_EPS":-0.05,"DILUTED_EPS":-0.05,"OPERATE_INCOME":905737000,"OPERATE_INCOME_YOY":43.6840761017,"GROSS_PROFIT":557876000,"GROSS_PROFIT_YOY":32.170855771441,"HOLDER_PROFIT":-37371000,"HOLDER_PROFIT_YOY":-174.3213412088,"GROSS_PROFIT_RATIO":61.593597258365,"EPS_TTM":-0.054056634273,"OPERATE_INCOME_QOQ":30.099110874905,"NET_PROFIT_RATIO":-4.1513154481,"ROE_AVG":-2.128943167796,"GROSS_PROFIT_QOQ":15.864985212508,"ROA":-1.909006622855,"HOLDER_PROFIT_QOQ":-122.319572851716,"ROE_YEARLY":-2.128943167796,"ROIC_YEARLY":-3.134755217567,"TOTAL_ASSETS":1998828000,"TOTAL_LIABILITIES":255968000,"TAX_EBT":-50.610855197276,"OCF_SALES":-0.355953218208,"TOTAL_PARENT_EQUITY":1747329000,"DEBT_ASSET_RATIO":12.8059042599,"OPERATE_PROFIT":-26966000,"PRETAX_PROFIT":-24965000,"NETCASH_OPERATE":-3224000,"NETCASH_INVEST":-487070000,"NETCASH_FINANCE":9919000,"END_CASH":538003000,"DIVI_RATIO":null,"DIVIDEND_RATE":null,"CURRENT_RATIO":7.610499952446,"COMMON_ACS":5000000000,"CURRENTDEBT_DEBT":86.261173271659,"ISSUED_COMMON_SHARES":691330500,"HK_COMMON_SHARES":691330500,"PER_SHARES":500,"TOTAL_MARKET_CAP":1859679045,"HKSK_MARKET_CAP":1859679045,"PE_TTM":-50.451617683324,"PB_TTM":0.94160389691,"REPORT_DATE_SQ":"2022-12-31 00:00:00","REPORT_TYPE_SQ":"2022年年报","OPERATE_INCOME_SQ":630367000,"DPS_HKD":null,"OPERATE_INCOME_QOQ_SQ":3.173098955776,"NET_PROFIT_RATIO_SQ":7.242764929,"HOLDER_PROFIT_SQ":50283000,"HOLDER_PROFIT_QOQ_SQ":114.402907907664,"ROE_AVG_SQ":2.949522358984,"PE_TTM_SQ":13.114931131674,"PB_TTM_SQ":1.241532714503,"ROA_SQ":2.656747606864,"START_DATE":"2023-01-01 00:00:00","FISCAL_YEAR":"12-31","CURRENCY":"HKD","IS_CNY_CODE":0,"DPS_HKD_LY":null,"ORG_TYPE":"一般企业","PREMIUM_INCOME":null,"PREMIUM_INCOME_YOY":null,"NET_INTEREST_INCOME":null,"NET_INTEREST_INCOME_YOY":null,"FEE_COMMISSION_INCOME":null,"FEE_COMMISSION_INCOME_YOY":null,"ACCOUNTS_RECE_TDAYS":15.040842930329,"INVENTORY_TDAYS":495.175800711744,"CURRENT_ASSETS_TDAYS":0.549928886177,"TOTAL_ASSETS_TDAYS":0.462673712655,"PREMIUM_EXPENSE":null,"LOAN_DEPOSIT":null,"LOAN_EQUITY":null,"LOAN_ASSETS":null,"DEPOSIT_EQUITY":null,"DEPOSIT_ASSETS":null,"EQUITY_MULTIPLIER":1.146866644481,"EQUITY_RATIO":0.146491015716},{"SECUCODE":"06633.HK","SECURITY_CODE":"06633","SECURITY_NAME_ABBR":"青瓷游戏","ORG_CODE":"10000224050","STD_REPORT_DATE":"2023-06-30 00:00:00","REPORT_DATE":"2023-06-30 00:00:00","DATE_TYPE_CODE":"002","REPORT_TYPE":"2023年中报","PER_NETCASH_OPERATE":0.021678488075,"PER_OI":0.483035248698,"BPS":2.673411631629,"BASIC_EPS":0.06,"DILUTED_EPS":0.06,"OPERATE_INCOME":333937000,"OPERATE_INCOME_YOY":24.5503778244,"GROSS_PROFIT":225413000,"GROSS_PROFIT_YOY":35.781148350722,"HOLDER_PROFIT":41482000,"HOLDER_PROFIT_YOY":154.8188870241,"GROSS_PROFIT_RATIO":67.501654503694,"EPS_TTM":0.242193856629,"OPERATE_INCOME_QOQ":10.442012351535,"NET_PROFIT_RATIO":12.4924761257,"ROE_AVG":2.297129446528,"GROSS_PROFIT_QOQ":14.073165011005,"ROA":2.101878425268,"HOLDER_PROFIT_QOQ":232.987291927689,"ROE_YEARLY":4.594258893056,"ROIC_YEARLY":7.335990467917,"TOTAL_ASSETS":2030734000,"TOTAL_LIABILITIES":187033000,"TAX_EBT":28.554547011475,"OCF_SALES":4.487972282197,"TOTAL_PARENT_EQUITY":1848211000,"DEBT_ASSET_RATIO":9.2101181149,"OPERATE_PROFIT":51848000,"PRETAX_PROFIT":58390000,"NETCASH_OPERATE":14987000,"NETCASH_INVEST":-362118000,"NETCASH_FINANCE":15736000,"END_CASH":692416000,"DIVI_RATIO":null,"DIVIDEND_RATE":null,"CURRENT_RATIO":11.296628892239,"COMMON_ACS":5000000000,"CURRENTDEBT_DEBT":82.282805708084,"ISSUED_COMMON_SHARES":691330500,"HK_COMMON_SHARES":691330500,"PER_SHARES":500,"TOTAL_MARKET_CAP":1859679045,"HKSK_MARKET_CAP":1859679045,"PE_TTM":-50.451617683324,"PB_TTM":0.94160389691,"REPORT_DATE_SQ":"2022-06-30 00:00:00","REPORT_TYPE_SQ":"2022年中报","OPERATE_INCOME_SQ":268114000,"DPS_HKD":null,"OPERATE_INCOME_QOQ_SQ":-44.748493420244,"NET_PROFIT_RATIO_SQ":-32.4011427975,"HOLDER_PROFIT_SQ":-75671000,"HOLDER_PROFIT_QOQ_SQ":4.93259011358,"ROE_AVG_SQ":-4.670596738464,"PE_TTM_SQ":13.114931131674,"PB_TTM_SQ":1.241532714503,"ROA_SQ":-3.99584209794,"START_DATE":"2023-01-01 00:00:00","FISCAL_YEAR":"12-31","CURRENCY":"HKD","IS_CNY_CODE":0,"DPS_HKD_LY":null,"ORG_TYPE":"一般企业","PREMIUM_INCOME":null,"PREMIUM_INCOME_YOY":null,"NET_INTEREST_INCOME":null,"NET_INTEREST_INCOME_YOY":null,"FEE_COMMISSION_INCOME":null,"FEE_COMMISSION_INCOME_YOY":null,"ACCOUNTS_RECE_TDAYS":5.697465514447,"INVENTORY_TDAYS":1517.81818181818,"CURRENT_ASSETS_TDAYS":0.199239584561,"TOTAL_ASSETS_TDAYS":0.16920470944,"PREMIUM_EXPENSE":null,"LOAN_DEPOSIT":null,"LOAN_EQUITY":null,"LOAN_ASSETS":null,"DEPOSIT_EQUITY":null,"DEPOSIT_ASSETS":null,"EQUITY_MULTIPLIER":1.10144432313,"EQUITY_RATIO":0.101196778939},{"SECUCODE":"06633.HK","SECURITY_CODE":"06633","SECURITY_NAME_ABBR":"青瓷游戏","ORG_CODE":"10000224050","STD_REPORT_DATE":"2022-12-31 00:00:00","REPORT_DATE":"2022-12-31 00:00:00","DATE_TYPE_CODE":"001","REPORT_TYPE":"2022年年报","PER_NETCASH_OPERATE":-0.029200216105,"PER_OI":0.911817141006,"BPS":2.550772749069,"BASIC_EPS":0.07,"DILUTED_EPS":0.07,"OPERATE_INCOME":630367000,"OPERATE_INCOME_YOY":-42.9953084419,"GROSS_PROFIT":422087000,"GROSS_PROFIT_YOY":-48.057159804528,"HOLDER_PROFIT":50283000,"HOLDER_PROFIT_YOY":113.6924714961,"GROSS_PROFIT_RATIO":66.958930273952,"EPS_TTM":0.072733663566,"OPERATE_INCOME_QOQ":3.173098955776,"NET_PROFIT_RATIO":7.242764929,"ROE_AVG":2.949522358984,"GROSS_PROFIT_QOQ":4.453969298843,"ROA":2.656747606864,"HOLDER_PROFIT_QOQ":114.402907907664,"ROE_YEARLY":2.949522358984,"ROIC_YEARLY":6.209153756913,"TOTAL_ASSETS":1916402000,"TOTAL_LIABILITIES":157502000,"TAX_EBT":41.865410326606,"OCF_SALES":-3.202420177452,"TOTAL_PARENT_EQUITY":1763427000,"DEBT_ASSET_RATIO":8.2186305379,"OPERATE_PROFIT":86588000,"PRETAX_PROFIT":78535000,"NETCASH_OPERATE":-20187000,"NETCASH_INVEST":-156761000,"NETCASH_FINANCE":-46182000,"END_CASH":1001922000,"DIVI_RATIO":null,"DIVIDEND_RATE":null,"CURRENT_RATIO":11.451669907598,"COMMON_ACS":5000000000,"CURRENTDEBT_DEBT":89.462990946147,"ISSUED_COMMON_SHARES":691330500,"HK_COMMON_SHARES":691330500,"PER_SHARES":500,"TOTAL_MARKET_CAP":1859679045,"HKSK_MARKET_CAP":1859679045,"PE_TTM":-50.451617683324,"PB_TTM":0.94160389691,"REPORT_DATE_SQ":"2021-12-31 00:00:00","REPORT_TYPE_SQ":"2021年年报","OPERATE_INCOME_SQ":1105816000,"DPS_HKD":null,"OPERATE_INCOME_QOQ_SQ":-41.839564092315,"NET_PROFIT_RATIO_SQ":-33.3362874113,"HOLDER_PROFIT_SQ":-367231000,"HOLDER_PROFIT_QOQ_SQ":-321.045060011798,"ROE_AVG_SQ":-39.479881419844,"PE_TTM_SQ":13.114931131674,"PB_TTM_SQ":1.241532714503,"ROA_SQ":-28.208135731744,"START_DATE":"2022-01-01 00:00:00","FISCAL_YEAR":"12-31","CURRENCY":"HKD","IS_CNY_CODE":0,"DPS_HKD_LY":0.152,"ORG_TYPE":"一般企业","PREMIUM_INCOME":null,"PREMIUM_INCOME_YOY":null,"NET_INTEREST_INCOME":null,"NET_INTEREST_INCOME_YOY":null,"FEE_COMMISSION_INCOME":null,"FEE_COMMISSION_INCOME_YOY":null,"ACCOUNTS_RECE_TDAYS":12.538129525022,"INVENTORY_TDAYS":1166.83473389356,"CURRENT_ASSETS_TDAYS":0.390381521304,"TOTAL_ASSETS_TDAYS":0.333060083666,"PREMIUM_EXPENSE":null,"LOAN_DEPOSIT":null,"LOAN_EQUITY":null,"LOAN_ASSETS":null,"DEPOSIT_EQUITY":null,"DEPOSIT_ASSETS":null,"EQUITY_MULTIPLIER":1.089545738815,"EQUITY_RATIO":0.089315860537},{"SECUCODE":"06633.HK","SECURITY_CODE":"06633","SECURITY_NAME_ABBR":"青瓷游戏","ORG_CODE":"10000224050","STD_REPORT_DATE":"2022-06-30 00:00:00","REPORT_DATE":"2022-06-30 00:00:00","DATE_TYPE_CODE":"002","REPORT_TYPE":"2022年中报","PER_NETCASH_OPERATE":-0.097880825452,"PER_OI":0.387823190211,"BPS":2.305947734116,"BASIC_EPS":-0.11,"DILUTED_EPS":-0.11,"OPERATE_INCOME":268114000,"OPERATE_INCOME_YOY":-64.8582475916,"GROSS_PROFIT":166012000,"GROSS_PROFIT_YOY":-71.104326727262,"HOLDER_PROFIT":-75671000,"HOLDER_PROFIT_YOY":19.3143892947,"GROSS_PROFIT_RATIO":61.918437679495,"EPS_TTM":-0.504992908602,"OPERATE_INCOME_QOQ":-44.748493420244,"NET_PROFIT_RATIO":-32.4011427975,"ROE_AVG":-4.670596738464,"GROSS_PROFIT_QOQ":-50.272028392848,"ROA":-3.99584209794,"HOLDER_PROFIT_QOQ":4.93259011358,"ROE_YEARLY":-9.341193476928,"ROIC_YEARLY":-16.55843214486,"TOTAL_ASSETS":1918584000,"TOTAL_LIABILITIES":335753000,"TAX_EBT":-18.194805371502,"OCF_SALES":-25.23851794386,"TOTAL_PARENT_EQUITY":1594172000,"DEBT_ASSET_RATIO":17.5000416974,"OPERATE_PROFIT":-62538000,"PRETAX_PROFIT":-73499000,"NETCASH_OPERATE":-67668000,"NETCASH_INVEST":-375057000,"NETCASH_FINANCE":48307000,"END_CASH":802584000,"DIVI_RATIO":null,"DIVIDEND_RATE":null,"CURRENT_RATIO":5.276987431751,"COMMON_ACS":5000000000,"CURRENTDEBT_DEBT":93.77161186944,"ISSUED_COMMON_SHARES":691330500,"HK_COMMON_SHARES":691330500,"PER_SHARES":500,"TOTAL_MARKET_CAP":1797459300,"HKSK_MARKET_CAP":1797459300,"PE_TTM":-48.763645344476,"PB_TTM":0.910100420805,"REPORT_DATE_SQ":"2021-06-30 00:00:00","REPORT_TYPE_SQ":"2021年中报","OPERATE_INCOME_SQ":762950000,"DPS_HKD":null,"OPERATE_INCOME_QOQ_SQ":13.295399765343,"NET_PROFIT_RATIO_SQ":-12.2924175896,"HOLDER_PROFIT_SQ":-93785000,"HOLDER_PROFIT_QOQ_SQ":-36.391725342002,"ROE_AVG_SQ":25.707656103735,"PE_TTM_SQ":13.114931131674,"PB_TTM_SQ":1.241532714503,"ROA_SQ":-10.695958664571,"START_DATE":"2022-01-01 00:00:00","FISCAL_YEAR":"12-31","CURRENCY":"HKD","IS_CNY_CODE":0,"DPS_HKD_LY":0.152,"ORG_TYPE":"一般企业","PREMIUM_INCOME":null,"PREMIUM_INCOME_YOY":null,"NET_INTEREST_INCOME":null,"NET_INTEREST_INCOME_YOY":null,"FEE_COMMISSION_INCOME":null,"FEE_COMMISSION_INCOME_YOY":null,"ACCOUNTS_RECE_TDAYS":4.619668317898,"INVENTORY_TDAYS":505.455445544554,"CURRENT_ASSETS_TDAYS":0.1636190822,"TOTAL_ASSETS_TDAYS":0.141578835782,"PREMIUM_EXPENSE":null,"LOAN_DEPOSIT":null,"LOAN_EQUITY":null,"LOAN_ASSETS":null,"DEPOSIT_EQUITY":null,"DEPOSIT_ASSETS":null,"EQUITY_MULTIPLIER":1.212121824755,"EQUITY_RATIO":0.210612782059},{"SECUCODE":"06633.HK","SECURITY_CODE":"06633","SECURITY_NAME_ABBR":"青瓷游戏","ORG_CODE":"10000224050","STD_REPORT_DATE":"2021-12-31 00:00:00","REPORT_DATE":"2021-12-31 00:00:00","DATE_TYPE_CODE":"001","REPORT_TYPE":"2021年年报","PER_NETCASH_OPERATE":0.291889051095,"PER_OI":1.614329927007,"BPS":2.381121619833,"BASIC_EPS":-0.96,"DILUTED_EPS":-0.96,"OPERATE_INCOME":1105816000,"OPERATE_INCOME_YOY":-9.8705702083,"GROSS_PROFIT":812599000,"GROSS_PROFIT_YOY":-13.769333213067,"HOLDER_PROFIT":-367231000,"HOLDER_PROFIT_YOY":-453.9951223744,"GROSS_PROFIT_RATIO":73.484105854862,"EPS_TTM":-0.536103649635,"OPERATE_INCOME_QOQ":-41.839564092315,"NET_PROFIT_RATIO":-33.3362874113,"ROE_AVG":-39.479881419844,"GROSS_PROFIT_QOQ":-44.45875240507,"ROA":-28.208135731744,"HOLDER_PROFIT_QOQ":-321.045060011798,"ROE_YEARLY":-39.479881419844,"ROIC_YEARLY":-74.023061719984,"TOTAL_ASSETS":1868903000,"TOTAL_LIABILITIES":222568000,"TAX_EBT":8.131035599915,"OCF_SALES":18.081127420837,"TOTAL_PARENT_EQUITY":1646142000,"DEBT_ASSET_RATIO":11.9090182851,"OPERATE_PROFIT":337150000,"PRETAX_PROFIT":-401265000,"NETCASH_OPERATE":199944000,"NETCASH_INVEST":-425095000,"NETCASH_FINANCE":957430000,"END_CASH":1168076000,"DIVI_RATIO":null,"DIVIDEND_RATE":null,"CURRENT_RATIO":8.086166949403,"COMMON_ACS":5000000000,"CURRENTDEBT_DEBT":89.785144315445,"ISSUED_COMMON_SHARES":691330500,"HK_COMMON_SHARES":691330500,"PER_SHARES":500,"TOTAL_MARKET_CAP":1859679045,"HKSK_MARKET_CAP":1859679045,"PE_TTM":-50.451617683324,"PB_TTM":0.94160389691,"REPORT_DATE_SQ":"2020-12-31 00:00:00","REPORT_TYPE_SQ":"2020年年报","OPERATE_INCOME_SQ":1226920000,"DPS_HKD":null,"OPERATE_INCOME_QOQ_SQ":1283.16197691198,"NET_PROFIT_RATIO_SQ":8.4552375053,"HOLDER_PROFIT_SQ":103739000,"HOLDER_PROFIT_QOQ_SQ":428.606369426752,"ROE_AVG_SQ":63.328470005067,"PE_TTM_SQ":13.114931131674,"PB_TTM_SQ":1.241532714503,"ROA_SQ":21.506328195454,"START_DATE":"2021-01-01 00:00:00","FISCAL_YEAR":"12-31","CURRENCY":"HKD","IS_CNY_CODE":0,"DPS_HKD_LY":null,"ORG_TYPE":"一般企业","PREMIUM_INCOME":null,"PREMIUM_INCOME_YOY":null,"NET_INTEREST_INCOME":null,"NET_INTEREST_INCOME_YOY":null,"FEE_COMMISSION_INCOME":null,"FEE_COMMISSION_INCOME_YOY":null,"ACCOUNTS_RECE_TDAYS":13.028990203067,"INVENTORY_TDAYS":1170.52694610779,"CURRENT_ASSETS_TDAYS":0.985607381342,"TOTAL_ASSETS_TDAYS":0.849411074292,"PREMIUM_EXPENSE":null,"LOAN_DEPOSIT":null,"LOAN_EQUITY":null,"LOAN_ASSETS":null,"DEPOSIT_EQUITY":null,"DEPOSIT_ASSETS":null,"EQUITY_MULTIPLIER":1.135189982598,"EQUITY_RATIO":0.13520583279},{"SECUCODE":"06633.HK","SECURITY_CODE":"06633","SECURITY_NAME_ABBR":"青瓷游戏","ORG_CODE":"10000224050","STD_REPORT_DATE":"2021-06-30 00:00:00","REPORT_DATE":"2021-06-30 00:00:00","DATE_TYPE_CODE":"002","REPORT_TYPE":"2021年中报","PER_NETCASH_OPERATE":7.070644051,"PER_OI":49.28733295,"BPS":-1.365237032071,"BASIC_EPS":-9.84,"DILUTED_EPS":-9.84,"OPERATE_INCOME":762950000,"OPERATE_INCOME_YOY":761.6036137775,"GROSS_PROFIT":574522000,"GROSS_PROFIT_YOY":967.448255360262,"HOLDER_PROFIT":-93785000,"HOLDER_PROFIT_YOY":39.9506979127,"GROSS_PROFIT_RATIO":75.302706599384,"EPS_TTM":10.732422534,"OPERATE_INCOME_QOQ":13.295399765343,"NET_PROFIT_RATIO":-12.2924175896,"ROE_AVG":25.707656103735,"GROSS_PROFIT_QOQ":13.76523098217,"ROA":-10.695958664571,"HOLDER_PROFIT_QOQ":-36.391725342002,"ROE_YEARLY":51.41531220747,"ROIC_YEARLY":-59.128565304012,"TOTAL_ASSETS":1018832000,"TOTAL_LIABILITIES":1962662000,"TAX_EBT":9.2224599034,"OCF_SALES":14.34576315617,"TOTAL_PARENT_EQUITY":-943830000,"DEBT_ASSET_RATIO":192.6384330292,"OPERATE_PROFIT":283535000,"PRETAX_PROFIT":-103313000,"NETCASH_OPERATE":109451000,"NETCASH_INVEST":-92349000,"NETCASH_FINANCE":217363000,"END_CASH":675957000,"DIVI_RATIO":null,"DIVIDEND_RATE":null,"CURRENT_RATIO":4.385443804745,"COMMON_ACS":5000000000,"CURRENTDEBT_DEBT":9.504744066987,"ISSUED_COMMON_SHARES":691330500,"HK_COMMON_SHARES":691330500,"PER_SHARES":500,"TOTAL_MARKET_CAP":1797459300,"HKSK_MARKET_CAP":1797459300,"PE_TTM":-48.763645344476,"PB_TTM":0.910100420805,"REPORT_DATE_SQ":"2020-06-30 00:00:00","REPORT_TYPE_SQ":"2020年中报","OPERATE_INCOME_SQ":88550000,"DPS_HKD":null,"OPERATE_INCOME_QOQ_SQ":0,"NET_PROFIT_RATIO_SQ":-176.3749294184,"HOLDER_PROFIT_SQ":-156180000,"HOLDER_PROFIT_QOQ_SQ":0,"ROE_AVG_SQ":null,"PE_TTM_SQ":13.114931131674,"PB_TTM_SQ":1.241532714503,"ROA_SQ":null,"START_DATE":"2021-01-01 00:00:00","FISCAL_YEAR":"12-31","CURRENCY":"HKD","IS_CNY_CODE":0,"DPS_HKD_LY":null,"ORG_TYPE":"一般企业","PREMIUM_INCOME":null,"PREMIUM_INCOME_YOY":null,"NET_INTEREST_INCOME":null,"NET_INTEREST_INCOME_YOY":null,"FEE_COMMISSION_INCOME":null,"FEE_COMMISSION_INCOME_YOY":null,"ACCOUNTS_RECE_TDAYS":7.876954526448,"INVENTORY_TDAYS":767.52749490835,"CURRENT_ASSETS_TDAYS":1.055159556666,"TOTAL_ASSETS_TDAYS":0.870126530163,"PREMIUM_EXPENSE":null,"LOAN_DEPOSIT":null,"LOAN_EQUITY":null,"LOAN_ASSETS":null,"DEPOSIT_EQUITY":null,"DEPOSIT_ASSETS":null,"EQUITY_MULTIPLIER":-1.079465581725,"EQUITY_RATIO":-2.079465581726},{"SECUCODE":"06633.HK","SECURITY_CODE":"06633","SECURITY_NAME_ABBR":"青瓷游戏","ORG_CODE":"10000224050","STD_REPORT_DATE":"2021-03-31 00:00:00","REPORT_DATE":"2021-03-31 00:00:00","DATE_TYPE_CODE":"003","REPORT_TYPE":"2021年一季报","PER_NETCASH_OPERATE":0.000007828458,"PER_OI":0.002213086743,"BPS":0.551305055975,"BASIC_EPS":null,"DILUTED_EPS":null,"OPERATE_INCOME":480586000,"OPERATE_INCOME_YOY":1539.7215872258,"GROSS_PROFIT":367748000,"GROSS_PROFIT_YOY":1427.63677148673,"HOLDER_PROFIT":166817000,"HOLDER_PROFIT_YOY":1679.7610156833,"GROSS_PROFIT_RATIO":76.520747587321,"EPS_TTM":0.001202741309,"OPERATE_INCOME_QOQ":36.781289733642,"NET_PROFIT_RATIO":34.7111651193,"ROE_AVG":56.041200194176,"GROSS_PROFIT_QOQ":36.469801720159,"ROA":22.265452424458,"HOLDER_PROFIT_QOQ":151.769344219628,"ROE_YEARLY":224.164800776703,"ROIC_YEARLY":205.726900089873,"TOTAL_ASSETS":763617000,"TOTAL_LIABILITIES":382483000,"TAX_EBT":2.271315922059,"OCF_SALES":0.353734815413,"TOTAL_PARENT_EQUITY":381134000,"DEBT_ASSET_RATIO":50.0883296207,"OPERATE_PROFIT":null,"PRETAX_PROFIT":170694000,"NETCASH_OPERATE":1700000,"NETCASH_INVEST":-40296000,"NETCASH_FINANCE":null,"END_CASH":406497000,"DIVI_RATIO":null,"DIVIDEND_RATE":null,"CURRENT_RATIO":2.154647244647,"COMMON_ACS":5000000000,"CURRENTDEBT_DEBT":74.486970662748,"ISSUED_COMMON_SHARES":691330500,"HK_COMMON_SHARES":691330500,"PER_SHARES":500,"TOTAL_MARKET_CAP":1797459300,"HKSK_MARKET_CAP":1797459300,"PE_TTM":-48.763645344476,"PB_TTM":0.910100420805,"REPORT_DATE_SQ":"2020-03-31 00:00:00","REPORT_TYPE_SQ":"2020年一季报","OPERATE_INCOME_SQ":29309000,"DPS_HKD":null,"OPERATE_INCOME_QOQ_SQ":0,"NET_PROFIT_RATIO_SQ":31.979937903,"HOLDER_PROFIT_SQ":9373000,"HOLDER_PROFIT_QOQ_SQ":0,"ROE_AVG_SQ":null,"PE_TTM_SQ":13.114931131674,"PB_TTM_SQ":1.241532714503,"ROA_SQ":null,"START_DATE":"2021-01-01 00:00:00","FISCAL_YEAR":"12-31","CURRENCY":"HKD","IS_CNY_CODE":0,"DPS_HKD_LY":null,"ORG_TYPE":"一般企业","PREMIUM_INCOME":null,"PREMIUM_INCOME_YOY":null,"NET_INTEREST_INCOME":null,"NET_INTEREST_INCOME_YOY":null,"FEE_COMMISSION_INCOME":null,"FEE_COMMISSION_INCOME_YOY":null,"ACCOUNTS_RECE_TDAYS":3.351401862642,"INVENTORY_TDAYS":419.472118959108,"CURRENT_ASSETS_TDAYS":0.773950321442,"TOTAL_ASSETS_TDAYS":0.641449295867,"PREMIUM_EXPENSE":null,"LOAN_DEPOSIT":null,"LOAN_EQUITY":null,"LOAN_ASSETS":null,"DEPOSIT_EQUITY":null,"DEPOSIT_ASSETS":null,"EQUITY_MULTIPLIER":2.003539437572,"EQUITY_RATIO":1.003539437573},{"SECUCODE":"06633.HK","SECURITY_CODE":"06633","SECURITY_NAME_ABBR":"青瓷游戏","ORG_CODE":"10000224050","STD_REPORT_DATE":"2020-12-31 00:00:00","REPORT_DATE":"2020-12-31 00:00:00","DATE_TYPE_CODE":"001","REPORT_TYPE":"2020年年报","PER_NETCASH_OPERATE":0.002028347698,"PER_OI":0.005610042262,"BPS":0.309841674857,"BASIC_EPS":10.88,"DILUTED_EPS":10.88,"OPERATE_INCOME":1226920000,"OPERATE_INCOME_YOY":1283.161976912,"GROSS_PROFIT":942355000,"GROSS_PROFIT_YOY":1270.95741740256,"HOLDER_PROFIT":103739000,"HOLDER_PROFIT_YOY":428.6063694268,"GROSS_PROFIT_RATIO":76.806556254687,"EPS_TTM":0.000474342397,"OPERATE_INCOME_QOQ":1283.16197691198,"NET_PROFIT_RATIO":8.4552375053,"ROE_AVG":63.328470005067,"GROSS_PROFIT_QOQ":1270.95741740256,"ROA":21.506328195454,"HOLDER_PROFIT_QOQ":428.606369426752,"ROE_YEARLY":63.328470005067,"ROIC_YEARLY":41.881749732534,"TOTAL_ASSETS":734821000,"TOTAL_LIABILITIES":520618000,"TAX_EBT":8.451586713262,"OCF_SALES":36.155658070616,"TOTAL_PARENT_EQUITY":214203000,"DEBT_ASSET_RATIO":70.8496354895,"OPERATE_PROFIT":119428000,"PRETAX_PROFIT":113316000,"NETCASH_OPERATE":443601000,"NETCASH_INVEST":49588000,"NETCASH_FINANCE":-60366000,"END_CASH":443248000,"DIVI_RATIO":null,"DIVIDEND_RATE":null,"CURRENT_RATIO":1.478674938491,"COMMON_ACS":5000000000,"CURRENTDEBT_DEBT":81.582849613344,"ISSUED_COMMON_SHARES":691330500,"HK_COMMON_SHARES":691330500,"PER_SHARES":500,"TOTAL_MARKET_CAP":1859679045,"HKSK_MARKET_CAP":1859679045,"PE_TTM":-50.451617683324,"PB_TTM":0.94160389691,"REPORT_DATE_SQ":"2019-12-31 00:00:00","REPORT_TYPE_SQ":"2019年年报","OPERATE_INCOME_SQ":88704000,"DPS_HKD":null,"OPERATE_INCOME_QOQ_SQ":-9.872892980157,"NET_PROFIT_RATIO_SQ":22.1241432179,"HOLDER_PROFIT_SQ":19625000,"HOLDER_PROFIT_QOQ_SQ":-21.057924376508,"ROE_AVG_SQ":18.941861755778,"PE_TTM_SQ":13.114931131674,"PB_TTM_SQ":1.241532714503,"ROA_SQ":10.751451103496,"START_DATE":"2020-01-01 00:00:00","FISCAL_YEAR":"12-31","CURRENCY":"HKD","IS_CNY_CODE":0,"DPS_HKD_LY":null,"ORG_TYPE":"一般企业","PREMIUM_INCOME":null,"PREMIUM_INCOME_YOY":null,"NET_INTEREST_INCOME":null,"NET_INTEREST_INCOME_YOY":null,"FEE_COMMISSION_INCOME":null,"FEE_COMMISSION_INCOME_YOY":null,"ACCOUNTS_RECE_TDAYS":18.622285970145,"INVENTORY_TDAYS":1281.82432432433,"CURRENT_ASSETS_TDAYS":3.001973308344,"TOTAL_ASSETS_TDAYS":2.54355104537,"PREMIUM_EXPENSE":null,"LOAN_DEPOSIT":null,"LOAN_EQUITY":null,"LOAN_ASSETS":null,"DEPOSIT_EQUITY":null,"DEPOSIT_ASSETS":null,"EQUITY_MULTIPLIER":3.430488835362,"EQUITY_RATIO":2.430488835357}],"count":13},"success":true,"message":"ok","code":0}