{"version":"8f809545870b3ca73acc34545b54f924","result":{"pages":2,"data":[{"SECUCODE":"06639.HK","SECURITY_CODE":"06639","SECURITY_NAME_ABBR":"瑞尔集团","ORG_CODE":"10000226758","STD_REPORT_DATE":"2024-06-30 00:00:00","REPORT_DATE":"2024-09-30 00:00:00","DATE_TYPE_CODE":"002","REPORT_TYPE":"2024年中报","PER_NETCASH_OPERATE":0.131432503837,"PER_OI":1.573438478864,"BPS":2.957560826448,"BASIC_EPS":0.02,"DILUTED_EPS":0.02,"OPERATE_INCOME":887468000,"OPERATE_INCOME_YOY":0.1480551957,"GROSS_PROFIT":175013000,"GROSS_PROFIT_YOY":-13.722947991126,"HOLDER_PROFIT":8651000,"HOLDER_PROFIT_YOY":73.679983939,"GROSS_PROFIT_RATIO":19.720485696386,"EPS_TTM":0.029578846144,"OPERATE_INCOME_QOQ":0,"NET_PROFIT_RATIO":0.4305507354,"ROE_AVG":0.505586819093,"GROSS_PROFIT_QOQ":0,"ROA":0.271235223896,"HOLDER_PROFIT_QOQ":0,"ROE_YEARLY":1.011173638185,"ROIC_YEARLY":0.718781735167,"TOTAL_ASSETS":3126017000,"TOTAL_LIABILITIES":1387720000,"TAX_EBT":48.350905650176,"OCF_SALES":8.353202594347,"TOTAL_PARENT_EQUITY":1666995000,"DEBT_ASSET_RATIO":44.3925928746,"OPERATE_PROFIT":11897000,"PRETAX_PROFIT":7398000,"NETCASH_OPERATE":74132000,"NETCASH_INVEST":52220000,"NETCASH_FINANCE":-144134000,"END_CASH":613459000,"DIVI_RATIO":null,"DIVIDEND_RATE":null,"CURRENT_RATIO":1.868049983454,"COMMON_ACS":1250000000,"CURRENTDEBT_DEBT":63.584296543971,"ISSUED_COMMON_SHARES":563638450,"HK_COMMON_SHARES":563638450,"PER_SHARES":500,"TOTAL_MARKET_CAP":1589460429,"HKSK_MARKET_CAP":1589460429,"PE_TTM":68.819306704158,"PB_TTM":0.859846322435,"REPORT_DATE_SQ":"2023-06-30 00:00:00","REPORT_TYPE_SQ":"2023年中报","OPERATE_INCOME_SQ":886156000,"DPS_HKD":null,"OPERATE_INCOME_QOQ_SQ":0,"NET_PROFIT_RATIO_SQ":0.7034878735,"HOLDER_PROFIT_SQ":4981000,"HOLDER_PROFIT_QOQ_SQ":0,"ROE_AVG_SQ":0.298727574066,"PE_TTM_SQ":-22.818196326511,"PB_TTM_SQ":1.795333912712,"ROA_SQ":0.158227445997,"START_DATE":"2024-04-01 00:00:00","FISCAL_YEAR":"3-31","CURRENCY":"HKD","IS_CNY_CODE":0,"DPS_HKD_LY":null,"ORG_TYPE":"一般企业","PREMIUM_INCOME":null,"PREMIUM_INCOME_YOY":null,"NET_INTEREST_INCOME":null,"NET_INTEREST_INCOME_YOY":null,"FEE_COMMISSION_INCOME":null,"FEE_COMMISSION_INCOME_YOY":null,"ACCOUNTS_RECE_TDAYS":3.305958389987,"INVENTORY_TDAYS":11.843063266731,"CURRENT_ASSETS_TDAYS":0.527271776664,"TOTAL_ASSETS_TDAYS":0.278248273819,"PREMIUM_EXPENSE":null,"LOAN_DEPOSIT":null,"LOAN_EQUITY":null,"LOAN_ASSETS":null,"DEPOSIT_EQUITY":null,"DEPOSIT_ASSETS":null,"EQUITY_MULTIPLIER":1.798321575658,"EQUITY_RATIO":0.832468003803},{"SECUCODE":"06639.HK","SECURITY_CODE":"06639","SECURITY_NAME_ABBR":"瑞尔集团","ORG_CODE":"10000226758","STD_REPORT_DATE":"2023-12-31 00:00:00","REPORT_DATE":"2024-03-31 00:00:00","DATE_TYPE_CODE":"001","REPORT_TYPE":"2023年年报","PER_NETCASH_OPERATE":0.476706879453,"PER_OI":3.008195426851,"BPS":3.11399444094,"BASIC_EPS":0.04,"DILUTED_EPS":0.04,"OPERATE_INCOME":1745782000,"OPERATE_INCOME_YOY":18.459213661,"GROSS_PROFIT":392676000,"GROSS_PROFIT_YOY":58.924090592673,"HOLDER_PROFIT":17162000,"HOLDER_PROFIT_YOY":107.8041371658,"GROSS_PROFIT_RATIO":22.49284274898,"EPS_TTM":-0.217231342353,"OPERATE_INCOME_QOQ":0,"NET_PROFIT_RATIO":0.7684808298,"ROE_AVG":1.019771214013,"GROSS_PROFIT_QOQ":0,"ROA":0.54356708217,"HOLDER_PROFIT_QOQ":0,"ROE_YEARLY":1.019771214013,"ROIC_YEARLY":0.729534809973,"TOTAL_ASSETS":3252948000,"TOTAL_LIABILITIES":1415691000,"TAX_EBT":21.474978050922,"OCF_SALES":15.846938506641,"TOTAL_PARENT_EQUITY":1755167000,"DEBT_ASSET_RATIO":43.5202468653,"OPERATE_PROFIT":25995000,"PRETAX_PROFIT":17085000,"NETCASH_OPERATE":276653000,"NETCASH_INVEST":-175997000,"NETCASH_FINANCE":-106963000,"END_CASH":656280000,"DIVI_RATIO":null,"DIVIDEND_RATE":null,"CURRENT_RATIO":2.044561578477,"COMMON_ACS":1250000000,"CURRENTDEBT_DEBT":59.352853129673,"ISSUED_COMMON_SHARES":563638450,"HK_COMMON_SHARES":563638450,"PER_SHARES":500,"TOTAL_MARKET_CAP":1566914891,"HKSK_MARKET_CAP":1566914891,"PE_TTM":67.843146325376,"PB_TTM":0.847649920699,"REPORT_DATE_SQ":"2022-12-31 00:00:00","REPORT_TYPE_SQ":"2022年年报","OPERATE_INCOME_SQ":1473741000,"DPS_HKD":null,"OPERATE_INCOME_QOQ_SQ":0,"NET_PROFIT_RATIO_SQ":-15.1551731274,"HOLDER_PROFIT_SQ":-219909000,"HOLDER_PROFIT_QOQ_SQ":0,"ROE_AVG_SQ":-13.850799175411,"PE_TTM_SQ":-16.345250750008,"PB_TTM_SQ":2.185354728233,"ROA_SQ":-7.267337003425,"START_DATE":"2023-04-01 00:00:00","FISCAL_YEAR":"3-31","CURRENCY":"HKD","IS_CNY_CODE":0,"DPS_HKD_LY":null,"ORG_TYPE":"一般企业","PREMIUM_INCOME":null,"PREMIUM_INCOME_YOY":null,"NET_INTEREST_INCOME":null,"NET_INTEREST_INCOME_YOY":null,"FEE_COMMISSION_INCOME":null,"FEE_COMMISSION_INCOME_YOY":null,"ACCOUNTS_RECE_TDAYS":6.28890802134,"INVENTORY_TDAYS":24.99064540258,"CURRENT_ASSETS_TDAYS":1.073832760725,"TOTAL_ASSETS_TDAYS":0.552936503814,"PREMIUM_EXPENSE":null,"LOAN_DEPOSIT":null,"LOAN_EQUITY":null,"LOAN_ASSETS":null,"DEPOSIT_EQUITY":null,"DEPOSIT_ASSETS":null,"EQUITY_MULTIPLIER":1.770545982407,"EQUITY_RATIO":0.806584786519},{"SECUCODE":"06639.HK","SECURITY_CODE":"06639","SECURITY_NAME_ABBR":"瑞尔集团","ORG_CODE":"10000226758","STD_REPORT_DATE":"2023-06-30 00:00:00","REPORT_DATE":"2023-09-30 00:00:00","DATE_TYPE_CODE":"002","REPORT_TYPE":"2023年中报","PER_NETCASH_OPERATE":0.229741831881,"PER_OI":1.523673083852,"BPS":3.058920128675,"BASIC_EPS":0.01,"DILUTED_EPS":0.01,"OPERATE_INCOME":886156000,"OPERATE_INCOME_YOY":14.8504226425,"GROSS_PROFIT":202850000,"GROSS_PROFIT_YOY":21.340639094596,"HOLDER_PROFIT":4981000,"HOLDER_PROFIT_YOY":105.6226576963,"GROSS_PROFIT_RATIO":22.891003389922,"EPS_TTM":-0.378115618691,"OPERATE_INCOME_QOQ":0,"NET_PROFIT_RATIO":0.7034878735,"ROE_AVG":0.298727574066,"GROSS_PROFIT_QOQ":0,"ROA":0.158227445997,"HOLDER_PROFIT_QOQ":0,"ROE_YEARLY":0.597455148133,"ROIC_YEARLY":0.429827027197,"TOTAL_ASSETS":3234364000,"TOTAL_LIABILITIES":1422878000,"TAX_EBT":38.653808305452,"OCF_SALES":15.078157796144,"TOTAL_PARENT_EQUITY":1724125000,"DEBT_ASSET_RATIO":43.9925129021,"OPERATE_PROFIT":14711000,"PRETAX_PROFIT":10162000,"NETCASH_OPERATE":133616000,"NETCASH_INVEST":-197885000,"NETCASH_FINANCE":22962000,"END_CASH":629991000,"DIVI_RATIO":null,"DIVIDEND_RATE":null,"CURRENT_RATIO":2.209975415431,"COMMON_ACS":1250000000,"CURRENTDEBT_DEBT":52.714568641865,"ISSUED_COMMON_SHARES":563638450,"HK_COMMON_SHARES":563638450,"PER_SHARES":500,"TOTAL_MARKET_CAP":1566914891,"HKSK_MARKET_CAP":1566914891,"PE_TTM":67.843146325376,"PB_TTM":0.847649920699,"REPORT_DATE_SQ":"2022-06-30 00:00:00","REPORT_TYPE_SQ":"2022年中报","OPERATE_INCOME_SQ":771574000,"DPS_HKD":null,"OPERATE_INCOME_QOQ_SQ":0,"NET_PROFIT_RATIO_SQ":-11.6605795426,"HOLDER_PROFIT_SQ":-88588000,"HOLDER_PROFIT_QOQ_SQ":0,"ROE_AVG_SQ":-5.456885076354,"PE_TTM_SQ":-16.345250750008,"PB_TTM_SQ":2.185354728233,"ROA_SQ":-2.881455468733,"START_DATE":"2023-04-01 00:00:00","FISCAL_YEAR":"3-31","CURRENCY":"HKD","IS_CNY_CODE":0,"DPS_HKD_LY":null,"ORG_TYPE":"一般企业","PREMIUM_INCOME":null,"PREMIUM_INCOME_YOY":null,"NET_INTEREST_INCOME":null,"NET_INTEREST_INCOME_YOY":null,"FEE_COMMISSION_INCOME":null,"FEE_COMMISSION_INCOME_YOY":null,"ACCOUNTS_RECE_TDAYS":3.191319410682,"INVENTORY_TDAYS":13.188307615105,"CURRENT_ASSETS_TDAYS":0.555379827656,"TOTAL_ASSETS_TDAYS":0.281498094028,"PREMIUM_EXPENSE":null,"LOAN_DEPOSIT":null,"LOAN_EQUITY":null,"LOAN_ASSETS":null,"DEPOSIT_EQUITY":null,"DEPOSIT_ASSETS":null,"EQUITY_MULTIPLIER":1.785475570886,"EQUITY_RATIO":0.825275429566},{"SECUCODE":"06639.HK","SECURITY_CODE":"06639","SECURITY_NAME_ABBR":"瑞尔集团","ORG_CODE":"10000226758","STD_REPORT_DATE":"2022-12-31 00:00:00","REPORT_DATE":"2023-03-31 00:00:00","DATE_TYPE_CODE":"001","REPORT_TYPE":"2022年年报","PER_NETCASH_OPERATE":0.22637177148,"PER_OI":2.533977645323,"BPS":2.857658131733,"BASIC_EPS":-0.5,"DILUTED_EPS":-0.5,"OPERATE_INCOME":1473741000,"OPERATE_INCOME_YOY":-9.2274166596,"GROSS_PROFIT":247084000,"GROSS_PROFIT_YOY":-26.584798414533,"HOLDER_PROFIT":-219909000,"HOLDER_PROFIT_YOY":68.6306759178,"GROSS_PROFIT_RATIO":16.765768204861,"EPS_TTM":-0.552261770473,"OPERATE_INCOME_QOQ":0,"NET_PROFIT_RATIO":-15.1551731274,"ROE_AVG":-13.850799175411,"GROSS_PROFIT_QOQ":0,"ROA":-7.267337003425,"HOLDER_PROFIT_QOQ":0,"ROE_YEARLY":-13.850799175411,"ROIC_YEARLY":-10.521478439268,"TOTAL_ASSETS":3061636000,"TOTAL_LIABILITIES":1365746000,"TAX_EBT":-2.495996035042,"OCF_SALES":8.933455742902,"TOTAL_PARENT_EQUITY":1610686000,"DEBT_ASSET_RATIO":44.6083727785,"OPERATE_PROFIT":-190290000,"PRETAX_PROFIT":-217909000,"NETCASH_OPERATE":131656000,"NETCASH_INVEST":-342443000,"NETCASH_FINANCE":-280350000,"END_CASH":621860000,"DIVI_RATIO":null,"DIVIDEND_RATE":null,"CURRENT_RATIO":2.115571276035,"COMMON_ACS":1250000000,"CURRENTDEBT_DEBT":53.07619425574,"ISSUED_COMMON_SHARES":563638450,"HK_COMMON_SHARES":563638450,"PER_SHARES":500,"TOTAL_MARKET_CAP":1651460658.5,"HKSK_MARKET_CAP":1651460658.5,"PE_TTM":71.50374774581,"PB_TTM":0.893386427211,"REPORT_DATE_SQ":"2021-12-31 00:00:00","REPORT_TYPE_SQ":"2021年年报","OPERATE_INCOME_SQ":1623553000,"DPS_HKD":null,"OPERATE_INCOME_QOQ_SQ":0,"NET_PROFIT_RATIO_SQ":-42.8935796984,"HOLDER_PROFIT_SQ":-701032000,"HOLDER_PROFIT_QOQ_SQ":0,"ROE_AVG_SQ":149.927712904744,"PE_TTM_SQ":-16.669377535419,"PB_TTM_SQ":2.228690374402,"ROA_SQ":-26.250467834254,"START_DATE":"2022-04-01 00:00:00","FISCAL_YEAR":"3-31","CURRENCY":"HKD","IS_CNY_CODE":0,"DPS_HKD_LY":null,"ORG_TYPE":"一般企业","PREMIUM_INCOME":null,"PREMIUM_INCOME_YOY":null,"NET_INTEREST_INCOME":null,"NET_INTEREST_INCOME_YOY":null,"FEE_COMMISSION_INCOME":null,"FEE_COMMISSION_INCOME_YOY":null,"ACCOUNTS_RECE_TDAYS":7.776525435132,"INVENTORY_TDAYS":24.915341336096,"CURRENT_ASSETS_TDAYS":0.931907866552,"TOTAL_ASSETS_TDAYS":0.487027475127,"PREMIUM_EXPENSE":null,"LOAN_DEPOSIT":null,"LOAN_EQUITY":null,"LOAN_ASSETS":null,"DEPOSIT_EQUITY":null,"DEPOSIT_ASSETS":null,"EQUITY_MULTIPLIER":1.805326996445,"EQUITY_RATIO":0.847928149869},{"SECUCODE":"06639.HK","SECURITY_CODE":"06639","SECURITY_NAME_ABBR":"瑞尔集团","ORG_CODE":"10000226758","STD_REPORT_DATE":"2022-06-30 00:00:00","REPORT_DATE":"2022-09-30 00:00:00","DATE_TYPE_CODE":"002","REPORT_TYPE":"2022年中报","PER_NETCASH_OPERATE":0.20777282079,"PER_OI":1.326658665066,"BPS":2.98439895291,"BASIC_EPS":-0.2,"DILUTED_EPS":-0.2,"OPERATE_INCOME":771574000,"OPERATE_INCOME_YOY":-8.2921390783,"GROSS_PROFIT":167174000,"GROSS_PROFIT_YOY":-10.820081405336,"HOLDER_PROFIT":-88588000,"HOLDER_PROFIT_YOY":81.088275918,"GROSS_PROFIT_RATIO":21.666619144761,"EPS_TTM":-1.205367440179,"OPERATE_INCOME_QOQ":0,"NET_PROFIT_RATIO":-11.6605795426,"ROE_AVG":-5.456885076354,"GROSS_PROFIT_QOQ":0,"ROA":-2.881455468733,"HOLDER_PROFIT_QOQ":0,"ROE_YEARLY":-10.913770152709,"ROIC_YEARLY":-8.641507142524,"TOTAL_ASSETS":3158490000,"TOTAL_LIABILITIES":1390093000,"TAX_EBT":-3.435193488308,"OCF_SALES":15.661362357985,"TOTAL_PARENT_EQUITY":1682122000,"DEBT_ASSET_RATIO":44.0113155337,"OPERATE_PROFIT":-71731000,"PRETAX_PROFIT":-86982000,"NETCASH_OPERATE":120839000,"NETCASH_INVEST":-453887000,"NETCASH_FINANCE":-202725000,"END_CASH":601411000,"DIVI_RATIO":null,"DIVIDEND_RATE":null,"CURRENT_RATIO":2.319587230424,"COMMON_ACS":1250000000,"CURRENTDEBT_DEBT":50.255486503421,"ISSUED_COMMON_SHARES":563638450,"HK_COMMON_SHARES":563638450,"PER_SHARES":500,"TOTAL_MARKET_CAP":1651460658.5,"HKSK_MARKET_CAP":1651460658.5,"PE_TTM":71.50374774581,"PB_TTM":0.893386427211,"REPORT_DATE_SQ":"2021-06-30 00:00:00","REPORT_TYPE_SQ":"2021年中报","OPERATE_INCOME_SQ":841339000,"DPS_HKD":null,"OPERATE_INCOME_QOQ_SQ":0,"NET_PROFIT_RATIO_SQ":-55.1724096945,"HOLDER_PROFIT_SQ":-468429000,"HOLDER_PROFIT_QOQ_SQ":0,"ROE_AVG_SQ":17.15415093583,"PE_TTM_SQ":-16.669377535419,"PB_TTM_SQ":2.228690374402,"ROA_SQ":-17.949500039277,"START_DATE":"2022-04-01 00:00:00","FISCAL_YEAR":"3-31","CURRENCY":"HKD","IS_CNY_CODE":0,"DPS_HKD_LY":null,"ORG_TYPE":"一般企业","PREMIUM_INCOME":null,"PREMIUM_INCOME_YOY":null,"NET_INTEREST_INCOME":null,"NET_INTEREST_INCOME_YOY":null,"FEE_COMMISSION_INCOME":null,"FEE_COMMISSION_INCOME_YOY":null,"ACCOUNTS_RECE_TDAYS":5.192742299124,"INVENTORY_TDAYS":11.524014719622,"CURRENT_ASSETS_TDAYS":0.474850127302,"TOTAL_ASSETS_TDAYS":0.250965833051,"PREMIUM_EXPENSE":null,"LOAN_DEPOSIT":null,"LOAN_EQUITY":null,"LOAN_ASSETS":null,"DEPOSIT_EQUITY":null,"DEPOSIT_ASSETS":null,"EQUITY_MULTIPLIER":1.786075185606,"EQUITY_RATIO":0.826392497096},{"SECUCODE":"06639.HK","SECURITY_CODE":"06639","SECURITY_NAME_ABBR":"瑞尔集团","ORG_CODE":"10000226758","STD_REPORT_DATE":"2021-12-31 00:00:00","REPORT_DATE":"2022-03-31 00:00:00","DATE_TYPE_CODE":"001","REPORT_TYPE":"2021年年报","PER_NETCASH_OPERATE":0.385627758431,"PER_OI":2.791567180392,"BPS":2.776091659467,"BASIC_EPS":-8.7,"DILUTED_EPS":-8.7,"OPERATE_INCOME":1623553000,"OPERATE_INCOME_YOY":7.1562317878,"GROSS_PROFIT":336557000,"GROSS_PROFIT_YOY":-7.645848197135,"HOLDER_PROFIT":-701032000,"HOLDER_PROFIT_YOY":-16.951719996,"GROSS_PROFIT_RATIO":20.729658964013,"EPS_TTM":-4.57864235592,"OPERATE_INCOME_QOQ":0,"NET_PROFIT_RATIO":-42.8935796984,"ROE_AVG":149.927712904744,"GROSS_PROFIT_QOQ":0,"ROA":-26.250467834254,"HOLDER_PROFIT_QOQ":0,"ROE_YEARLY":149.927712904744,"ROIC_YEARLY":-39.951308359871,"TOTAL_ASSETS":2990347000,"TOTAL_LIABILITIES":1379850000,"TAX_EBT":1.903196316158,"OCF_SALES":13.814023933928,"TOTAL_PARENT_EQUITY":1564712000,"DEBT_ASSET_RATIO":46.1434743192,"OPERATE_PROFIT":-28572000,"PRETAX_PROFIT":-709911000,"NETCASH_OPERATE":224278000,"NETCASH_INVEST":-203935000,"NETCASH_FINANCE":380859000,"END_CASH":1052285000,"DIVI_RATIO":null,"DIVIDEND_RATE":null,"CURRENT_RATIO":2.187151734164,"COMMON_ACS":1250000000,"CURRENTDEBT_DEBT":53.987100047107,"ISSUED_COMMON_SHARES":563638450,"HK_COMMON_SHARES":563638450,"PER_SHARES":500,"TOTAL_MARKET_CAP":1651460658.5,"HKSK_MARKET_CAP":1651460658.5,"PE_TTM":71.50374774581,"PB_TTM":0.893386427211,"REPORT_DATE_SQ":"2020-12-31 00:00:00","REPORT_TYPE_SQ":"2020年年报","OPERATE_INCOME_SQ":1515127000,"DPS_HKD":null,"OPERATE_INCOME_QOQ_SQ":0,"NET_PROFIT_RATIO_SQ":-39.4529303484,"HOLDER_PROFIT_SQ":-599420000,"HOLDER_PROFIT_QOQ_SQ":0,"ROE_AVG_SQ":26.263632239045,"PE_TTM_SQ":-16.669377535419,"PB_TTM_SQ":2.228690374402,"ROA_SQ":-28.183165657556,"START_DATE":"2021-04-01 00:00:00","FISCAL_YEAR":"3-31","CURRENCY":"HKD","IS_CNY_CODE":0,"DPS_HKD_LY":null,"ORG_TYPE":"一般企业","PREMIUM_INCOME":null,"PREMIUM_INCOME_YOY":null,"NET_INTEREST_INCOME":null,"NET_INTEREST_INCOME_YOY":null,"FEE_COMMISSION_INCOME":null,"FEE_COMMISSION_INCOME_YOY":null,"ACCOUNTS_RECE_TDAYS":12.843548769876,"INVENTORY_TDAYS":29.889823029402,"CURRENT_ASSETS_TDAYS":1.185283255929,"TOTAL_ASSETS_TDAYS":0.607946938281,"PREMIUM_EXPENSE":null,"LOAN_DEPOSIT":null,"LOAN_EQUITY":null,"LOAN_ASSETS":null,"DEPOSIT_EQUITY":null,"DEPOSIT_ASSETS":null,"EQUITY_MULTIPLIER":1.856785203574,"EQUITY_RATIO":0.8818555747},{"SECUCODE":"06639.HK","SECURITY_CODE":"06639","SECURITY_NAME_ABBR":"瑞尔集团","ORG_CODE":"10000226758","STD_REPORT_DATE":"2021-06-30 00:00:00","REPORT_DATE":"2021-09-30 00:00:00","DATE_TYPE_CODE":"002","REPORT_TYPE":"2021年中报","PER_NETCASH_OPERATE":0.757062672776,"PER_OI":4.385837111647,"BPS":-5.254316840876,"BASIC_EPS":-5.88,"DILUTED_EPS":-5.88,"OPERATE_INCOME":841339000,"OPERATE_INCOME_YOY":16.8005653035,"GROSS_PROFIT":187457000,"GROSS_PROFIT_YOY":2.543666270985,"HOLDER_PROFIT":-468429000,"HOLDER_PROFIT_YOY":-147.160781748,"GROSS_PROFIT_RATIO":22.28079287897,"EPS_TTM":-8.339088908648,"OPERATE_INCOME_QOQ":0,"NET_PROFIT_RATIO":-55.1724096945,"ROE_AVG":17.15415093583,"GROSS_PROFIT_QOQ":0,"ROA":-17.949500039277,"HOLDER_PROFIT_QOQ":0,"ROE_YEARLY":34.308301871661,"ROIC_YEARLY":-56.317249426147,"TOTAL_ASSETS":2868656000,"TOTAL_LIABILITIES":5780037000,"TAX_EBT":-1.113103030646,"OCF_SALES":17.261531915197,"TOTAL_PARENT_EQUITY":-2961535000,"DEBT_ASSET_RATIO":201.4893734209,"OPERATE_PROFIT":43076000,"PRETAX_PROFIT":-459077000,"NETCASH_OPERATE":145228000,"NETCASH_INVEST":-30556000,"NETCASH_FINANCE":333370000,"END_CASH":1120584000,"DIVI_RATIO":null,"DIVIDEND_RATE":null,"CURRENT_RATIO":1.469762684747,"COMMON_ACS":1250000000,"CURRENTDEBT_DEBT":19.334530211485,"ISSUED_COMMON_SHARES":563638450,"HK_COMMON_SHARES":563638450,"PER_SHARES":500,"TOTAL_MARKET_CAP":1651460658.5,"HKSK_MARKET_CAP":1651460658.5,"PE_TTM":71.50374774581,"PB_TTM":0.893386427211,"REPORT_DATE_SQ":"2020-06-30 00:00:00","REPORT_TYPE_SQ":"2020年中报","OPERATE_INCOME_SQ":720321000,"DPS_HKD":null,"OPERATE_INCOME_QOQ_SQ":0,"NET_PROFIT_RATIO_SQ":-26.0886465895,"HOLDER_PROFIT_SQ":-189524000,"HOLDER_PROFIT_QOQ_SQ":0,"ROE_AVG_SQ":null,"PE_TTM_SQ":-16.669377535419,"PB_TTM_SQ":2.228690374402,"ROA_SQ":null,"START_DATE":"2021-04-01 00:00:00","FISCAL_YEAR":"3-31","CURRENCY":"HKD","IS_CNY_CODE":0,"DPS_HKD_LY":null,"ORG_TYPE":"一般企业","PREMIUM_INCOME":null,"PREMIUM_INCOME_YOY":null,"NET_INTEREST_INCOME":null,"NET_INTEREST_INCOME_YOY":null,"FEE_COMMISSION_INCOME":null,"FEE_COMMISSION_INCOME_YOY":null,"ACCOUNTS_RECE_TDAYS":4.262793360626,"INVENTORY_TDAYS":14.389058820941,"CURRENT_ASSETS_TDAYS":0.611273191867,"TOTAL_ASSETS_TDAYS":0.322388545832,"PREMIUM_EXPENSE":null,"LOAN_DEPOSIT":null,"LOAN_EQUITY":null,"LOAN_ASSETS":null,"DEPOSIT_EQUITY":null,"DEPOSIT_ASSETS":null,"EQUITY_MULTIPLIER":-0.985324833816,"EQUITY_RATIO":-1.951703086406},{"SECUCODE":"06639.HK","SECURITY_CODE":"06639","SECURITY_NAME_ABBR":"瑞尔集团","ORG_CODE":"10000226758","STD_REPORT_DATE":"2020-12-31 00:00:00","REPORT_DATE":"2021-03-31 00:00:00","DATE_TYPE_CODE":"001","REPORT_TYPE":"2020年年报","PER_NETCASH_OPERATE":3.378790369429,"PER_OI":21.078340330475,"BPS":-4.435240356651,"BASIC_EPS":-8.21,"DILUTED_EPS":-8.21,"OPERATE_INCOME":1515127000,"OPERATE_INCOME_YOY":37.7553488237,"GROSS_PROFIT":364420000,"GROSS_PROFIT_YOY":227.153899327594,"HOLDER_PROFIT":-599420000,"HOLDER_PROFIT_YOY":-89.1786122315,"GROSS_PROFIT_RATIO":24.052109163126,"EPS_TTM":-4.517895502918,"OPERATE_INCOME_QOQ":0,"NET_PROFIT_RATIO":-39.4529303484,"ROE_AVG":26.263632239045,"GROSS_PROFIT_QOQ":0,"ROA":-28.183165657556,"HOLDER_PROFIT_QOQ":0,"ROE_YEARLY":26.263632239045,"ROIC_YEARLY":-36.056813150854,"TOTAL_ASSETS":2350754000,"TOTAL_LIABILITIES":4807331000,"TAX_EBT":-2.753444814214,"OCF_SALES":16.029679360212,"TOTAL_PARENT_EQUITY":-2499872000,"DEBT_ASSET_RATIO":204.5016620199,"OPERATE_PROFIT":124467000,"PRETAX_PROFIT":-581744000,"NETCASH_OPERATE":242870000,"NETCASH_INVEST":61753000,"NETCASH_FINANCE":217513000,"END_CASH":676304000,"DIVI_RATIO":null,"DIVIDEND_RATE":null,"CURRENT_RATIO":0.260770935111,"COMMON_ACS":1250000000,"CURRENTDEBT_DEBT":88.561677987224,"ISSUED_COMMON_SHARES":563638450,"HK_COMMON_SHARES":563638450,"PER_SHARES":500,"TOTAL_MARKET_CAP":1651460658.5,"HKSK_MARKET_CAP":1651460658.5,"PE_TTM":71.50374774581,"PB_TTM":0.893386427211,"REPORT_DATE_SQ":"2019-12-31 00:00:00","REPORT_TYPE_SQ":"2019年年报","OPERATE_INCOME_SQ":1099868000,"DPS_HKD":null,"OPERATE_INCOME_QOQ_SQ":0,"NET_PROFIT_RATIO_SQ":-29.6240094266,"HOLDER_PROFIT_SQ":-316854000,"HOLDER_PROFIT_QOQ_SQ":0,"ROE_AVG_SQ":16.930026734518,"PE_TTM_SQ":-16.669377535419,"PB_TTM_SQ":2.228690374402,"ROA_SQ":-16.770409717347,"START_DATE":"2020-04-01 00:00:00","FISCAL_YEAR":"3-31","CURRENCY":"HKD","IS_CNY_CODE":0,"DPS_HKD_LY":null,"ORG_TYPE":"一般企业","PREMIUM_INCOME":null,"PREMIUM_INCOME_YOY":null,"NET_INTEREST_INCOME":null,"NET_INTEREST_INCOME_YOY":null,"FEE_COMMISSION_INCOME":null,"FEE_COMMISSION_INCOME_YOY":null,"ACCOUNTS_RECE_TDAYS":11.612304178546,"INVENTORY_TDAYS":30.069692693634,"CURRENT_ASSETS_TDAYS":1.741543303322,"TOTAL_ASSETS_TDAYS":0.712373214661,"PREMIUM_EXPENSE":null,"LOAN_DEPOSIT":null,"LOAN_EQUITY":null,"LOAN_ASSETS":null,"DEPOSIT_EQUITY":null,"DEPOSIT_ASSETS":null,"EQUITY_MULTIPLIER":-0.956922579671,"EQUITY_RATIO":-1.92303085918},{"SECUCODE":"06639.HK","SECURITY_CODE":"06639","SECURITY_NAME_ABBR":"瑞尔集团","ORG_CODE":"10000226758","STD_REPORT_DATE":"2020-06-30 00:00:00","REPORT_DATE":"2020-09-30 00:00:00","DATE_TYPE_CODE":"002","REPORT_TYPE":"2020年中报","PER_NETCASH_OPERATE":null,"PER_OI":null,"BPS":null,"BASIC_EPS":-64.62,"DILUTED_EPS":-64.62,"OPERATE_INCOME":720321000,"OPERATE_INCOME_YOY":null,"GROSS_PROFIT":182807000,"GROSS_PROFIT_YOY":null,"HOLDER_PROFIT":-189524000,"HOLDER_PROFIT_YOY":null,"GROSS_PROFIT_RATIO":25.378546509126,"EPS_TTM":-4.517895502918,"OPERATE_INCOME_QOQ":0,"NET_PROFIT_RATIO":-26.0886465895,"ROE_AVG":null,"GROSS_PROFIT_QOQ":0,"ROA":null,"HOLDER_PROFIT_QOQ":0,"ROE_YEARLY":null,"ROIC_YEARLY":null,"TOTAL_ASSETS":null,"TOTAL_LIABILITIES":null,"TAX_EBT":-3.761250069019,"OCF_SALES":17.311032164827,"TOTAL_PARENT_EQUITY":null,"DEBT_ASSET_RATIO":null,"OPERATE_PROFIT":null,"PRETAX_PROFIT":-181110000,"NETCASH_OPERATE":124695000,"NETCASH_INVEST":-142272000,"NETCASH_FINANCE":158380000,"END_CASH":306440000,"DIVI_RATIO":null,"DIVIDEND_RATE":null,"CURRENT_RATIO":null,"COMMON_ACS":1250000000,"CURRENTDEBT_DEBT":null,"ISSUED_COMMON_SHARES":563638450,"HK_COMMON_SHARES":563638450,"PER_SHARES":500,"TOTAL_MARKET_CAP":1651460658.5,"HKSK_MARKET_CAP":1651460658.5,"PE_TTM":71.50374774581,"PB_TTM":0.893386427211,"REPORT_DATE_SQ":"2019-06-30 00:00:00","REPORT_TYPE_SQ":"2019年中报","OPERATE_INCOME_SQ":null,"DPS_HKD":null,"OPERATE_INCOME_QOQ_SQ":0,"NET_PROFIT_RATIO_SQ":null,"HOLDER_PROFIT_SQ":null,"HOLDER_PROFIT_QOQ_SQ":0,"ROE_AVG_SQ":null,"PE_TTM_SQ":-16.669377535419,"PB_TTM_SQ":2.228690374402,"ROA_SQ":null,"START_DATE":"2020-04-01 00:00:00","FISCAL_YEAR":"3-31","CURRENCY":"HKD","IS_CNY_CODE":0,"DPS_HKD_LY":null,"ORG_TYPE":"一般企业","PREMIUM_INCOME":null,"PREMIUM_INCOME_YOY":null,"NET_INTEREST_INCOME":null,"NET_INTEREST_INCOME_YOY":null,"FEE_COMMISSION_INCOME":null,"FEE_COMMISSION_INCOME_YOY":null,"ACCOUNTS_RECE_TDAYS":null,"INVENTORY_TDAYS":null,"CURRENT_ASSETS_TDAYS":2.287597536847,"TOTAL_ASSETS_TDAYS":0.757040889841,"PREMIUM_EXPENSE":null,"LOAN_DEPOSIT":null,"LOAN_EQUITY":null,"LOAN_ASSETS":null,"DEPOSIT_EQUITY":null,"DEPOSIT_ASSETS":null,"EQUITY_MULTIPLIER":null,"EQUITY_RATIO":null}],"count":11},"success":true,"message":"ok","code":0}