{"version":"435c23f8cad4fafa786e339466351bb6","result":{"pages":1,"data":[{"SECUCODE":"06657.HK","SECURITY_CODE":"06657","SECURITY_NAME_ABBR":"百望股份","ORG_CODE":"10524833","STD_REPORT_DATE":"2024-06-30 00:00:00","REPORT_DATE":"2024-06-30 00:00:00","DATE_TYPE_CODE":"002","REPORT_TYPE":"2024年中报","PER_NETCASH_OPERATE":-0.522002023645,"PER_OI":1.299597589148,"BPS":-7.994347083576,"BASIC_EPS":-3.18,"DILUTED_EPS":-3.18,"OPERATE_INCOME":281551000,"OPERATE_INCOME_YOY":-16.1146830812,"GROSS_PROFIT":110314000,"GROSS_PROFIT_YOY":16.285247456913,"HOLDER_PROFIT":-445505000,"HOLDER_PROFIT_YOY":-76.6517046401,"GROSS_PROFIT_RATIO":39.180823367703,"EPS_TTM":-2.544677356923,"OPERATE_INCOME_QOQ":-7.585877059619,"NET_PROFIT_RATIO":-158.3379210161,"ROE_AVG":27.825002373374,"GROSS_PROFIT_QOQ":5.477766628491,"ROA":-40.932421835341,"HOLDER_PROFIT_QOQ":-54.000502821387,"ROE_YEARLY":55.650004746749,"ROIC_YEARLY":-116.680700495396,"TOTAL_ASSETS":1024914000,"TOTAL_LIABILITIES":2836656000,"TAX_EBT":-0.044883101961,"OCF_SALES":-40.166435210672,"TOTAL_PARENT_EQUITY":-1805977000,"DEBT_ASSET_RATIO":276.7701485198,"OPERATE_PROFIT":-138636000,"PRETAX_PROFIT":-445602000,"NETCASH_OPERATE":-113089000,"NETCASH_INVEST":6324000,"NETCASH_FINANCE":-12370000,"END_CASH":215896000,"DIVI_RATIO":null,"DIVIDEND_RATE":null,"CURRENT_RATIO":0.282310005959,"COMMON_ACS":null,"CURRENTDEBT_DEBT":99.977226706375,"ISSUED_COMMON_SHARES":225906754,"HK_COMMON_SHARES":90842048,"PER_SHARES":100,"TOTAL_MARKET_CAP":8064871117.8,"HKSK_MARKET_CAP":3243061113.6,"PE_TTM":-13.229370891874,"PB_TTM":-4.075714459151,"REPORT_DATE_SQ":"2023-06-30 00:00:00","REPORT_TYPE_SQ":"2023年中报","OPERATE_INCOME_SQ":335638000,"DPS_HKD":null,"OPERATE_INCOME_QOQ_SQ":0,"NET_PROFIT_RATIO_SQ":-75.3949195264,"HOLDER_PROFIT_SQ":-252194000,"HOLDER_PROFIT_QOQ_SQ":0,"ROE_AVG_SQ":null,"PE_TTM_SQ":null,"PB_TTM_SQ":null,"ROA_SQ":null,"START_DATE":"2024-01-01 00:00:00","FISCAL_YEAR":"12-31","CURRENCY":"HKD","IS_CNY_CODE":0,"DPS_HKD_LY":null,"ORG_TYPE":"一般企业","PREMIUM_INCOME":null,"PREMIUM_INCOME_YOY":null,"NET_INTEREST_INCOME":null,"NET_INTEREST_INCOME_YOY":null,"FEE_COMMISSION_INCOME":null,"FEE_COMMISSION_INCOME_YOY":null,"ACCOUNTS_RECE_TDAYS":2.781258797904,"INVENTORY_TDAYS":47.704972837443,"CURRENT_ASSETS_TDAYS":0.320143134344,"TOTAL_ASSETS_TDAYS":0.258685408697,"PREMIUM_EXPENSE":null,"LOAN_DEPOSIT":null,"LOAN_EQUITY":null,"LOAN_ASSETS":null,"DEPOSIT_EQUITY":null,"DEPOSIT_ASSETS":null,"EQUITY_MULTIPLIER":-0.565706375411,"EQUITY_RATIO":-1.570704388816},{"SECUCODE":"06657.HK","SECURITY_CODE":"06657","SECURITY_NAME_ABBR":"百望股份","ORG_CODE":"10524833","STD_REPORT_DATE":"2023-12-31 00:00:00","REPORT_DATE":"2023-12-31 00:00:00","DATE_TYPE_CODE":"001","REPORT_TYPE":"2023年年报","PER_NETCASH_OPERATE":-0.7095,"PER_OI":5.092828571429,"BPS":-6.180492505328,"BASIC_EPS":-2.56,"DILUTED_EPS":-2.56,"OPERATE_INCOME":712996000,"OPERATE_INCOME_YOY":35.6111570759,"GROSS_PROFIT":282031000,"GROSS_PROFIT_YOY":31.611834429978,"HOLDER_PROFIT":-357980000,"HOLDER_PROFIT_YOY":-133.2102070996,"GROSS_PROFIT_RATIO":39.555761883657,"EPS_TTM":-2.557,"OPERATE_INCOME_QOQ":15.567124939623,"NET_PROFIT_RATIO":-50.3915870496,"ROE_AVG":27.269327072718,"GROSS_PROFIT_QOQ":45.089616429336,"ROA":-29.676040563943,"HOLDER_PROFIT_QOQ":-34.537979036459,"ROE_YEARLY":27.269327072718,"ROIC_YEARLY":-43.138540293407,"TOTAL_ASSETS":1151869000,"TOTAL_LIABILITIES":2553552000,"TAX_EBT":-0.032296324344,"OCF_SALES":-13.931354453601,"TOTAL_PARENT_EQUITY":-1396215000,"DEBT_ASSET_RATIO":221.6877092794,"OPERATE_PROFIT":-305106000,"PRETAX_PROFIT":-359174000,"NETCASH_OPERATE":-99330000,"NETCASH_INVEST":216810000,"NETCASH_FINANCE":-19655000,"END_CASH":335031000,"DIVI_RATIO":null,"DIVIDEND_RATE":null,"CURRENT_RATIO":0.375473371123,"COMMON_ACS":null,"CURRENTDEBT_DEBT":99.94599679192,"ISSUED_COMMON_SHARES":225906754,"HK_COMMON_SHARES":90842048,"PER_SHARES":100,"TOTAL_MARKET_CAP":7997099091.6,"HKSK_MARKET_CAP":3215808499.2,"PE_TTM":-13.118199707909,"PB_TTM":-4.041464757813,"REPORT_DATE_SQ":"2022-12-31 00:00:00","REPORT_TYPE_SQ":"2022年年报","OPERATE_INCOME_SQ":525765000,"DPS_HKD":null,"OPERATE_INCOME_QOQ_SQ":15.867754753032,"NET_PROFIT_RATIO_SQ":-29.7136553403,"HOLDER_PROFIT_SQ":-153501000,"HOLDER_PROFIT_QOQ_SQ":65.65496780314,"ROE_AVG_SQ":13.258183960207,"PE_TTM_SQ":null,"PB_TTM_SQ":null,"ROA_SQ":-11.869050049177,"START_DATE":"2023-01-01 00:00:00","FISCAL_YEAR":"12-31","CURRENCY":"HKD","IS_CNY_CODE":0,"DPS_HKD_LY":null,"ORG_TYPE":"一般企业","PREMIUM_INCOME":null,"PREMIUM_INCOME_YOY":null,"NET_INTEREST_INCOME":null,"NET_INTEREST_INCOME_YOY":null,"FEE_COMMISSION_INCOME":null,"FEE_COMMISSION_INCOME_YOY":null,"ACCOUNTS_RECE_TDAYS":7.520420217703,"INVENTORY_TDAYS":58.742588427724,"CURRENT_ASSETS_TDAYS":0.751835046676,"TOTAL_ASSETS_TDAYS":0.591063696797,"PREMIUM_EXPENSE":null,"LOAN_DEPOSIT":null,"LOAN_EQUITY":null,"LOAN_ASSETS":null,"DEPOSIT_EQUITY":null,"DEPOSIT_ASSETS":null,"EQUITY_MULTIPLIER":-0.821775679665,"EQUITY_RATIO":-1.828910303929},{"SECUCODE":"06657.HK","SECURITY_CODE":"06657","SECURITY_NAME_ABBR":"百望股份","ORG_CODE":"10524833","STD_REPORT_DATE":"2023-09-30 00:00:00","REPORT_DATE":"2023-09-30 00:00:00","DATE_TYPE_CODE":"004","REPORT_TYPE":"2023年三季报","PER_NETCASH_OPERATE":-0.917235714286,"PER_OI":3.346014285714,"BPS":-5.656661332047,"BASIC_EPS":-1.52,"DILUTED_EPS":-1.52,"OPERATE_INCOME":468442000,"OPERATE_INCOME_YOY":24.1718422385,"GROSS_PROFIT":136321000,"GROSS_PROFIT_YOY":-12.741715580534,"HOLDER_PROFIT":-212270000,"HOLDER_PROFIT_YOY":-112.9300832581,"GROSS_PROFIT_RATIO":29.10093458742,"EPS_TTM":-1.900578571429,"OPERATE_INCOME_QOQ":17.344060559375,"NET_PROFIT_RATIO":-45.5674341754,"ROE_AVG":16.932988775822,"GROSS_PROFIT_QOQ":-9.289280881049,"ROA":-17.889454012212,"HOLDER_PROFIT_QOQ":-73.341541748914,"ROE_YEARLY":22.577318367763,"ROIC_YEARLY":-24.334169234076,"TOTAL_ASSETS":1112413000,"TOTAL_LIABILITIES":2395636000,"TAX_EBT":-0.022492022361,"OCF_SALES":-27.412785360834,"TOTAL_PARENT_EQUITY":-1277878000,"DEBT_ASSET_RATIO":215.3549086535,"OPERATE_PROFIT":-311351000,"PRETAX_PROFIT":-213409000,"NETCASH_OPERATE":-128413000,"NETCASH_INVEST":121433000,"NETCASH_FINANCE":-18866000,"END_CASH":211360000,"DIVI_RATIO":null,"DIVIDEND_RATE":null,"CURRENT_RATIO":0.377066378553,"COMMON_ACS":null,"CURRENTDEBT_DEBT":99.910796130965,"ISSUED_COMMON_SHARES":225906754,"HK_COMMON_SHARES":90842048,"PER_SHARES":100,"TOTAL_MARKET_CAP":7997099091.6,"HKSK_MARKET_CAP":3215808499.2,"PE_TTM":-13.118199707909,"PB_TTM":-4.041464757813,"REPORT_DATE_SQ":"2022-09-30 00:00:00","REPORT_TYPE_SQ":"2022年三季报","OPERATE_INCOME_SQ":377253000,"DPS_HKD":null,"OPERATE_INCOME_QOQ_SQ":0,"NET_PROFIT_RATIO_SQ":-27.0017733457,"HOLDER_PROFIT_SQ":-99690000,"HOLDER_PROFIT_QOQ_SQ":0,"ROE_AVG_SQ":null,"PE_TTM_SQ":null,"PB_TTM_SQ":null,"ROA_SQ":null,"START_DATE":"2023-01-01 00:00:00","FISCAL_YEAR":"12-31","CURRENCY":"HKD","IS_CNY_CODE":0,"DPS_HKD_LY":null,"ORG_TYPE":"一般企业","PREMIUM_INCOME":null,"PREMIUM_INCOME_YOY":null,"NET_INTEREST_INCOME":null,"NET_INTEREST_INCOME_YOY":null,"FEE_COMMISSION_INCOME":null,"FEE_COMMISSION_INCOME_YOY":null,"ACCOUNTS_RECE_TDAYS":5.624836397257,"INVENTORY_TDAYS":38.488932668907,"CURRENT_ASSETS_TDAYS":0.508922455494,"TOTAL_ASSETS_TDAYS":0.394788317538,"PREMIUM_EXPENSE":null,"LOAN_DEPOSIT":null,"LOAN_EQUITY":null,"LOAN_ASSETS":null,"DEPOSIT_EQUITY":null,"DEPOSIT_ASSETS":null,"EQUITY_MULTIPLIER":-0.866889854686,"EQUITY_RATIO":-1.874698523646},{"SECUCODE":"06657.HK","SECURITY_CODE":"06657","SECURITY_NAME_ABBR":"百望股份","ORG_CODE":"10524833","STD_REPORT_DATE":"2023-06-30 00:00:00","REPORT_DATE":"2023-06-30 00:00:00","DATE_TYPE_CODE":"002","REPORT_TYPE":"2023年中报","PER_NETCASH_OPERATE":null,"PER_OI":null,"BPS":null,"BASIC_EPS":-1.8,"DILUTED_EPS":-1.8,"OPERATE_INCOME":335638000,"OPERATE_INCOME_YOY":null,"GROSS_PROFIT":94865000,"GROSS_PROFIT_YOY":null,"HOLDER_PROFIT":-252194000,"HOLDER_PROFIT_YOY":null,"GROSS_PROFIT_RATIO":28.264082136111,"EPS_TTM":-1.096435714286,"OPERATE_INCOME_QOQ":0,"NET_PROFIT_RATIO":-75.3949195264,"ROE_AVG":null,"GROSS_PROFIT_QOQ":0,"ROA":null,"HOLDER_PROFIT_QOQ":0,"ROE_YEARLY":null,"ROIC_YEARLY":null,"TOTAL_ASSETS":null,"TOTAL_LIABILITIES":null,"TAX_EBT":-0.108394651476,"OCF_SALES":-28.492006268659,"TOTAL_PARENT_EQUITY":null,"DEBT_ASSET_RATIO":null,"OPERATE_PROFIT":-218697000,"PRETAX_PROFIT":-252780000,"NETCASH_OPERATE":-95630000,"NETCASH_INVEST":125620000,"NETCASH_FINANCE":-14225000,"END_CASH":252971000,"DIVI_RATIO":null,"DIVIDEND_RATE":null,"CURRENT_RATIO":null,"COMMON_ACS":null,"CURRENTDEBT_DEBT":null,"ISSUED_COMMON_SHARES":225906754,"HK_COMMON_SHARES":90842048,"PER_SHARES":100,"TOTAL_MARKET_CAP":7997099091.6,"HKSK_MARKET_CAP":3215808499.2,"PE_TTM":-13.118199707909,"PB_TTM":-4.041464757813,"REPORT_DATE_SQ":"2022-06-30 00:00:00","REPORT_TYPE_SQ":"2022年中报","OPERATE_INCOME_SQ":null,"DPS_HKD":null,"OPERATE_INCOME_QOQ_SQ":0,"NET_PROFIT_RATIO_SQ":null,"HOLDER_PROFIT_SQ":null,"HOLDER_PROFIT_QOQ_SQ":0,"ROE_AVG_SQ":null,"PE_TTM_SQ":null,"PB_TTM_SQ":null,"ROA_SQ":null,"START_DATE":"2023-01-01 00:00:00","FISCAL_YEAR":"12-31","CURRENCY":"HKD","IS_CNY_CODE":0,"DPS_HKD_LY":null,"ORG_TYPE":"一般企业","PREMIUM_INCOME":null,"PREMIUM_INCOME_YOY":null,"NET_INTEREST_INCOME":null,"NET_INTEREST_INCOME_YOY":null,"FEE_COMMISSION_INCOME":null,"FEE_COMMISSION_INCOME_YOY":null,"ACCOUNTS_RECE_TDAYS":null,"INVENTORY_TDAYS":null,"CURRENT_ASSETS_TDAYS":0.715334145346,"TOTAL_ASSETS_TDAYS":0.532455737489,"PREMIUM_EXPENSE":null,"LOAN_DEPOSIT":null,"LOAN_EQUITY":null,"LOAN_ASSETS":null,"DEPOSIT_EQUITY":null,"DEPOSIT_ASSETS":null,"EQUITY_MULTIPLIER":null,"EQUITY_RATIO":null},{"SECUCODE":"06657.HK","SECURITY_CODE":"06657","SECURITY_NAME_ABBR":"百望股份","ORG_CODE":"10524833","STD_REPORT_DATE":"2022-12-31 00:00:00","REPORT_DATE":"2022-12-31 00:00:00","DATE_TYPE_CODE":"001","REPORT_TYPE":"2022年年报","PER_NETCASH_OPERATE":-0.459114285714,"PER_OI":3.755464285714,"BPS":-5.44162128061,"BASIC_EPS":-1.1,"DILUTED_EPS":-1.1,"OPERATE_INCOME":525765000,"OPERATE_INCOME_YOY":15.867754753,"GROSS_PROFIT":214290000,"GROSS_PROFIT_YOY":-0.866475761347,"HOLDER_PROFIT":-153501000,"HOLDER_PROFIT_YOY":65.6549678031,"GROSS_PROFIT_RATIO":40.757752988503,"EPS_TTM":-1.096435714286,"OPERATE_INCOME_QOQ":15.867754753032,"NET_PROFIT_RATIO":-29.7136553403,"ROE_AVG":13.258183960207,"GROSS_PROFIT_QOQ":-0.866475761347,"ROA":-11.869050049177,"HOLDER_PROFIT_QOQ":65.65496780314,"ROE_YEARLY":13.258183960207,"ROIC_YEARLY":-18.441881420076,"TOTAL_ASSETS":1260717000,"TOTAL_LIABILITIES":2494174000,"TAX_EBT":-0.127543662875,"OCF_SALES":-12.225233707075,"TOTAL_PARENT_EQUITY":-1229299000,"DEBT_ASSET_RATIO":197.8377383663,"OPERATE_PROFIT":-112350000,"PRETAX_PROFIT":-156025000,"NETCASH_OPERATE":-64276000,"NETCASH_INVEST":-189804000,"NETCASH_FINANCE":-13720000,"END_CASH":237206000,"DIVI_RATIO":null,"DIVIDEND_RATE":null,"CURRENT_RATIO":0.377805432069,"COMMON_ACS":null,"CURRENTDEBT_DEBT":99.585754642619,"ISSUED_COMMON_SHARES":225906754,"HK_COMMON_SHARES":90842048,"PER_SHARES":100,"TOTAL_MARKET_CAP":7997099091.6,"HKSK_MARKET_CAP":3215808499.2,"PE_TTM":-13.118199707909,"PB_TTM":-4.041464757813,"REPORT_DATE_SQ":"2021-12-31 00:00:00","REPORT_TYPE_SQ":"2021年年报","OPERATE_INCOME_SQ":453763000,"DPS_HKD":null,"OPERATE_INCOME_QOQ_SQ":55.870704017313,"NET_PROFIT_RATIO_SQ":-98.812155244,"HOLDER_PROFIT_SQ":-446938000,"HOLDER_PROFIT_QOQ_SQ":-14.953189300412,"ROE_AVG_SQ":47.369865830354,"PE_TTM_SQ":null,"PB_TTM_SQ":null,"ROA_SQ":-40.832756616258,"START_DATE":"2022-01-01 00:00:00","FISCAL_YEAR":"12-31","CURRENCY":"HKD","IS_CNY_CODE":0,"DPS_HKD_LY":null,"ORG_TYPE":"一般企业","PREMIUM_INCOME":null,"PREMIUM_INCOME_YOY":null,"NET_INTEREST_INCOME":null,"NET_INTEREST_INCOME_YOY":null,"FEE_COMMISSION_INCOME":null,"FEE_COMMISSION_INCOME_YOY":null,"ACCOUNTS_RECE_TDAYS":6.430589530333,"INVENTORY_TDAYS":31.20366659988,"CURRENT_ASSETS_TDAYS":0.536162258517,"TOTAL_ASSETS_TDAYS":0.406533579528,"PREMIUM_EXPENSE":null,"LOAN_DEPOSIT":null,"LOAN_EQUITY":null,"LOAN_ASSETS":null,"DEPOSIT_EQUITY":null,"DEPOSIT_ASSETS":null,"EQUITY_MULTIPLIER":-1.022100486681,"EQUITY_RATIO":-2.028940070723},{"SECUCODE":"06657.HK","SECURITY_CODE":"06657","SECURITY_NAME_ABBR":"百望股份","ORG_CODE":"10524833","STD_REPORT_DATE":"2022-09-30 00:00:00","REPORT_DATE":"2022-09-30 00:00:00","DATE_TYPE_CODE":"004","REPORT_TYPE":"2022年三季报","PER_NETCASH_OPERATE":null,"PER_OI":null,"BPS":null,"BASIC_EPS":-0.71,"DILUTED_EPS":-0.71,"OPERATE_INCOME":377253000,"OPERATE_INCOME_YOY":null,"GROSS_PROFIT":156227000,"GROSS_PROFIT_YOY":null,"HOLDER_PROFIT":-99690000,"HOLDER_PROFIT_YOY":null,"GROSS_PROFIT_RATIO":41.411731649583,"EPS_TTM":-3.192414285714,"OPERATE_INCOME_QOQ":0,"NET_PROFIT_RATIO":-27.0017733457,"ROE_AVG":null,"GROSS_PROFIT_QOQ":0,"ROA":null,"HOLDER_PROFIT_QOQ":0,"ROE_YEARLY":null,"ROIC_YEARLY":null,"TOTAL_ASSETS":null,"TOTAL_LIABILITIES":null,"TAX_EBT":-0.11892593175,"OCF_SALES":-35.04253113958,"TOTAL_PARENT_EQUITY":null,"DEBT_ASSET_RATIO":null,"OPERATE_PROFIT":-85875000,"PRETAX_PROFIT":-101744000,"NETCASH_OPERATE":-132199000,"NETCASH_INVEST":-197441000,"NETCASH_FINANCE":-11974000,"END_CASH":163392000,"DIVI_RATIO":null,"DIVIDEND_RATE":null,"CURRENT_RATIO":null,"COMMON_ACS":null,"CURRENTDEBT_DEBT":null,"ISSUED_COMMON_SHARES":225906754,"HK_COMMON_SHARES":90842048,"PER_SHARES":100,"TOTAL_MARKET_CAP":7997099091.6,"HKSK_MARKET_CAP":3215808499.2,"PE_TTM":-13.118199707909,"PB_TTM":-4.041464757813,"REPORT_DATE_SQ":"2021-09-30 00:00:00","REPORT_TYPE_SQ":"2021年三季报","OPERATE_INCOME_SQ":null,"DPS_HKD":null,"OPERATE_INCOME_QOQ_SQ":0,"NET_PROFIT_RATIO_SQ":null,"HOLDER_PROFIT_SQ":null,"HOLDER_PROFIT_QOQ_SQ":0,"ROE_AVG_SQ":null,"PE_TTM_SQ":null,"PB_TTM_SQ":null,"ROA_SQ":null,"START_DATE":"2022-01-01 00:00:00","FISCAL_YEAR":"12-31","CURRENCY":"HKD","IS_CNY_CODE":0,"DPS_HKD_LY":null,"ORG_TYPE":"一般企业","PREMIUM_INCOME":null,"PREMIUM_INCOME_YOY":null,"NET_INTEREST_INCOME":null,"NET_INTEREST_INCOME_YOY":null,"FEE_COMMISSION_INCOME":null,"FEE_COMMISSION_INCOME_YOY":null,"ACCOUNTS_RECE_TDAYS":null,"INVENTORY_TDAYS":null,"CURRENT_ASSETS_TDAYS":0.737681693614,"TOTAL_ASSETS_TDAYS":0.569069561695,"PREMIUM_EXPENSE":null,"LOAN_DEPOSIT":null,"LOAN_EQUITY":null,"LOAN_ASSETS":null,"DEPOSIT_EQUITY":null,"DEPOSIT_ASSETS":null,"EQUITY_MULTIPLIER":null,"EQUITY_RATIO":null},{"SECUCODE":"06657.HK","SECURITY_CODE":"06657","SECURITY_NAME_ABBR":"百望股份","ORG_CODE":"10524833","STD_REPORT_DATE":"2021-12-31 00:00:00","REPORT_DATE":"2021-12-31 00:00:00","DATE_TYPE_CODE":"001","REPORT_TYPE":"2021年年报","PER_NETCASH_OPERATE":-0.099921428571,"PER_OI":3.241164285714,"BPS":-4.808475093224,"BASIC_EPS":-3.19,"DILUTED_EPS":-3.19,"OPERATE_INCOME":453763000,"OPERATE_INCOME_YOY":55.8707040173,"GROSS_PROFIT":216163000,"GROSS_PROFIT_YOY":60.945736664979,"HOLDER_PROFIT":-446938000,"HOLDER_PROFIT_YOY":-14.9531893004,"GROSS_PROFIT_RATIO":47.637863818778,"EPS_TTM":-3.192414285714,"OPERATE_INCOME_QOQ":55.870704017313,"NET_PROFIT_RATIO":-98.812155244,"ROE_AVG":47.369865830354,"GROSS_PROFIT_QOQ":60.945736664979,"ROA":-40.832756616258,"HOLDER_PROFIT_QOQ":-14.953189300412,"ROE_YEARLY":47.369865830354,"ROIC_YEARLY":-69.972969778286,"TOTAL_ASSETS":1325859000,"TOTAL_LIABILITIES":2413561000,"TAX_EBT":null,"OCF_SALES":-3.082886881478,"TOTAL_PARENT_EQUITY":-1086267000,"DEBT_ASSET_RATIO":182.0375318944,"OPERATE_PROFIT":-198148000,"PRETAX_PROFIT":-448373000,"NETCASH_OPERATE":-13989000,"NETCASH_INVEST":-189776000,"NETCASH_FINANCE":435669000,"END_CASH":505006000,"DIVI_RATIO":null,"DIVIDEND_RATE":null,"CURRENT_RATIO":1.997365635704,"COMMON_ACS":null,"CURRENTDEBT_DEBT":21.216700137266,"ISSUED_COMMON_SHARES":225906754,"HK_COMMON_SHARES":90842048,"PER_SHARES":100,"TOTAL_MARKET_CAP":7997099091.6,"HKSK_MARKET_CAP":3215808499.2,"PE_TTM":-13.118199707909,"PB_TTM":-4.041464757813,"REPORT_DATE_SQ":"2020-12-31 00:00:00","REPORT_TYPE_SQ":"2020年年报","OPERATE_INCOME_SQ":291115000,"DPS_HKD":null,"OPERATE_INCOME_QOQ_SQ":null,"NET_PROFIT_RATIO_SQ":-133.5554677705,"HOLDER_PROFIT_SQ":-388800000,"HOLDER_PROFIT_QOQ_SQ":null,"ROE_AVG_SQ":48.554662084279,"PE_TTM_SQ":null,"PB_TTM_SQ":null,"ROA_SQ":-45.038783396814,"START_DATE":"2021-01-01 00:00:00","FISCAL_YEAR":"12-31","CURRENCY":"HKD","IS_CNY_CODE":0,"DPS_HKD_LY":null,"ORG_TYPE":"一般企业","PREMIUM_INCOME":null,"PREMIUM_INCOME_YOY":null,"NET_INTEREST_INCOME":null,"NET_INTEREST_INCOME_YOY":null,"FEE_COMMISSION_INCOME":null,"FEE_COMMISSION_INCOME_YOY":null,"ACCOUNTS_RECE_TDAYS":6.666857667585,"INVENTORY_TDAYS":21.241786241116,"CURRENT_ASSETS_TDAYS":0.535570290775,"TOTAL_ASSETS_TDAYS":0.414562962658,"PREMIUM_EXPENSE":null,"LOAN_DEPOSIT":null,"LOAN_EQUITY":null,"LOAN_ASSETS":null,"DEPOSIT_EQUITY":null,"DEPOSIT_ASSETS":null,"EQUITY_MULTIPLIER":-1.218954272402,"EQUITY_RATIO":-2.221885595346},{"SECUCODE":"06657.HK","SECURITY_CODE":"06657","SECURITY_NAME_ABBR":"百望股份","ORG_CODE":"10524833","STD_REPORT_DATE":"2020-12-31 00:00:00","REPORT_DATE":"2020-12-31 00:00:00","DATE_TYPE_CODE":"001","REPORT_TYPE":"2020年年报","PER_NETCASH_OPERATE":-0.571921428571,"PER_OI":2.079392857143,"BPS":-3.54459079165,"BASIC_EPS":-2.78,"DILUTED_EPS":-2.78,"OPERATE_INCOME":291115000,"OPERATE_INCOME_YOY":null,"GROSS_PROFIT":134308000,"GROSS_PROFIT_YOY":null,"HOLDER_PROFIT":-388800000,"HOLDER_PROFIT_YOY":null,"GROSS_PROFIT_RATIO":46.135719560998,"EPS_TTM":-2.777142857143,"OPERATE_INCOME_QOQ":null,"NET_PROFIT_RATIO":-133.5554677705,"ROE_AVG":48.554662084279,"GROSS_PROFIT_QOQ":null,"ROA":-45.038783396814,"HOLDER_PROFIT_QOQ":null,"ROE_YEARLY":48.554662084279,"ROIC_YEARLY":-69.434026959261,"TOTAL_ASSETS":863256000,"TOTAL_LIABILITIES":1664003000,"TAX_EBT":null,"OCF_SALES":-27.504250897412,"TOTAL_PARENT_EQUITY":-800747000,"DEBT_ASSET_RATIO":192.7589266683,"OPERATE_PROFIT":-113075000,"PRETAX_PROFIT":-388800000,"NETCASH_OPERATE":-80069000,"NETCASH_INVEST":-209046000,"NETCASH_FINANCE":94183000,"END_CASH":273102000,"DIVI_RATIO":null,"DIVIDEND_RATE":null,"CURRENT_RATIO":2.213264489088,"COMMON_ACS":null,"CURRENTDEBT_DEBT":18.238368560634,"ISSUED_COMMON_SHARES":225906754,"HK_COMMON_SHARES":90842048,"PER_SHARES":100,"TOTAL_MARKET_CAP":7997099091.6,"HKSK_MARKET_CAP":3215808499.2,"PE_TTM":-13.118199707909,"PB_TTM":-4.041464757813,"REPORT_DATE_SQ":"2019-12-31 00:00:00","REPORT_TYPE_SQ":"2019年年报","OPERATE_INCOME_SQ":null,"DPS_HKD":null,"OPERATE_INCOME_QOQ_SQ":null,"NET_PROFIT_RATIO_SQ":null,"HOLDER_PROFIT_SQ":null,"HOLDER_PROFIT_QOQ_SQ":null,"ROE_AVG_SQ":null,"PE_TTM_SQ":null,"PB_TTM_SQ":null,"ROA_SQ":null,"START_DATE":"2020-01-01 00:00:00","FISCAL_YEAR":"12-31","CURRENCY":"HKD","IS_CNY_CODE":0,"DPS_HKD_LY":null,"ORG_TYPE":"一般企业","PREMIUM_INCOME":null,"PREMIUM_INCOME_YOY":null,"NET_INTEREST_INCOME":null,"NET_INTEREST_INCOME_YOY":null,"FEE_COMMISSION_INCOME":null,"FEE_COMMISSION_INCOME_YOY":null,"ACCOUNTS_RECE_TDAYS":5.037201737235,"INVENTORY_TDAYS":11.702888275244,"CURRENT_ASSETS_TDAYS":0.866804526446,"TOTAL_ASSETS_TDAYS":0.674458098177,"PREMIUM_EXPENSE":null,"LOAN_DEPOSIT":null,"LOAN_EQUITY":null,"LOAN_ASSETS":null,"DEPOSIT_EQUITY":null,"DEPOSIT_ASSETS":null,"EQUITY_MULTIPLIER":-1.07806335834,"EQUITY_RATIO":-2.078063358339}],"count":8},"success":true,"message":"ok","code":0}