{"version":"ba24f317fb93b6db20f77ab0e0f56b4c","result":{"pages":3,"data":[{"SECUCODE":"06655.HK","SECURITY_CODE":"06655","SECURITY_NAME_ABBR":"华新水泥","ORG_CODE":"10634799","STD_REPORT_DATE":"2024-09-30 00:00:00","REPORT_DATE":"2024-09-30 00:00:00","DATE_TYPE_CODE":"004","REPORT_TYPE":"2024年三季报","PER_NETCASH_OPERATE":1.626659876189,"PER_OI":11.889920385302,"BPS":13.910052678999,"BASIC_EPS":0.55,"DILUTED_EPS":0.55,"OPERATE_INCOME":24719092748,"OPERATE_INCOME_YOY":2.2934768994,"GROSS_PROFIT":5938714557,"GROSS_PROFIT_YOY":-6.585977930426,"HOLDER_PROFIT":1138427807,"HOLDER_PROFIT_YOY":-39.2619422865,"GROSS_PROFIT_RATIO":24.02480793912,"EPS_TTM":0.974615232588,"OPERATE_INCOME_QOQ":0.434432572414,"NET_PROFIT_RATIO":6.3926567658,"ROE_AVG":3.935663397507,"GROSS_PROFIT_QOQ":-4.433693735415,"ROA":1.654316903204,"HOLDER_PROFIT_QOQ":-11.907643653451,"ROE_YEARLY":5.247551196677,"ROIC_YEARLY":1.9386078904,"TOTAL_ASSETS":68830895971,"TOTAL_LIABILITIES":35461288019,"TAX_EBT":24.424500676312,"OCF_SALES":13.680998892136,"TOTAL_PARENT_EQUITY":28918938997,"DEBT_ASSET_RATIO":51.5194339965,"OPERATE_PROFIT":2797221033,"PRETAX_PROFIT":2090898200,"NETCASH_OPERATE":3381818805,"NETCASH_INVEST":-1748072245,"NETCASH_FINANCE":-1843090185,"END_CASH":5083527232,"DIVI_RATIO":0.541117206982,"DIVIDEND_RATE":7.67753298153,"CURRENT_RATIO":0.892944482878,"COMMON_ACS":null,"CURRENTDEBT_DEBT":47.645781554656,"ISSUED_COMMON_SHARES":2078995649,"HK_COMMON_SHARES":734720000,"PER_SHARES":100,"TOTAL_MARKET_CAP":15758787019.42,"HKSK_MARKET_CAP":5569177600,"PE_TTM":6.94895419348,"PB_TTM":0.491412100137,"REPORT_DATE_SQ":"2023-09-30 00:00:00","REPORT_TYPE_SQ":"2023年三季报","OPERATE_INCOME_SQ":24164876879,"DPS_HKD":0.581957,"OPERATE_INCOME_QOQ_SQ":2.857297778048,"NET_PROFIT_RATIO_SQ":9.2017265105,"HOLDER_PROFIT_SQ":1874323694,"HOLDER_PROFIT_QOQ_SQ":1.907016750952,"ROE_AVG_SQ":6.731393585469,"PE_TTM_SQ":5.197084838195,"PB_TTM_SQ":0.43973969227,"ROA_SQ":2.868120425108,"START_DATE":"2024-01-01 00:00:00","FISCAL_YEAR":"12-31","CURRENCY":"HKD","IS_CNY_CODE":0,"DPS_HKD_LY":0.581957,"ORG_TYPE":"一般企业","PREMIUM_INCOME":null,"PREMIUM_INCOME_YOY":null,"NET_INTEREST_INCOME":null,"NET_INTEREST_INCOME_YOY":null,"FEE_COMMISSION_INCOME":null,"FEE_COMMISSION_INCOME_YOY":null,"ACCOUNTS_RECE_TDAYS":6.759113347628,"INVENTORY_TDAYS":5.599068605823,"CURRENT_ASSETS_TDAYS":1.631267613304,"TOTAL_ASSETS_TDAYS":0.35920778387,"PREMIUM_EXPENSE":null,"LOAN_DEPOSIT":null,"LOAN_EQUITY":null,"LOAN_ASSETS":null,"DEPOSIT_EQUITY":null,"DEPOSIT_ASSETS":null,"EQUITY_MULTIPLIER":2.062682188834,"EQUITY_RATIO":1.226230603504},{"SECUCODE":"06655.HK","SECURITY_CODE":"06655","SECURITY_NAME_ABBR":"华新水泥","ORG_CODE":"10634799","STD_REPORT_DATE":"2024-06-30 00:00:00","REPORT_DATE":"2024-06-30 00:00:00","DATE_TYPE_CODE":"002","REPORT_TYPE":"2024年中报","PER_NETCASH_OPERATE":0.832413508817,"PER_OI":7.810200883205,"BPS":13.798739702894,"BASIC_EPS":0.35,"DILUTED_EPS":0.35,"OPERATE_INCOME":16237373654,"OPERATE_INCOME_YOY":2.5632397161,"GROSS_PROFIT":3840539761,"GROSS_PROFIT_YOY":-0.514211679567,"HOLDER_PROFIT":730553374,"HOLDER_PROFIT_YOY":-38.7407650746,"GROSS_PROFIT_RATIO":23.652468945025,"EPS_TTM":1.106356184587,"OPERATE_INCOME_QOQ":-0.144291169625,"NET_PROFIT_RATIO":6.2921898749,"ROE_AVG":2.53574251798,"GROSS_PROFIT_QOQ":-2.484457595672,"ROA":1.060496569278,"HOLDER_PROFIT_QOQ":-14.545107057172,"ROE_YEARLY":5.071485035959,"ROIC_YEARLY":2.476200623967,"TOTAL_ASSETS":68975448352,"TOTAL_LIABILITIES":35992702978,"TAX_EBT":23.941336106316,"OCF_SALES":10.658029431833,"TOTAL_PARENT_EQUITY":28687519804,"DEBT_ASSET_RATIO":52.1819050662,"OPERATE_PROFIT":1743242093,"PRETAX_PROFIT":1343287311,"NETCASH_OPERATE":1730584063,"NETCASH_INVEST":-1178576055,"NETCASH_FINANCE":-1083480073,"END_CASH":4824050431,"DIVI_RATIO":0.476682898227,"DIVIDEND_RATE":7.158142681427,"CURRENT_RATIO":0.787923898749,"COMMON_ACS":null,"CURRENTDEBT_DEBT":52.511698047664,"ISSUED_COMMON_SHARES":2078995649,"HK_COMMON_SHARES":734720000,"PER_SHARES":100,"TOTAL_MARKET_CAP":16902234626.37,"HKSK_MARKET_CAP":5973273600,"PE_TTM":7.453165909366,"PB_TTM":0.527068650938,"REPORT_DATE_SQ":"2023-06-30 00:00:00","REPORT_TYPE_SQ":"2023年中报","OPERATE_INCOME_SQ":15831572500,"DPS_HKD":0.581957,"OPERATE_INCOME_QOQ_SQ":4.399033884292,"NET_PROFIT_RATIO_SQ":8.526902296,"HOLDER_PROFIT_SQ":1192560395,"HOLDER_PROFIT_QOQ_SQ":1.297759893058,"ROE_AVG_SQ":4.323606085697,"PE_TTM_SQ":5.516414167731,"PB_TTM_SQ":0.466759028201,"ROA_SQ":1.837476314349,"START_DATE":"2024-01-01 00:00:00","FISCAL_YEAR":"12-31","CURRENCY":"HKD","IS_CNY_CODE":0,"DPS_HKD_LY":0.581957,"ORG_TYPE":"一般企业","PREMIUM_INCOME":null,"PREMIUM_INCOME_YOY":null,"NET_INTEREST_INCOME":null,"NET_INTEREST_INCOME_YOY":null,"FEE_COMMISSION_INCOME":null,"FEE_COMMISSION_INCOME_YOY":null,"ACCOUNTS_RECE_TDAYS":4.615640723245,"INVENTORY_TDAYS":3.567371731939,"CURRENT_ASSETS_TDAYS":1.078477887349,"TOTAL_ASSETS_TDAYS":0.235707337301,"PREMIUM_EXPENSE":null,"LOAN_DEPOSIT":null,"LOAN_EQUITY":null,"LOAN_ASSETS":null,"DEPOSIT_EQUITY":null,"DEPOSIT_ASSETS":null,"EQUITY_MULTIPLIER":2.091258552614,"EQUITY_RATIO":1.254646732234},{"SECUCODE":"06655.HK","SECURITY_CODE":"06655","SECURITY_NAME_ABBR":"华新水泥","ORG_CODE":"10634799","STD_REPORT_DATE":"2024-03-31 00:00:00","REPORT_DATE":"2024-03-31 00:00:00","DATE_TYPE_CODE":"003","REPORT_TYPE":"2024年一季报","PER_NETCASH_OPERATE":0.051464325599,"PER_OI":3.407222945083,"BPS":14.028136940079,"BASIC_EPS":0.09,"DILUTED_EPS":0.08,"OPERATE_INCOME":7083601678,"OPERATE_INCOME_YOY":6.8668757699,"GROSS_PROFIT":1550496101,"GROSS_PROFIT_YOY":15.609004977672,"HOLDER_PROFIT":177469351,"HOLDER_PROFIT_YOY":-28.4337997363,"GROSS_PROFIT_RATIO":21.888527496054,"EPS_TTM":1.294666866328,"OPERATE_INCOME_QOQ":1.348358083541,"NET_PROFIT_RATIO":4.1219824924,"ROE_AVG":0.610937478323,"GROSS_PROFIT_QOQ":2.321967329172,"ROA":0.257125697947,"HOLDER_PROFIT_QOQ":-2.552749947788,"ROE_YEARLY":2.44374991329,"ROIC_YEARLY":1.210422450809,"TOTAL_ASSETS":69240660681,"TOTAL_LIABILITIES":35873699115,"TAX_EBT":17.085561301434,"OCF_SALES":1.5104478465,"TOTAL_PARENT_EQUITY":29164435662,"DEBT_ASSET_RATIO":51.8101629334,"OPERATE_PROFIT":534216653,"PRETAX_PROFIT":352151960,"NETCASH_OPERATE":106994109,"NETCASH_INVEST":-268956676,"NETCASH_FINANCE":678111238,"END_CASH":5881347510,"DIVI_RATIO":0.407348860357,"DIVIDEND_RATE":7.158142681427,"CURRENT_RATIO":0.85598362642,"COMMON_ACS":null,"CURRENTDEBT_DEBT":51.229526974863,"ISSUED_COMMON_SHARES":2078995649,"HK_COMMON_SHARES":734720000,"PER_SHARES":100,"TOTAL_MARKET_CAP":16902234626.37,"HKSK_MARKET_CAP":5973273600,"PE_TTM":7.453165909366,"PB_TTM":0.527068650938,"REPORT_DATE_SQ":"2023-03-31 00:00:00","REPORT_TYPE_SQ":"2023年一季报","OPERATE_INCOME_SQ":6628435263,"DPS_HKD":0.581957,"OPERATE_INCOME_QOQ_SQ":0.319769200265,"NET_PROFIT_RATIO_SQ":4.2652829029,"HOLDER_PROFIT_SQ":247979284,"HOLDER_PROFIT_QOQ_SQ":-15.703030119092,"ROE_AVG_SQ":0.902659032217,"PE_TTM_SQ":5.516414167731,"PB_TTM_SQ":0.466759028201,"ROA_SQ":0.384513786561,"START_DATE":"2024-01-01 00:00:00","FISCAL_YEAR":"12-31","CURRENCY":"HKD","IS_CNY_CODE":0,"DPS_HKD_LY":0.581957,"ORG_TYPE":"一般企业","PREMIUM_INCOME":null,"PREMIUM_INCOME_YOY":null,"NET_INTEREST_INCOME":null,"NET_INTEREST_INCOME_YOY":null,"FEE_COMMISSION_INCOME":null,"FEE_COMMISSION_INCOME_YOY":null,"ACCOUNTS_RECE_TDAYS":2.106184483767,"INVENTORY_TDAYS":1.567410998147,"CURRENT_ASSETS_TDAYS":0.45773314364,"TOTAL_ASSETS_TDAYS":0.102630455071,"PREMIUM_EXPENSE":null,"LOAN_DEPOSIT":null,"LOAN_EQUITY":null,"LOAN_ASSETS":null,"DEPOSIT_EQUITY":null,"DEPOSIT_ASSETS":null,"EQUITY_MULTIPLIER":2.075126335493,"EQUITY_RATIO":1.230049486668},{"SECUCODE":"06655.HK","SECURITY_CODE":"06655","SECURITY_NAME_ABBR":"华新水泥","ORG_CODE":"10634799","STD_REPORT_DATE":"2023-12-31 00:00:00","REPORT_DATE":"2023-12-31 00:00:00","DATE_TYPE_CODE":"001","REPORT_TYPE":"2023年年报","PER_NETCASH_OPERATE":2.999311265514,"PER_OI":16.237209196776,"BPS":13.916791918693,"BASIC_EPS":1.33,"DILUTED_EPS":1.32,"OPERATE_INCOME":33757087272,"OPERATE_INCOME_YOY":10.7865561707,"GROSS_PROFIT":9015672545,"GROSS_PROFIT_YOY":12.858412261036,"HOLDER_PROFIT":2762116715,"HOLDER_PROFIT_YOY":2.343508206,"GROSS_PROFIT_RATIO":26.707495443418,"EPS_TTM":1.328582248995,"OPERATE_INCOME_QOQ":2.841629154692,"NET_PROFIT_RATIO":9.5331036001,"ROE_AVG":9.798344164441,"GROSS_PROFIT_QOQ":7.841923180034,"ROA":4.152249465083,"HOLDER_PROFIT_QOQ":17.610042392707,"ROE_YEARLY":9.798344164441,"ROIC_YEARLY":4.914784023857,"TOTAL_ASSETS":68800268263,"TOTAL_LIABILITIES":35505385821,"TAX_EBT":25.614556910598,"OCF_SALES":18.471839767325,"TOTAL_PARENT_EQUITY":28932949847,"DEBT_ASSET_RATIO":51.606464215,"OPERATE_PROFIT":5024767935,"PRETAX_PROFIT":4326247137,"NETCASH_OPERATE":6235555071,"NETCASH_INVEST":-6453904653,"NETCASH_FINANCE":-951747856,"END_CASH":5370115985,"DIVI_RATIO":0.396950262536,"DIVIDEND_RATE":7.158142681427,"CURRENT_RATIO":0.803814046104,"COMMON_ACS":null,"CURRENTDEBT_DEBT":53.327726563673,"ISSUED_COMMON_SHARES":2078995649,"HK_COMMON_SHARES":734720000,"PER_SHARES":100,"TOTAL_MARKET_CAP":16902234626.37,"HKSK_MARKET_CAP":5973273600,"PE_TTM":7.453165909366,"PB_TTM":0.527068650938,"REPORT_DATE_SQ":"2022-12-31 00:00:00","REPORT_TYPE_SQ":"2022年年报","OPERATE_INCOME_SQ":30470382363,"DPS_HKD":0.581957,"OPERATE_INCOME_QOQ_SQ":-4.244838772712,"NET_PROFIT_RATIO_SQ":9.9229305264,"HOLDER_PROFIT_SQ":2698868510,"HOLDER_PROFIT_QOQ_SQ":-32.944607060853,"ROE_AVG_SQ":9.963296385599,"PE_TTM_SQ":5.516414167731,"PB_TTM_SQ":0.466759028201,"ROA_SQ":4.621694666249,"START_DATE":"2023-01-01 00:00:00","FISCAL_YEAR":"12-31","CURRENCY":"HKD","IS_CNY_CODE":0,"DPS_HKD_LY":0.567663,"ORG_TYPE":"一般企业","PREMIUM_INCOME":null,"PREMIUM_INCOME_YOY":null,"NET_INTEREST_INCOME":null,"NET_INTEREST_INCOME_YOY":null,"FEE_COMMISSION_INCOME":null,"FEE_COMMISSION_INCOME_YOY":null,"ACCOUNTS_RECE_TDAYS":11.769369489781,"INVENTORY_TDAYS":7.204775173594,"CURRENT_ASSETS_TDAYS":2.275511746775,"TOTAL_ASSETS_TDAYS":0.507465331956,"PREMIUM_EXPENSE":null,"LOAN_DEPOSIT":null,"LOAN_EQUITY":null,"LOAN_ASSETS":null,"DEPOSIT_EQUITY":null,"DEPOSIT_ASSETS":null,"EQUITY_MULTIPLIER":2.066391685953,"EQUITY_RATIO":1.227160936191},{"SECUCODE":"06655.HK","SECURITY_CODE":"06655","SECURITY_NAME_ABBR":"华新水泥","ORG_CODE":"10634799","STD_REPORT_DATE":"2023-09-30 00:00:00","REPORT_DATE":"2023-09-30 00:00:00","DATE_TYPE_CODE":"004","REPORT_TYPE":"2023年三季报","PER_NETCASH_OPERATE":1.684910451681,"PER_OI":11.623341727831,"BPS":13.584789831371,"BASIC_EPS":0.9,"DILUTED_EPS":0.9,"OPERATE_INCOME":24164876879,"OPERATE_INCOME_YOY":10.7925712106,"GROSS_PROFIT":6357412330,"GROSS_PROFIT_YOY":6.208024033531,"HOLDER_PROFIT":1874323694,"HOLDER_PROFIT_YOY":-15.7476331445,"GROSS_PROFIT_RATIO":26.308482190219,"EPS_TTM":1.129650344449,"OPERATE_INCOME_QOQ":2.857297778048,"NET_PROFIT_RATIO":9.2017265105,"ROE_AVG":6.731393585469,"GROSS_PROFIT_QOQ":6.954791629165,"ROA":2.868120425108,"HOLDER_PROFIT_QOQ":1.907016750952,"ROE_YEARLY":8.975191447292,"ROIC_YEARLY":3.429056119157,"TOTAL_ASSETS":66458811594,"TOTAL_LIABILITIES":33899923043,"TAX_EBT":22.776064506212,"OCF_SALES":14.495921148451,"TOTAL_PARENT_EQUITY":28242718952,"DEBT_ASSET_RATIO":51.0089215108,"OPERATE_PROFIT":3340333264,"PRETAX_PROFIT":2879399849,"NETCASH_OPERATE":3502921498,"NETCASH_INVEST":-2767490621,"NETCASH_FINANCE":-1862927893,"END_CASH":5587057061,"DIVI_RATIO":0.466853372047,"DIVIDEND_RATE":7.158142681427,"CURRENT_RATIO":0.906746492462,"COMMON_ACS":null,"CURRENTDEBT_DEBT":49.72799795627,"ISSUED_COMMON_SHARES":2078995649,"HK_COMMON_SHARES":734720000,"PER_SHARES":100,"TOTAL_MARKET_CAP":16902234626.37,"HKSK_MARKET_CAP":5973273600,"PE_TTM":7.453165909366,"PB_TTM":0.527068650938,"REPORT_DATE_SQ":"2022-09-30 00:00:00","REPORT_TYPE_SQ":"2022年三季报","OPERATE_INCOME_SQ":21810918020,"DPS_HKD":0.581957,"OPERATE_INCOME_QOQ_SQ":-0.896965258989,"NET_PROFIT_RATIO_SQ":10.9872564181,"HOLDER_PROFIT_SQ":2224654053,"HOLDER_PROFIT_QOQ_SQ":-10.797922280437,"ROE_AVG_SQ":8.237443524917,"PE_TTM_SQ":5.516414167731,"PB_TTM_SQ":0.466759028201,"ROA_SQ":3.952891317433,"START_DATE":"2023-01-01 00:00:00","FISCAL_YEAR":"12-31","CURRENCY":"HKD","IS_CNY_CODE":0,"DPS_HKD_LY":0.567663,"ORG_TYPE":"一般企业","PREMIUM_INCOME":null,"PREMIUM_INCOME_YOY":null,"NET_INTEREST_INCOME":null,"NET_INTEREST_INCOME_YOY":null,"FEE_COMMISSION_INCOME":null,"FEE_COMMISSION_INCOME_YOY":null,"ACCOUNTS_RECE_TDAYS":8.624279517318,"INVENTORY_TDAYS":5.052022795584,"CURRENT_ASSETS_TDAYS":1.625294021596,"TOTAL_ASSETS_TDAYS":0.369774853558,"PREMIUM_EXPENSE":null,"LOAN_DEPOSIT":null,"LOAN_EQUITY":null,"LOAN_ASSETS":null,"DEPOSIT_EQUITY":null,"DEPOSIT_ASSETS":null,"EQUITY_MULTIPLIER":2.04118796899,"EQUITY_RATIO":1.200306638345},{"SECUCODE":"06655.HK","SECURITY_CODE":"06655","SECURITY_NAME_ABBR":"华新水泥","ORG_CODE":"10634799","STD_REPORT_DATE":"2023-06-30 00:00:00","REPORT_DATE":"2023-06-30 00:00:00","DATE_TYPE_CODE":"002","REPORT_TYPE":"2023年中报","PER_NETCASH_OPERATE":1.014579523092,"PER_OI":7.551070111087,"BPS":13.332772375129,"BASIC_EPS":0.58,"DILUTED_EPS":0.57,"OPERATE_INCOME":15831572500,"OPERATE_INCOME_YOY":10.0220900794,"GROSS_PROFIT":3860390339,"GROSS_PROFIT_YOY":-4.265888938036,"HOLDER_PROFIT":1192560395,"HOLDER_PROFIT_YOY":-24.8468243317,"GROSS_PROFIT_RATIO":24.384124438681,"EPS_TTM":1.099203189633,"OPERATE_INCOME_QOQ":4.399033884292,"NET_PROFIT_RATIO":8.526902296,"ROE_AVG":4.323606085697,"GROSS_PROFIT_QOQ":2.721280646428,"ROA":1.837476314349,"HOLDER_PROFIT_QOQ":1.297759893058,"ROE_YEARLY":8.647212171394,"ROIC_YEARLY":4.357267999077,"TOTAL_ASSETS":65562488903,"TOTAL_LIABILITIES":33500219995,"TAX_EBT":22.339730174948,"OCF_SALES":13.436234972868,"TOTAL_PARENT_EQUITY":27718775757,"DEBT_ASSET_RATIO":51.0966263721,"OPERATE_PROFIT":1983503877,"PRETAX_PROFIT":1738266841,"NETCASH_OPERATE":2127167281,"NETCASH_INVEST":-2221519537,"NETCASH_FINANCE":-2054800997,"END_CASH":4542875419,"DIVI_RATIO":0.479784881916,"DIVIDEND_RATE":7.158142681427,"CURRENT_RATIO":0.852867386673,"COMMON_ACS":null,"CURRENTDEBT_DEBT":49.196127853667,"ISSUED_COMMON_SHARES":2078995649,"HK_COMMON_SHARES":734720000,"PER_SHARES":100,"TOTAL_MARKET_CAP":16902234626.37,"HKSK_MARKET_CAP":5973273600,"PE_TTM":7.453165909366,"PB_TTM":0.527068650938,"REPORT_DATE_SQ":"2022-06-30 00:00:00","REPORT_TYPE_SQ":"2022年中报","OPERATE_INCOME_SQ":14389448963,"DPS_HKD":0.581957,"OPERATE_INCOME_QOQ_SQ":-2.123292611336,"NET_PROFIT_RATIO_SQ":11.6953143051,"HOLDER_PROFIT_SQ":1586839657,"HOLDER_PROFIT_QOQ_SQ":-14.884018486004,"ROE_AVG_SQ":5.976533511333,"PE_TTM_SQ":5.516414167731,"PB_TTM_SQ":0.466759028201,"ROA_SQ":2.917001284505,"START_DATE":"2023-01-01 00:00:00","FISCAL_YEAR":"12-31","CURRENCY":"HKD","IS_CNY_CODE":0,"DPS_HKD_LY":0.567663,"ORG_TYPE":"一般企业","PREMIUM_INCOME":null,"PREMIUM_INCOME_YOY":null,"NET_INTEREST_INCOME":null,"NET_INTEREST_INCOME_YOY":null,"FEE_COMMISSION_INCOME":null,"FEE_COMMISSION_INCOME_YOY":null,"ACCOUNTS_RECE_TDAYS":5.872687730284,"INVENTORY_TDAYS":3.37622975854,"CURRENT_ASSETS_TDAYS":1.110744176926,"TOTAL_ASSETS_TDAYS":0.243930115486,"PREMIUM_EXPENSE":null,"LOAN_DEPOSIT":null,"LOAN_EQUITY":null,"LOAN_ASSETS":null,"DEPOSIT_EQUITY":null,"DEPOSIT_ASSETS":null,"EQUITY_MULTIPLIER":2.044848700233,"EQUITY_RATIO":1.208575021086},{"SECUCODE":"06655.HK","SECURITY_CODE":"06655","SECURITY_NAME_ABBR":"华新水泥","ORG_CODE":"10634799","STD_REPORT_DATE":"2023-03-31 00:00:00","REPORT_DATE":"2023-03-31 00:00:00","DATE_TYPE_CODE":"003","REPORT_TYPE":"2023年一季报","PER_NETCASH_OPERATE":0.158315062461,"PER_OI":3.161516608519,"BPS":13.226516880026,"BASIC_EPS":0.12,"DILUTED_EPS":0.12,"OPERATE_INCOME":6628435263,"OPERATE_INCOME_YOY":1.4918832117,"GROSS_PROFIT":1341155130,"GROSS_PROFIT_YOY":-22.037017184903,"HOLDER_PROFIT":247979284,"HOLDER_PROFIT_YOY":-63.0864238404,"GROSS_PROFIT_RATIO":20.233359409669,"EPS_TTM":1.085120925471,"OPERATE_INCOME_QOQ":0.319769200265,"NET_PROFIT_RATIO":4.2652829029,"ROE_AVG":0.902659032217,"GROSS_PROFIT_QOQ":-4.745469490119,"ROA":0.384513786561,"HOLDER_PROFIT_QOQ":-15.703030119092,"ROE_YEARLY":3.610636128867,"ROIC_YEARLY":1.835808500813,"TOTAL_ASSETS":64741622991,"TOTAL_LIABILITIES":33898015757,"TAX_EBT":22.124667217091,"OCF_SALES":5.007567002318,"TOTAL_PARENT_EQUITY":27497871045,"DEBT_ASSET_RATIO":52.3589218048,"OPERATE_PROFIT":431616555,"PRETAX_PROFIT":363043734,"NETCASH_OPERATE":331923337,"NETCASH_INVEST":-1121597464,"NETCASH_FINANCE":1084213674,"END_CASH":6882809533,"DIVI_RATIO":0.486011337687,"DIVIDEND_RATE":7.158142681427,"CURRENT_RATIO":0.931985678738,"COMMON_ACS":null,"CURRENTDEBT_DEBT":46.971418023818,"ISSUED_COMMON_SHARES":2078995649,"HK_COMMON_SHARES":734720000,"PER_SHARES":100,"TOTAL_MARKET_CAP":16902234626.37,"HKSK_MARKET_CAP":5973273600,"PE_TTM":7.453165909366,"PB_TTM":0.527068650938,"REPORT_DATE_SQ":"2022-03-31 00:00:00","REPORT_TYPE_SQ":"2022年一季报","OPERATE_INCOME_SQ":6531000365,"DPS_HKD":0.581957,"OPERATE_INCOME_QOQ_SQ":1.05231387257,"NET_PROFIT_RATIO_SQ":10.732352807,"HOLDER_PROFIT_SQ":671783419,"HOLDER_PROFIT_QOQ_SQ":-1.164817800597,"ROE_AVG_SQ":2.486906932914,"PE_TTM_SQ":5.516414167731,"PB_TTM_SQ":0.466759028201,"ROA_SQ":1.273733984583,"START_DATE":"2023-01-01 00:00:00","FISCAL_YEAR":"12-31","CURRENCY":"HKD","IS_CNY_CODE":0,"DPS_HKD_LY":0.567663,"ORG_TYPE":"一般企业","PREMIUM_INCOME":null,"PREMIUM_INCOME_YOY":null,"NET_INTEREST_INCOME":null,"NET_INTEREST_INCOME_YOY":null,"FEE_COMMISSION_INCOME":null,"FEE_COMMISSION_INCOME_YOY":null,"ACCOUNTS_RECE_TDAYS":2.555023386846,"INVENTORY_TDAYS":1.579850759532,"CURRENT_ASSETS_TDAYS":0.452611610029,"TOTAL_ASSETS_TDAYS":0.102779744374,"PREMIUM_EXPENSE":null,"LOAN_DEPOSIT":null,"LOAN_EQUITY":null,"LOAN_ASSETS":null,"DEPOSIT_EQUITY":null,"DEPOSIT_ASSETS":null,"EQUITY_MULTIPLIER":2.099028900863,"EQUITY_RATIO":1.232750553726},{"SECUCODE":"06655.HK","SECURITY_CODE":"06655","SECURITY_NAME_ABBR":"华新水泥","ORG_CODE":"10634799","STD_REPORT_DATE":"2022-12-31 00:00:00","REPORT_DATE":"2022-12-31 00:00:00","DATE_TYPE_CODE":"001","REPORT_TYPE":"2022年年报","PER_NETCASH_OPERATE":2.178619925546,"PER_OI":14.533236893217,"BPS":13.201713549137,"BASIC_EPS":1.3,"DILUTED_EPS":1.28,"OPERATE_INCOME":30470382363,"OPERATE_INCOME_YOY":-6.1412515263,"GROSS_PROFIT":7988480756,"GROSS_PROFIT_YOY":-27.847025227801,"HOLDER_PROFIT":2698868510,"HOLDER_PROFIT_YOY":-49.6810742601,"GROSS_PROFIT_RATIO":26.217198920682,"EPS_TTM":1.287259704594,"OPERATE_INCOME_QOQ":-4.244838772712,"NET_PROFIT_RATIO":9.9229305264,"ROE_AVG":9.963296385599,"GROSS_PROFIT_QOQ":-14.94709650717,"ROA":4.621694666249,"HOLDER_PROFIT_QOQ":-32.944607060853,"ROE_YEARLY":9.963296385599,"ROIC_YEARLY":5.689211729513,"TOTAL_ASSETS":64241676265,"TOTAL_LIABILITIES":33403495804,"TAX_EBT":24.185306452986,"OCF_SALES":14.990603549323,"TOTAL_PARENT_EQUITY":27446305028,"DEBT_ASSET_RATIO":51.9966130183,"OPERATE_PROFIT":4446573767,"PRETAX_PROFIT":3988085596,"NETCASH_OPERATE":4567694220,"NETCASH_INVEST":-8383336829,"NETCASH_FINANCE":1771835223,"END_CASH":6616021778,"DIVI_RATIO":0.409692830948,"DIVIDEND_RATE":7.158142681427,"CURRENT_RATIO":0.869196916155,"COMMON_ACS":null,"CURRENTDEBT_DEBT":49.769893539134,"ISSUED_COMMON_SHARES":2078995649,"HK_COMMON_SHARES":734720000,"PER_SHARES":100,"TOTAL_MARKET_CAP":16902234626.37,"HKSK_MARKET_CAP":5973273600,"PE_TTM":7.453165909366,"PB_TTM":0.527068650938,"REPORT_DATE_SQ":"2021-12-31 00:00:00","REPORT_TYPE_SQ":"2021年年报","OPERATE_INCOME_SQ":32464083379,"DPS_HKD":0.581957,"OPERATE_INCOME_QOQ_SQ":3.393068738017,"NET_PROFIT_RATIO_SQ":17.8811055567,"HOLDER_PROFIT_SQ":5363525692,"HOLDER_PROFIT_QOQ_SQ":3.75269645312,"ROE_AVG_SQ":21.325600336727,"PE_TTM_SQ":5.516414167731,"PB_TTM_SQ":0.466759028201,"ROA_SQ":11.118635586335,"START_DATE":"2022-01-01 00:00:00","FISCAL_YEAR":"12-31","CURRENCY":"HKD","IS_CNY_CODE":0,"DPS_HKD_LY":1.175599,"ORG_TYPE":"一般企业","PREMIUM_INCOME":null,"PREMIUM_INCOME_YOY":null,"NET_INTEREST_INCOME":null,"NET_INTEREST_INCOME_YOY":null,"FEE_COMMISSION_INCOME":null,"FEE_COMMISSION_INCOME_YOY":null,"ACCOUNTS_RECE_TDAYS":14.110245446633,"INVENTORY_TDAYS":6.472334371177,"CURRENT_ASSETS_TDAYS":1.993025324421,"TOTAL_ASSETS_TDAYS":0.521792014409,"PREMIUM_EXPENSE":null,"LOAN_DEPOSIT":null,"LOAN_EQUITY":null,"LOAN_ASSETS":null,"DEPOSIT_EQUITY":null,"DEPOSIT_ASSETS":null,"EQUITY_MULTIPLIER":2.083186339291,"EQUITY_RATIO":1.217048916782},{"SECUCODE":"06655.HK","SECURITY_CODE":"06655","SECURITY_NAME_ABBR":"华新水泥","ORG_CODE":"10634799","STD_REPORT_DATE":"2022-09-30 00:00:00","REPORT_DATE":"2022-09-30 00:00:00","DATE_TYPE_CODE":"004","REPORT_TYPE":"2022年三季报","PER_NETCASH_OPERATE":1.197496618161,"PER_OI":10.402995100846,"BPS":13.123309729447,"BASIC_EPS":1.07,"DILUTED_EPS":1.07,"OPERATE_INCOME":21810918020,"OPERATE_INCOME_YOY":-2.8634048206,"GROSS_PROFIT":5985811701,"GROSS_PROFIT_YOY":-21.907561997189,"HOLDER_PROFIT":2224654053,"HOLDER_PROFIT_YOY":-37.5683851445,"GROSS_PROFIT_RATIO":27.444107100449,"EPS_TTM":1.919696012762,"OPERATE_INCOME_QOQ":-0.896965258989,"NET_PROFIT_RATIO":10.9872564181,"ROE_AVG":8.237443524917,"GROSS_PROFIT_QOQ":-6.621272630851,"ROA":3.952891317433,"HOLDER_PROFIT_QOQ":-10.797922280437,"ROE_YEARLY":10.983258033223,"ROIC_YEARLY":4.933039988089,"TOTAL_ASSETS":60008703156,"TOTAL_LIABILITIES":29255067701,"TAX_EBT":21.882533670424,"OCF_SALES":11.511075479252,"TOTAL_PARENT_EQUITY":27283303828,"DEBT_ASSET_RATIO":48.7513746547,"OPERATE_PROFIT":3385418801,"PRETAX_PROFIT":3067715330,"NETCASH_OPERATE":2510671236,"NETCASH_INVEST":-5672295916,"NETCASH_FINANCE":1242686954,"END_CASH":6786368122,"DIVI_RATIO":0.274721137635,"DIVIDEND_RATE":7.158142681427,"CURRENT_RATIO":1.027735368595,"COMMON_ACS":null,"CURRENTDEBT_DEBT":50.315827057535,"ISSUED_COMMON_SHARES":2078995649,"HK_COMMON_SHARES":734720000,"PER_SHARES":100,"TOTAL_MARKET_CAP":16902234626.37,"HKSK_MARKET_CAP":5973273600,"PE_TTM":7.453165909366,"PB_TTM":0.527068650938,"REPORT_DATE_SQ":"2021-09-30 00:00:00","REPORT_TYPE_SQ":"2021年三季报","OPERATE_INCOME_SQ":22453863016,"DPS_HKD":0.581957,"OPERATE_INCOME_QOQ_SQ":-0.435220090203,"NET_PROFIT_RATIO_SQ":17.344068329,"HOLDER_PROFIT_SQ":3563345363,"HOLDER_PROFIT_QOQ_SQ":-11.129891444743,"ROE_AVG_SQ":14.698235362631,"PE_TTM_SQ":5.516414167731,"PB_TTM_SQ":0.466759028201,"ROA_SQ":7.785186273097,"START_DATE":"2022-01-01 00:00:00","FISCAL_YEAR":"12-31","CURRENCY":"HKD","IS_CNY_CODE":0,"DPS_HKD_LY":1.175599,"ORG_TYPE":"一般企业","PREMIUM_INCOME":null,"PREMIUM_INCOME_YOY":null,"NET_INTEREST_INCOME":null,"NET_INTEREST_INCOME_YOY":null,"FEE_COMMISSION_INCOME":null,"FEE_COMMISSION_INCOME_YOY":null,"ACCOUNTS_RECE_TDAYS":10.090113996749,"INVENTORY_TDAYS":4.478604231112,"CURRENT_ASSETS_TDAYS":1.395679530613,"TOTAL_ASSETS_TDAYS":0.387548744265,"PREMIUM_EXPENSE":null,"LOAN_DEPOSIT":null,"LOAN_EQUITY":null,"LOAN_ASSETS":null,"DEPOSIT_EQUITY":null,"DEPOSIT_ASSETS":null,"EQUITY_MULTIPLIER":1.951271850244,"EQUITY_RATIO":1.07226998187}],"count":21},"success":true,"message":"ok","code":0}