{"version":"12d083ccb4866f6fe589524b4032a6e5","result":{"pages":2,"data":[{"SECUCODE":"06666.HK","SECURITY_CODE":"06666","SECURITY_NAME_ABBR":"恒大物业","ORG_CODE":"10000134999","STD_REPORT_DATE":"2024-06-30 00:00:00","REPORT_DATE":"2024-06-30 00:00:00","DATE_TYPE_CODE":"002","REPORT_TYPE":"2024年中报","PER_NETCASH_OPERATE":0.008872969845,"PER_OI":0.575367749931,"BPS":0.003035202447,"BASIC_EPS":0.05,"DILUTED_EPS":0.05,"OPERATE_INCOME":6220192000,"OPERATE_INCOME_YOY":1.2217017186,"GROSS_PROFIT":1256091000,"GROSS_PROFIT_YOY":-16.213903215392,"HOLDER_PROFIT":500526000,"HOLDER_PROFIT_YOY":-35.9375099992,"GROSS_PROFIT_RATIO":20.193765722987,"EPS_TTM":0.11658847796,"OPERATE_INCOME_QOQ":0.601247230619,"NET_PROFIT_RATIO":8.0355718923,"ROE_AVG":-230.252873986227,"GROSS_PROFIT_QOQ":-7.819754424073,"ROA":6.072810980625,"HOLDER_PROFIT_QOQ":-18.218477951257,"ROE_YEARLY":-460.505747972454,"ROIC_YEARLY":17.605065211859,"TOTAL_ASSETS":8237746000,"TOTAL_LIABILITIES":7780823000,"TAX_EBT":26.757830816843,"OCF_SALES":1.542138892176,"TOTAL_PARENT_EQUITY":32813000,"DEBT_ASSET_RATIO":94.4533006966,"OPERATE_PROFIT":712654000,"PRETAX_PROFIT":682432000,"NETCASH_OPERATE":95924000,"NETCASH_INVEST":369506000,"NETCASH_FINANCE":-26194000,"END_CASH":2320098000,"DIVI_RATIO":null,"DIVIDEND_RATE":null,"CURRENT_RATIO":0.803087675969,"COMMON_ACS":100000000000,"CURRENTDEBT_DEBT":96.415931836517,"ISSUED_COMMON_SHARES":10810811000,"HK_COMMON_SHARES":10810811000,"PER_SHARES":500,"TOTAL_MARKET_CAP":8216216360,"HKSK_MARKET_CAP":8216216360,"PE_TTM":5.861700159334,"PB_TTM":228.53065393121,"REPORT_DATE_SQ":"2023-06-30 00:00:00","REPORT_TYPE_SQ":"2023年中报","OPERATE_INCOME_SQ":6145117000,"DPS_HKD":null,"OPERATE_INCOME_QOQ_SQ":3.023564048838,"NET_PROFIT_RATIO_SQ":12.8611546371,"HOLDER_PROFIT_SQ":781309000,"HOLDER_PROFIT_QOQ_SQ":16.530292497464,"ROE_AVG_SQ":-48.309585876673,"PE_TTM_SQ":2.970538012983,"PB_TTM_SQ":-4.023196519472,"ROA_SQ":10.586357968971,"START_DATE":"2024-01-01 00:00:00","FISCAL_YEAR":"12-31","CURRENCY":"HKD","IS_CNY_CODE":0,"DPS_HKD_LY":null,"ORG_TYPE":"一般企业","PREMIUM_INCOME":null,"PREMIUM_INCOME_YOY":null,"NET_INTEREST_INCOME":null,"NET_INTEREST_INCOME_YOY":null,"FEE_COMMISSION_INCOME":null,"FEE_COMMISSION_INCOME_YOY":null,"ACCOUNTS_RECE_TDAYS":1.774082425546,"INVENTORY_TDAYS":1645.37653297978,"CURRENT_ASSETS_TDAYS":1.037183204087,"TOTAL_ASSETS_TDAYS":0.754687074781,"PREMIUM_EXPENSE":null,"LOAN_DEPOSIT":null,"LOAN_EQUITY":null,"LOAN_ASSETS":null,"DEPOSIT_EQUITY":null,"DEPOSIT_ASSETS":null,"EQUITY_MULTIPLIER":18.028740072263,"EQUITY_RATIO":237.126230457441},{"SECUCODE":"06666.HK","SECURITY_CODE":"06666","SECURITY_NAME_ABBR":"恒大物业","ORG_CODE":"10000134999","STD_REPORT_DATE":"2023-12-31 00:00:00","REPORT_DATE":"2023-12-31 00:00:00","DATE_TYPE_CODE":"001","REPORT_TYPE":"2023年年报","PER_NETCASH_OPERATE":0.122249940361,"PER_OI":1.155005299787,"BPS":-0.043250686743,"BASIC_EPS":0.14,"DILUTED_EPS":0.14,"OPERATE_INCOME":12486544000,"OPERATE_INCOME_YOY":5.7359463522,"GROSS_PROFIT":3108448000,"GROSS_PROFIT_YOY":14.319717345885,"HOLDER_PROFIT":1541199000,"HOLDER_PROFIT_YOY":8.3307618936,"GROSS_PROFIT_RATIO":24.894382304663,"EPS_TTM":0.142560905005,"OPERATE_INCOME_QOQ":2.63277855744,"NET_PROFIT_RATIO":12.5239778116,"ROE_AVG":-124.500135106807,"GROSS_PROFIT_QOQ":5.92458356988,"ROA":20.02312950986,"HOLDER_PROFIT_QOQ":-7.036394081016,"ROE_YEARLY":-124.500135106807,"ROIC_YEARLY":28.116134744091,"TOTAL_ASSETS":8246416000,"TOTAL_LIABILITIES":8227205000,"TAX_EBT":25.725768799838,"OCF_SALES":10.584361853848,"TOTAL_PARENT_EQUITY":-467575000,"DEBT_ASSET_RATIO":99.7670381897,"OPERATE_PROFIT":2111770000,"PRETAX_PROFIT":2105457000,"NETCASH_OPERATE":1321621000,"NETCASH_INVEST":-609075000,"NETCASH_FINANCE":-400193000,"END_CASH":1880850000,"DIVI_RATIO":null,"DIVIDEND_RATE":null,"CURRENT_RATIO":0.757866668224,"COMMON_ACS":100000000000,"CURRENTDEBT_DEBT":95.742563847625,"ISSUED_COMMON_SHARES":10810811000,"HK_COMMON_SHARES":10810811000,"PER_SHARES":500,"TOTAL_MARKET_CAP":8648648800,"HKSK_MARKET_CAP":8648648800,"PE_TTM":6.170210694035,"PB_TTM":240.558583085484,"REPORT_DATE_SQ":"2022-12-31 00:00:00","REPORT_TYPE_SQ":"2022年年报","OPERATE_INCOME_SQ":11809176000,"DPS_HKD":null,"OPERATE_INCOME_QOQ_SQ":6.311547518006,"NET_PROFIT_RATIO_SQ":12.520551815,"HOLDER_PROFIT_SQ":1422679000,"HOLDER_PROFIT_QOQ_SQ":183.421278691697,"ROE_AVG_SQ":-48.433315545479,"PE_TTM_SQ":2.850516275084,"PB_TTM_SQ":-3.860643124746,"ROA_SQ":20.693664731646,"START_DATE":"2023-01-01 00:00:00","FISCAL_YEAR":"12-31","CURRENCY":"HKD","IS_CNY_CODE":0,"DPS_HKD_LY":null,"ORG_TYPE":"一般企业","PREMIUM_INCOME":null,"PREMIUM_INCOME_YOY":null,"NET_INTEREST_INCOME":null,"NET_INTEREST_INCOME_YOY":null,"FEE_COMMISSION_INCOME":null,"FEE_COMMISSION_INCOME_YOY":null,"ACCOUNTS_RECE_TDAYS":3.722912415488,"INVENTORY_TDAYS":3965.36828752643,"CURRENT_ASSETS_TDAYS":2.298508078114,"TOTAL_ASSETS_TDAYS":1.62224143438,"PREMIUM_EXPENSE":null,"LOAN_DEPOSIT":null,"LOAN_EQUITY":null,"LOAN_ASSETS":null,"DEPOSIT_EQUITY":null,"DEPOSIT_ASSETS":null,"EQUITY_MULTIPLIER":429.25490607764,"EQUITY_RATIO":-17.595476661498},{"SECUCODE":"06666.HK","SECURITY_CODE":"06666","SECURITY_NAME_ABBR":"恒大物业","ORG_CODE":"10000134999","STD_REPORT_DATE":"2023-06-30 00:00:00","REPORT_DATE":"2023-06-30 00:00:00","DATE_TYPE_CODE":"002","REPORT_TYPE":"2023年中报","PER_NETCASH_OPERATE":0.023030927097,"PER_OI":0.568423312553,"BPS":-0.113437188015,"BASIC_EPS":0.07,"DILUTED_EPS":0.07,"OPERATE_INCOME":6145117000,"OPERATE_INCOME_YOY":6.1688728467,"GROSS_PROFIT":1499164000,"GROSS_PROFIT_YOY":16.788155128184,"HOLDER_PROFIT":781309000,"HOLDER_PROFIT_YOY":43.0612521423,"GROSS_PROFIT_RATIO":24.396020450058,"EPS_TTM":0.153351307316,"OPERATE_INCOME_QOQ":3.023564048838,"NET_PROFIT_RATIO":12.8611546371,"ROE_AVG":-48.309585876673,"GROSS_PROFIT_QOQ":7.925576379978,"ROA":10.586357968971,"HOLDER_PROFIT_QOQ":16.530292497464,"ROE_YEARLY":-96.619171753346,"ROIC_YEARLY":29.455967219916,"TOTAL_ASSETS":7612905000,"TOTAL_LIABILITIES":8361895000,"TAX_EBT":22.848577497677,"OCF_SALES":4.051721065685,"TOTAL_PARENT_EQUITY":-1226348000,"DEBT_ASSET_RATIO":109.8384256732,"OPERATE_PROFIT":1043109000,"PRETAX_PROFIT":1024392000,"NETCASH_OPERATE":248983000,"NETCASH_INVEST":-69093000,"NETCASH_FINANCE":-139809000,"END_CASH":1610003000,"DIVI_RATIO":null,"DIVIDEND_RATE":null,"CURRENT_RATIO":0.685630643648,"COMMON_ACS":100000000000,"CURRENTDEBT_DEBT":96.089678236811,"ISSUED_COMMON_SHARES":10810811000,"HK_COMMON_SHARES":10810811000,"PER_SHARES":500,"TOTAL_MARKET_CAP":8648648800,"HKSK_MARKET_CAP":8648648800,"PE_TTM":6.170210694035,"PB_TTM":240.558583085484,"REPORT_DATE_SQ":"2022-06-30 00:00:00","REPORT_TYPE_SQ":"2022年中报","OPERATE_INCOME_SQ":5788059000,"DPS_HKD":null,"OPERATE_INCOME_QOQ_SQ":-15.806159777296,"NET_PROFIT_RATIO_SQ":9.8628573067,"HOLDER_PROFIT_SQ":546136000,"HOLDER_PROFIT_QOQ_SQ":-439.186642807009,"ROE_AVG_SQ":-16.100315956348,"PE_TTM_SQ":2.850516275084,"PB_TTM_SQ":-3.860643124746,"ROA_SQ":8.494665869466,"START_DATE":"2023-01-01 00:00:00","FISCAL_YEAR":"12-31","CURRENCY":"HKD","IS_CNY_CODE":0,"DPS_HKD_LY":null,"ORG_TYPE":"一般企业","PREMIUM_INCOME":null,"PREMIUM_INCOME_YOY":null,"NET_INTEREST_INCOME":null,"NET_INTEREST_INCOME_YOY":null,"FEE_COMMISSION_INCOME":null,"FEE_COMMISSION_INCOME_YOY":null,"ACCOUNTS_RECE_TDAYS":1.758871218302,"INVENTORY_TDAYS":null,"CURRENT_ASSETS_TDAYS":1.181272809232,"TOTAL_ASSETS_TDAYS":0.832633546052,"PREMIUM_EXPENSE":null,"LOAN_DEPOSIT":null,"LOAN_EQUITY":null,"LOAN_ASSETS":null,"DEPOSIT_EQUITY":null,"DEPOSIT_ASSETS":null,"EQUITY_MULTIPLIER":-10.164227826857,"EQUITY_RATIO":-6.818533564698},{"SECUCODE":"06666.HK","SECURITY_CODE":"06666","SECURITY_NAME_ABBR":"恒大物业","ORG_CODE":"10000134999","STD_REPORT_DATE":"2022-12-31 00:00:00","REPORT_DATE":"2022-12-31 00:00:00","DATE_TYPE_CODE":"001","REPORT_TYPE":"2022年年报","PER_NETCASH_OPERATE":0.069970513776,"PER_OI":1.092348760884,"BPS":-0.185762566749,"BASIC_EPS":0.13,"DILUTED_EPS":0.13,"OPERATE_INCOME":11809176000,"OPERATE_INCOME_YOY":-10.4922255444,"GROSS_PROFIT":2719083000,"GROSS_PROFIT_YOY":-25.787862387222,"HOLDER_PROFIT":1422679000,"HOLDER_PROFIT_YOY":549.7963919644,"GROSS_PROFIT_RATIO":23.025171273593,"EPS_TTM":0.131597805197,"OPERATE_INCOME_QOQ":6.311547518006,"NET_PROFIT_RATIO":12.520551815,"ROE_AVG":-48.433315545479,"GROSS_PROFIT_QOQ":35.340516100003,"ROA":20.693664731646,"HOLDER_PROFIT_QOQ":183.421278691697,"ROE_YEARLY":-48.433315545479,"ROIC_YEARLY":27.916834195654,"TOTAL_ASSETS":7147771000,"TOTAL_LIABILITIES":8660536000,"TAX_EBT":23.666686112575,"OCF_SALES":6.405510426807,"TOTAL_PARENT_EQUITY":-2008244000,"DEBT_ASSET_RATIO":121.1641503344,"OPERATE_PROFIT":1986097000,"PRETAX_PROFIT":1936997000,"NETCASH_OPERATE":756438000,"NETCASH_INVEST":-186895000,"NETCASH_FINANCE":-132433000,"END_CASH":1567979000,"DIVI_RATIO":null,"DIVIDEND_RATE":null,"CURRENT_RATIO":0.595774822217,"COMMON_ACS":100000000000,"CURRENTDEBT_DEBT":94.874047056672,"ISSUED_COMMON_SHARES":10810811000,"HK_COMMON_SHARES":10810811000,"PER_SHARES":500,"TOTAL_MARKET_CAP":8648648800,"HKSK_MARKET_CAP":8648648800,"PE_TTM":6.170210694035,"PB_TTM":240.558583085484,"REPORT_DATE_SQ":"2021-12-31 00:00:00","REPORT_TYPE_SQ":"2021年年报","OPERATE_INCOME_SQ":13193464000,"DPS_HKD":null,"OPERATE_INCOME_QOQ_SQ":-3.730250455264,"NET_PROFIT_RATIO_SQ":-2.9467924421,"HOLDER_PROFIT_SQ":-316294000,"HOLDER_PROFIT_QOQ_SQ":-109.207762264634,"ROE_AVG_SQ":-10.579992263046,"PE_TTM_SQ":2.850516275084,"PB_TTM_SQ":-3.860643124746,"ROA_SQ":-2.672951051828,"START_DATE":"2022-01-01 00:00:00","FISCAL_YEAR":"12-31","CURRENCY":"HKD","IS_CNY_CODE":0,"DPS_HKD_LY":null,"ORG_TYPE":"一般企业","PREMIUM_INCOME":null,"PREMIUM_INCOME_YOY":null,"NET_INTEREST_INCOME":null,"NET_INTEREST_INCOME_YOY":null,"FEE_COMMISSION_INCOME":null,"FEE_COMMISSION_INCOME_YOY":null,"ACCOUNTS_RECE_TDAYS":3.994160204734,"INVENTORY_TDAYS":null,"CURRENT_ASSETS_TDAYS":2.679101651097,"TOTAL_ASSETS_TDAYS":1.71771094464,"PREMIUM_EXPENSE":null,"LOAN_DEPOSIT":null,"LOAN_EQUITY":null,"LOAN_ASSETS":null,"DEPOSIT_EQUITY":null,"DEPOSIT_ASSETS":null,"EQUITY_MULTIPLIER":-4.724971162082,"EQUITY_RATIO":-4.312491908354},{"SECUCODE":"06666.HK","SECURITY_CODE":"06666","SECURITY_NAME_ABBR":"恒大物业","ORG_CODE":"10000134999","STD_REPORT_DATE":"2022-06-30 00:00:00","REPORT_DATE":"2022-06-30 00:00:00","DATE_TYPE_CODE":"002","REPORT_TYPE":"2022年中报","PER_NETCASH_OPERATE":-0.020251487146,"PER_OI":0.535395448131,"BPS":-0.269879290277,"BASIC_EPS":0.05,"DILUTED_EPS":0.05,"OPERATE_INCOME":5788059000,"OPERATE_INCOME_YOY":-26.4862660395,"GROSS_PROFIT":1283661000,"GROSS_PROFIT_YOY":-56.316159870629,"HOLDER_PROFIT":546136000,"HOLDER_PROFIT_YOY":-71.7796654398,"GROSS_PROFIT_RATIO":22.177745596581,"EPS_TTM":-0.157750884739,"OPERATE_INCOME_QOQ":-15.806159777296,"NET_PROFIT_RATIO":9.8628573067,"ROE_AVG":-16.100315956348,"GROSS_PROFIT_QOQ":-45.166355389141,"ROA":8.494665869466,"HOLDER_PROFIT_QOQ":-439.186642807009,"ROE_YEARLY":-32.200631912697,"ROIC_YEARLY":21.498594574295,"TOTAL_ASSETS":6256200000,"TOTAL_LIABILITIES":8785061000,"TAX_EBT":34.624277522844,"OCF_SALES":-3.782528823566,"TOTAL_PARENT_EQUITY":-2917614000,"DEBT_ASSET_RATIO":140.4216776957,"OPERATE_PROFIT":890205000,"PRETAX_PROFIT":873211000,"NETCASH_OPERATE":-218935000,"NETCASH_INVEST":-2008000,"NETCASH_FINANCE":-97706000,"END_CASH":814066000,"DIVI_RATIO":null,"DIVIDEND_RATE":null,"CURRENT_RATIO":0.459117841084,"COMMON_ACS":100000000000,"CURRENTDEBT_DEBT":93.781534357018,"ISSUED_COMMON_SHARES":10810811000,"HK_COMMON_SHARES":10810811000,"PER_SHARES":500,"TOTAL_MARKET_CAP":8648648800,"HKSK_MARKET_CAP":8648648800,"PE_TTM":6.170210694035,"PB_TTM":240.558583085484,"REPORT_DATE_SQ":"2021-06-30 00:00:00","REPORT_TYPE_SQ":"2021年中报","OPERATE_INCOME_SQ":7873439000,"DPS_HKD":null,"OPERATE_INCOME_QOQ_SQ":30.410761054078,"NET_PROFIT_RATIO_SQ":24.5695051425,"HOLDER_PROFIT_SQ":1935257000,"HOLDER_PROFIT_QOQ_SQ":29.723613943963,"ROE_AVG_SQ":17.847050797627,"PE_TTM_SQ":2.850516275084,"PB_TTM_SQ":-3.860643124746,"ROA_SQ":9.731286474436,"START_DATE":"2022-01-01 00:00:00","FISCAL_YEAR":"12-31","CURRENCY":"HKD","IS_CNY_CODE":0,"DPS_HKD_LY":null,"ORG_TYPE":"一般企业","PREMIUM_INCOME":null,"PREMIUM_INCOME_YOY":null,"NET_INTEREST_INCOME":null,"NET_INTEREST_INCOME_YOY":null,"FEE_COMMISSION_INCOME":null,"FEE_COMMISSION_INCOME_YOY":null,"ACCOUNTS_RECE_TDAYS":2.062480256888,"INVENTORY_TDAYS":null,"CURRENT_ASSETS_TDAYS":1.502788295559,"TOTAL_ASSETS_TDAYS":0.900281747362,"PREMIUM_EXPENSE":null,"LOAN_DEPOSIT":null,"LOAN_EQUITY":null,"LOAN_ASSETS":null,"DEPOSIT_EQUITY":null,"DEPOSIT_ASSETS":null,"EQUITY_MULTIPLIER":-2.473920077064,"EQUITY_RATIO":-3.011042927543},{"SECUCODE":"06666.HK","SECURITY_CODE":"06666","SECURITY_NAME_ABBR":"恒大物业","ORG_CODE":"10000134999","STD_REPORT_DATE":"2021-12-31 00:00:00","REPORT_DATE":"2021-12-31 00:00:00","DATE_TYPE_CODE":"001","REPORT_TYPE":"2021年年报","PER_NETCASH_OPERATE":0.414714122743,"PER_OI":1.220395398643,"BPS":-0.357655961241,"BASIC_EPS":-0.03,"DILUTED_EPS":-0.03,"OPERATE_INCOME":13193464000,"OPERATE_INCOME_YOY":22.3704359418,"GROSS_PROFIT":3663933000,"GROSS_PROFIT_YOY":-8.764086855986,"HOLDER_PROFIT":-316294000,"HOLDER_PROFIT_YOY":-111.9487030897,"GROSS_PROFIT_RATIO":27.770818944896,"EPS_TTM":-0.029257194488,"OPERATE_INCOME_QOQ":-3.730250455264,"NET_PROFIT_RATIO":-2.9467924421,"ROE_AVG":-10.579992263046,"GROSS_PROFIT_QOQ":-29.579266865248,"ROA":-2.672951051828,"HOLDER_PROFIT_QOQ":-109.207762264634,"ROE_YEARLY":-10.579992263046,"ROIC_YEARLY":-6.61895681755,"TOTAL_ASSETS":6602128000,"TOTAL_LIABILITIES":10104658000,"TAX_EBT":-77.604794795892,"OCF_SALES":33.981947424876,"TOTAL_PARENT_EQUITY":-3866551000,"DEBT_ASSET_RATIO":153.0515312639,"OPERATE_PROFIT":-156627000,"PRETAX_PROFIT":-218904000,"NETCASH_OPERATE":4483396000,"NETCASH_INVEST":-742030000,"NETCASH_FINANCE":-13214474000,"END_CASH":1130154000,"DIVI_RATIO":null,"DIVIDEND_RATE":null,"CURRENT_RATIO":0.418381747016,"COMMON_ACS":100000000000,"CURRENTDEBT_DEBT":92.736419184103,"ISSUED_COMMON_SHARES":10810811000,"HK_COMMON_SHARES":10810811000,"PER_SHARES":500,"TOTAL_MARKET_CAP":8648648800,"HKSK_MARKET_CAP":8648648800,"PE_TTM":6.170210694035,"PB_TTM":240.558583085484,"REPORT_DATE_SQ":"2020-12-31 00:00:00","REPORT_TYPE_SQ":"2020年年报","OPERATE_INCOME_SQ":10781578000,"DPS_HKD":null,"OPERATE_INCOME_QOQ_SQ":24.648168736197,"NET_PROFIT_RATIO_SQ":25.1917739119,"HOLDER_PROFIT_SQ":2647099000,"HOLDER_PROFIT_QOQ_SQ":58.42175260711,"ROE_AVG_SQ":45.323876706,"PE_TTM_SQ":2.850516275084,"PB_TTM_SQ":-3.860643124746,"ROA_SQ":21.597978598092,"START_DATE":"2021-01-01 00:00:00","FISCAL_YEAR":"12-31","CURRENCY":"HKD","IS_CNY_CODE":0,"DPS_HKD_LY":null,"ORG_TYPE":"一般企业","PREMIUM_INCOME":null,"PREMIUM_INCOME_YOY":null,"NET_INTEREST_INCOME":null,"NET_INTEREST_INCOME_YOY":null,"FEE_COMMISSION_INCOME":null,"FEE_COMMISSION_INCOME_YOY":null,"ACCOUNTS_RECE_TDAYS":3.818537154901,"INVENTORY_TDAYS":null,"CURRENT_ASSETS_TDAYS":1.273305272961,"TOTAL_ASSETS_TDAYS":1.114958977282,"PREMIUM_EXPENSE":null,"LOAN_DEPOSIT":null,"LOAN_EQUITY":null,"LOAN_ASSETS":null,"DEPOSIT_EQUITY":null,"DEPOSIT_ASSETS":null,"EQUITY_MULTIPLIER":-1.884959729109,"EQUITY_RATIO":-2.613351795955},{"SECUCODE":"06666.HK","SECURITY_CODE":"06666","SECURITY_NAME_ABBR":"恒大物业","ORG_CODE":"10000134999","STD_REPORT_DATE":"2021-06-30 00:00:00","REPORT_DATE":"2021-06-30 00:00:00","DATE_TYPE_CODE":"002","REPORT_TYPE":"2021年中报","PER_NETCASH_OPERATE":0.177461709394,"PER_OI":0.728293094755,"BPS":1.095337528332,"BASIC_EPS":0.18,"DILUTED_EPS":0.18,"OPERATE_INCOME":7873439000,"OPERATE_INCOME_YOY":68.3216553735,"GROSS_PROFIT":2938526000,"GROSS_PROFIT_YOY":68.709864660117,"HOLDER_PROFIT":1935257000,"HOLDER_PROFIT_YOY":68.5505532253,"GROSS_PROFIT_RATIO":37.322013925554,"EPS_TTM":0.317744894439,"OPERATE_INCOME_QOQ":30.410761054078,"NET_PROFIT_RATIO":24.5695051425,"ROE_AVG":17.847050797627,"GROSS_PROFIT_QOQ":29.873107755441,"ROA":9.731286474436,"HOLDER_PROFIT_QOQ":29.723613943963,"ROE_YEARLY":35.694101595255,"ROIC_YEARLY":59.168247716631,"TOTAL_ASSETS":22709770000,"TOTAL_LIABILITIES":10796161000,"TAX_EBT":24.178619512453,"OCF_SALES":24.366798294875,"TOTAL_PARENT_EQUITY":11841487000,"DEBT_ASSET_RATIO":47.5397196889,"OPERATE_PROFIT":2575176000,"PRETAX_PROFIT":2551345000,"NETCASH_OPERATE":3606171000,"NETCASH_INVEST":-533477000,"NETCASH_FINANCE":326742000,"END_CASH":14003833000,"DIVI_RATIO":null,"DIVIDEND_RATE":null,"CURRENT_RATIO":1.99027087529,"COMMON_ACS":100000000000,"CURRENTDEBT_DEBT":91.939810827201,"ISSUED_COMMON_SHARES":10810811000,"HK_COMMON_SHARES":10810811000,"PER_SHARES":500,"TOTAL_MARKET_CAP":8648648800,"HKSK_MARKET_CAP":8648648800,"PE_TTM":6.170210694035,"PB_TTM":240.558583085484,"REPORT_DATE_SQ":"2020-06-30 00:00:00","REPORT_TYPE_SQ":"2020年中报","OPERATE_INCOME_SQ":4677615000,"DPS_HKD":null,"OPERATE_INCOME_QOQ_SQ":14.975271120329,"NET_PROFIT_RATIO_SQ":25.1474466213,"HOLDER_PROFIT_SQ":1148176000,"HOLDER_PROFIT_QOQ_SQ":79.684960310976,"ROE_AVG_SQ":49.599571333211,"PE_TTM_SQ":2.850516275084,"PB_TTM_SQ":-3.860643124746,"ROA_SQ":14.344435144981,"START_DATE":"2021-01-01 00:00:00","FISCAL_YEAR":"12-31","CURRENCY":"HKD","IS_CNY_CODE":0,"DPS_HKD_LY":null,"ORG_TYPE":"一般企业","PREMIUM_INCOME":null,"PREMIUM_INCOME_YOY":null,"NET_INTEREST_INCOME":null,"NET_INTEREST_INCOME_YOY":null,"FEE_COMMISSION_INCOME":null,"FEE_COMMISSION_INCOME_YOY":null,"ACCOUNTS_RECE_TDAYS":1.611123024985,"INVENTORY_TDAYS":null,"CURRENT_ASSETS_TDAYS":0.430736679768,"TOTAL_ASSETS_TDAYS":0.39590964119,"PREMIUM_EXPENSE":null,"LOAN_DEPOSIT":null,"LOAN_EQUITY":null,"LOAN_ASSETS":null,"DEPOSIT_EQUITY":null,"DEPOSIT_ASSETS":null,"EQUITY_MULTIPLIER":1.906204073005,"EQUITY_RATIO":0.911723417844},{"SECUCODE":"06666.HK","SECURITY_CODE":"06666","SECURITY_NAME_ABBR":"恒大物业","ORG_CODE":"10000134999","STD_REPORT_DATE":"2020-12-31 00:00:00","REPORT_DATE":"2020-12-31 00:00:00","DATE_TYPE_CODE":"001","REPORT_TYPE":"2020年年报","PER_NETCASH_OPERATE":0.478499994126,"PER_OI":0.997295947547,"BPS":0.917894041437,"BASIC_EPS":0.26,"DILUTED_EPS":0.26,"OPERATE_INCOME":10781578000,"OPERATE_INCOME_YOY":43.314569951,"GROSS_PROFIT":4015889000,"GROSS_PROFIT_YOY":128.827800611174,"HOLDER_PROFIT":2647099000,"HOLDER_PROFIT_YOY":184.660063296,"GROSS_PROFIT_RATIO":38.121693325603,"EPS_TTM":0.244939903214,"OPERATE_INCOME_QOQ":24.648168736197,"NET_PROFIT_RATIO":25.1917739119,"ROE_AVG":45.323876706,"GROSS_PROFIT_QOQ":48.593497895069,"ROA":21.597978598092,"HOLDER_PROFIT_QOQ":58.42175260711,"ROE_YEARLY":45.323876706,"ROIC_YEARLY":47.248909777388,"TOTAL_ASSETS":17108539000,"TOTAL_LIABILITIES":7251929000,"TAX_EBT":24.333186181783,"OCF_SALES":49.224877791205,"TOTAL_PARENT_EQUITY":9845648000,"DEBT_ASSET_RATIO":41.7835545154,"OPERATE_PROFIT":3515202000,"PRETAX_PROFIT":3497528000,"NETCASH_OPERATE":3127048000,"NETCASH_INVEST":956723000,"NETCASH_FINANCE":5837418000,"END_CASH":10605396000,"DIVI_RATIO":null,"DIVIDEND_RATE":null,"CURRENT_RATIO":2.365068540294,"COMMON_ACS":100000000000,"CURRENTDEBT_DEBT":99.638703026464,"ISSUED_COMMON_SHARES":10810811000,"HK_COMMON_SHARES":10810811000,"PER_SHARES":500,"TOTAL_MARKET_CAP":8648648800,"HKSK_MARKET_CAP":8648648800,"PE_TTM":6.170210694035,"PB_TTM":240.558583085484,"REPORT_DATE_SQ":"2019-12-31 00:00:00","REPORT_TYPE_SQ":"2019年年报","OPERATE_INCOME_SQ":7332722000,"DPS_HKD":null,"OPERATE_INCOME_QOQ_SQ":24.215505216978,"NET_PROFIT_RATIO_SQ":12.6900215227,"HOLDER_PROFIT_SQ":930232000,"HOLDER_PROFIT_QOQ_SQ":289.096308689742,"ROE_AVG_SQ":72.71848898961,"PE_TTM_SQ":2.850516275084,"PB_TTM_SQ":-3.860643124746,"ROA_SQ":13.990057354705,"START_DATE":"2020-01-01 00:00:00","FISCAL_YEAR":"12-31","CURRENCY":"HKD","IS_CNY_CODE":0,"DPS_HKD_LY":null,"ORG_TYPE":"一般企业","PREMIUM_INCOME":null,"PREMIUM_INCOME_YOY":null,"NET_INTEREST_INCOME":null,"NET_INTEREST_INCOME_YOY":null,"FEE_COMMISSION_INCOME":null,"FEE_COMMISSION_INCOME_YOY":null,"ACCOUNTS_RECE_TDAYS":2.281066197939,"INVENTORY_TDAYS":null,"CURRENT_ASSETS_TDAYS":0.871759069404,"TOTAL_ASSETS_TDAYS":0.857138208029,"PREMIUM_EXPENSE":null,"LOAN_DEPOSIT":null,"LOAN_EQUITY":null,"LOAN_ASSETS":null,"DEPOSIT_EQUITY":null,"DEPOSIT_ASSETS":null,"EQUITY_MULTIPLIER":1.717727682747,"EQUITY_RATIO":0.736561879929},{"SECUCODE":"06666.HK","SECURITY_CODE":"06666","SECURITY_NAME_ABBR":"恒大物业","ORG_CODE":"10000134999","STD_REPORT_DATE":"2020-06-30 00:00:00","REPORT_DATE":"2020-06-30 00:00:00","DATE_TYPE_CODE":"002","REPORT_TYPE":"2020年中报","PER_NETCASH_OPERATE":0.000607692585,"PER_OI":0.078147906531,"BPS":0.265514677853,"BASIC_EPS":0.11,"DILUTED_EPS":0.11,"OPERATE_INCOME":4677615000,"OPERATE_INCOME_YOY":31.6841039195,"GROSS_PROFIT":1741763000,"GROSS_PROFIT_YOY":118.644146519043,"HOLDER_PROFIT":1148176000,"HOLDER_PROFIT_YOY":181.9119956808,"GROSS_PROFIT_RATIO":38.074982662683,"EPS_TTM":0.027925173372,"OPERATE_INCOME_QOQ":14.975271120329,"NET_PROFIT_RATIO":25.1474466213,"ROE_AVG":49.599571333211,"GROSS_PROFIT_QOQ":53.622570702964,"ROA":14.344435144981,"HOLDER_PROFIT_QOQ":79.684960310976,"ROE_YEARLY":99.199142666421,"ROIC_YEARLY":31.534126100406,"TOTAL_ASSETS":8559800000,"TOTAL_LIABILITIES":5677563000,"TAX_EBT":23.498287415438,"OCF_SALES":0.79700165759,"TOTAL_PARENT_EQUITY":2870429000,"DEBT_ASSET_RATIO":66.3282202855,"OPERATE_PROFIT":1512077000,"PRETAX_PROFIT":1499488000,"NETCASH_OPERATE":37619000,"NETCASH_INVEST":51309000,"NETCASH_FINANCE":-35933000,"END_CASH":738680000,"DIVI_RATIO":null,"DIVIDEND_RATE":null,"CURRENT_RATIO":1.483197417574,"COMMON_ACS":100000000000,"CURRENTDEBT_DEBT":99.82890546525,"ISSUED_COMMON_SHARES":10810811000,"HK_COMMON_SHARES":10810811000,"PER_SHARES":500,"TOTAL_MARKET_CAP":8648648800,"HKSK_MARKET_CAP":8648648800,"PE_TTM":6.170210694035,"PB_TTM":240.558583085484,"REPORT_DATE_SQ":"2019-06-30 00:00:00","REPORT_TYPE_SQ":"2019年中报","OPERATE_INCOME_SQ":3465760000,"DPS_HKD":null,"OPERATE_INCOME_QOQ_SQ":0,"NET_PROFIT_RATIO_SQ":11.7528622871,"HOLDER_PROFIT_SQ":407480000,"HOLDER_PROFIT_QOQ_SQ":0,"ROE_AVG_SQ":null,"PE_TTM_SQ":2.850516275084,"PB_TTM_SQ":-3.860643124746,"ROA_SQ":null,"START_DATE":"2020-01-01 00:00:00","FISCAL_YEAR":"12-31","CURRENCY":"HKD","IS_CNY_CODE":0,"DPS_HKD_LY":null,"ORG_TYPE":"一般企业","PREMIUM_INCOME":null,"PREMIUM_INCOME_YOY":null,"NET_INTEREST_INCOME":null,"NET_INTEREST_INCOME_YOY":null,"FEE_COMMISSION_INCOME":null,"FEE_COMMISSION_INCOME_YOY":null,"ACCOUNTS_RECE_TDAYS":0.804893875351,"INVENTORY_TDAYS":null,"CURRENT_ASSETS_TDAYS":0.580885460996,"TOTAL_ASSETS_TDAYS":0.569895772816,"PREMIUM_EXPENSE":null,"LOAN_DEPOSIT":null,"LOAN_EQUITY":null,"LOAN_ASSETS":null,"DEPOSIT_EQUITY":null,"DEPOSIT_ASSETS":null,"EQUITY_MULTIPLIER":2.96984599115,"EQUITY_RATIO":1.977949289113}],"count":13},"success":true,"message":"ok","code":0}