{"version":"526d215cc6ab3b835cd3f4237eb0a2c5","result":{"pages":2,"data":[{"SECUCODE":"06668.HK","SECURITY_CODE":"06668","SECURITY_NAME_ABBR":"星盛商业","ORG_CODE":"10000073436","STD_REPORT_DATE":"2024-06-30 00:00:00","REPORT_DATE":"2024-06-30 00:00:00","DATE_TYPE_CODE":"002","REPORT_TYPE":"2024年中报","PER_NETCASH_OPERATE":0.070858419187,"PER_OI":0.309290341404,"BPS":1.207774938986,"BASIC_EPS":0.088,"DILUTED_EPS":null,"OPERATE_INCOME":313780000,"OPERATE_INCOME_YOY":8.767466125,"GROSS_PROFIT":161880000,"GROSS_PROFIT_YOY":-1.657270606532,"HOLDER_PROFIT":89100000,"HOLDER_PROFIT_YOY":-8.1083310988,"GROSS_PROFIT_RATIO":51.590286187775,"EPS_TTM":0.160899384534,"OPERATE_INCOME_QOQ":3.983111970596,"NET_PROFIT_RATIO":27.5658104404,"ROE_AVG":7.179485526608,"GROSS_PROFIT_QOQ":-0.817856125676,"ROA":3.809448886901,"HOLDER_PROFIT_QOQ":-4.595054267462,"ROE_YEARLY":14.358971053217,"ROIC_YEARLY":20.083014300414,"TOTAL_ASSETS":2353196000,"TOTAL_LIABILITIES":1115588000,"TAX_EBT":24.039694388338,"OCF_SALES":22.910000637389,"TOTAL_PARENT_EQUITY":1225307000,"DEBT_ASSET_RATIO":47.4073557834,"OPERATE_PROFIT":132088000,"PRETAX_PROFIT":113870000,"NETCASH_OPERATE":71887000,"NETCASH_INVEST":-271893000,"NETCASH_FINANCE":-14093000,"END_CASH":332815000,"DIVI_RATIO":1.004461517786,"DIVIDEND_RATE":14.710743801653,"CURRENT_RATIO":3.345732073025,"COMMON_ACS":2000000000,"CURRENTDEBT_DEBT":40.50303517069,"ISSUED_COMMON_SHARES":1014516000,"HK_COMMON_SHARES":1014516000,"PER_SHARES":1000,"TOTAL_MARKET_CAP":1227564360,"HKSK_MARKET_CAP":1227564360,"PE_TTM":6.772381126523,"PB_TTM":0.914361413168,"REPORT_DATE_SQ":"2023-06-30 00:00:00","REPORT_TYPE_SQ":"2023年中报","OPERATE_INCOME_SQ":288487000,"DPS_HKD":0.178,"OPERATE_INCOME_QOQ_SQ":5.143862996437,"NET_PROFIT_RATIO_SQ":31.8953713686,"HOLDER_PROFIT_SQ":96962000,"HOLDER_PROFIT_QOQ_SQ":0.565872630044,"ROE_AVG_SQ":8.28593048798,"PE_TTM_SQ":7.433363129929,"PB_TTM_SQ":0.956443332915,"ROA_SQ":4.422842580203,"START_DATE":"2024-01-01 00:00:00","FISCAL_YEAR":"12-31","CURRENCY":"HKD","IS_CNY_CODE":0,"DPS_HKD_LY":0.178,"ORG_TYPE":"一般企业","PREMIUM_INCOME":null,"PREMIUM_INCOME_YOY":null,"NET_INTEREST_INCOME":null,"NET_INTEREST_INCOME_YOY":null,"FEE_COMMISSION_INCOME":null,"FEE_COMMISSION_INCOME_YOY":null,"ACCOUNTS_RECE_TDAYS":10.209706021117,"INVENTORY_TDAYS":null,"CURRENT_ASSETS_TDAYS":0.21052765767,"TOTAL_ASSETS_TDAYS":0.13415587786,"PREMIUM_EXPENSE":null,"LOAN_DEPOSIT":null,"LOAN_EQUITY":null,"LOAN_ASSETS":null,"DEPOSIT_EQUITY":null,"DEPOSIT_ASSETS":null,"EQUITY_MULTIPLIER":1.901406584315,"EQUITY_RATIO":0.910455910233},{"SECUCODE":"06668.HK","SECURITY_CODE":"06668","SECURITY_NAME_ABBR":"星盛商业","ORG_CODE":"10000073436","STD_REPORT_DATE":"2023-12-31 00:00:00","REPORT_DATE":"2023-12-31 00:00:00","DATE_TYPE_CODE":"001","REPORT_TYPE":"2023年年报","PER_NETCASH_OPERATE":0.294394118058,"PER_OI":0.624509862737,"BPS":1.238782828462,"BASIC_EPS":0.1684,"DILUTED_EPS":null,"OPERATE_INCOME":635006000,"OPERATE_INCOME_YOY":13.0197524624,"GROSS_PROFIT":333555000,"GROSS_PROFIT_YOY":6.553815978201,"HOLDER_PROFIT":171097000,"HOLDER_PROFIT_YOY":10.9039053638,"GROSS_PROFIT_RATIO":52.52785013055,"EPS_TTM":0.168268904522,"OPERATE_INCOME_QOQ":7.49058408308,"NET_PROFIT_RATIO":25.5596010116,"ROE_AVG":14.19207834231,"GROSS_PROFIT_QOQ":1.719337515286,"ROA":7.661340426728,"HOLDER_PROFIT_QOQ":10.279861809369,"ROE_YEARLY":14.19207834231,"ROIC_YEARLY":19.535467886085,"TOTAL_ASSETS":2324646000,"TOTAL_LIABILITIES":1052976000,"TAX_EBT":32.041335013755,"OCF_SALES":47.140027023367,"TOTAL_PARENT_EQUITY":1256765000,"DEBT_ASSET_RATIO":45.2961870323,"OPERATE_PROFIT":293189000,"PRETAX_PROFIT":238829000,"NETCASH_OPERATE":299342000,"NETCASH_INVEST":-152596000,"NETCASH_FINANCE":-85720000,"END_CASH":546914000,"DIVI_RATIO":0.960470031343,"DIVIDEND_RATE":13.90625,"CURRENT_RATIO":3.993899587869,"COMMON_ACS":2000000000,"CURRENTDEBT_DEBT":34.933749677106,"ISSUED_COMMON_SHARES":1014516000,"HK_COMMON_SHARES":1014516000,"PER_SHARES":1000,"TOTAL_MARKET_CAP":1298580480,"HKSK_MARKET_CAP":1298580480,"PE_TTM":7.164171770206,"PB_TTM":0.967258354426,"REPORT_DATE_SQ":"2022-12-31 00:00:00","REPORT_TYPE_SQ":"2022年年报","OPERATE_INCOME_SQ":561854000,"DPS_HKD":0.178,"OPERATE_INCOME_QOQ_SQ":-2.181467450347,"NET_PROFIT_RATIO_SQ":26.4983429859,"HOLDER_PROFIT_SQ":154275000,"HOLDER_PROFIT_QOQ_SQ":-22.062864994847,"ROE_AVG_SQ":13.559389069432,"PE_TTM_SQ":7.126199364229,"PB_TTM_SQ":0.916920881142,"ROA_SQ":8.632693778165,"START_DATE":"2023-01-01 00:00:00","FISCAL_YEAR":"12-31","CURRENCY":"HKD","IS_CNY_CODE":0,"DPS_HKD_LY":0.07,"ORG_TYPE":"一般企业","PREMIUM_INCOME":null,"PREMIUM_INCOME_YOY":null,"NET_INTEREST_INCOME":null,"NET_INTEREST_INCOME_YOY":null,"FEE_COMMISSION_INCOME":null,"FEE_COMMISSION_INCOME_YOY":null,"ACCOUNTS_RECE_TDAYS":17.047598593251,"INVENTORY_TDAYS":null,"CURRENT_ASSETS_TDAYS":0.454861673216,"TOTAL_ASSETS_TDAYS":0.284341463557,"PREMIUM_EXPENSE":null,"LOAN_DEPOSIT":null,"LOAN_EQUITY":null,"LOAN_ASSETS":null,"DEPOSIT_EQUITY":null,"DEPOSIT_ASSETS":null,"EQUITY_MULTIPLIER":1.828026138855,"EQUITY_RATIO":0.837846375416},{"SECUCODE":"06668.HK","SECURITY_CODE":"06668","SECURITY_NAME_ABBR":"星盛商业","ORG_CODE":"10000073436","STD_REPORT_DATE":"2023-06-30 00:00:00","REPORT_DATE":"2023-06-30 00:00:00","DATE_TYPE_CODE":"002","REPORT_TYPE":"2023年中报","PER_NETCASH_OPERATE":0.120248360352,"PER_OI":0.28328614958,"BPS":1.169034298128,"BASIC_EPS":0.0954,"DILUTED_EPS":null,"OPERATE_INCOME":288487000,"OPERATE_INCOME_YOY":11.133497184,"GROSS_PROFIT":164608000,"GROSS_PROFIT_YOY":9.936552461097,"HOLDER_PROFIT":96962000,"HOLDER_PROFIT_YOY":0.9085327145,"GROSS_PROFIT_RATIO":57.059070252732,"EPS_TTM":0.152350988207,"OPERATE_INCOME_QOQ":5.143862996437,"NET_PROFIT_RATIO":31.8953713686,"ROE_AVG":8.28593048798,"GROSS_PROFIT_QOQ":4.752762435352,"ROA":4.422842580203,"HOLDER_PROFIT_QOQ":0.565872630044,"ROE_YEARLY":16.571860975961,"ROIC_YEARLY":22.172498756596,"TOTAL_ASSETS":2242744000,"TOTAL_LIABILITIES":1037991000,"TAX_EBT":24.472826666886,"OCF_SALES":42.447666619293,"TOTAL_PARENT_EQUITY":1186004000,"DEBT_ASSET_RATIO":46.282188248,"OPERATE_PROFIT":148977000,"PRETAX_PROFIT":121829000,"NETCASH_OPERATE":122456000,"NETCASH_INVEST":-147313000,"NETCASH_FINANCE":-7463000,"END_CASH":453568000,"DIVI_RATIO":1.060821737368,"DIVIDEND_RATE":13.90625,"CURRENT_RATIO":3.720267703473,"COMMON_ACS":2000000000,"CURRENTDEBT_DEBT":35.656474863462,"ISSUED_COMMON_SHARES":1014516000,"HK_COMMON_SHARES":1014516000,"PER_SHARES":1000,"TOTAL_MARKET_CAP":1298580480,"HKSK_MARKET_CAP":1298580480,"PE_TTM":7.164171770206,"PB_TTM":0.967258354426,"REPORT_DATE_SQ":"2022-06-30 00:00:00","REPORT_TYPE_SQ":"2022年中报","OPERATE_INCOME_SQ":259586000,"DPS_HKD":0.178,"OPERATE_INCOME_QOQ_SQ":0.380105870407,"NET_PROFIT_RATIO_SQ":36.3690645875,"HOLDER_PROFIT_SQ":96089000,"HOLDER_PROFIT_QOQ_SQ":7.042893296706,"ROE_AVG_SQ":8.542049295311,"PE_TTM_SQ":7.126199364229,"PB_TTM_SQ":0.916920881142,"ROA_SQ":5.425472658783,"START_DATE":"2023-01-01 00:00:00","FISCAL_YEAR":"12-31","CURRENCY":"HKD","IS_CNY_CODE":0,"DPS_HKD_LY":0.07,"ORG_TYPE":"一般企业","PREMIUM_INCOME":null,"PREMIUM_INCOME_YOY":null,"NET_INTEREST_INCOME":null,"NET_INTEREST_INCOME_YOY":null,"FEE_COMMISSION_INCOME":null,"FEE_COMMISSION_INCOME_YOY":null,"ACCOUNTS_RECE_TDAYS":7.942049333774,"INVENTORY_TDAYS":null,"CURRENT_ASSETS_TDAYS":0.213704838466,"TOTAL_ASSETS_TDAYS":0.131590993114,"PREMIUM_EXPENSE":null,"LOAN_DEPOSIT":null,"LOAN_EQUITY":null,"LOAN_ASSETS":null,"DEPOSIT_EQUITY":null,"DEPOSIT_ASSETS":null,"EQUITY_MULTIPLIER":1.861579925513,"EQUITY_RATIO":0.875200252276},{"SECUCODE":"06668.HK","SECURITY_CODE":"06668","SECURITY_NAME_ABBR":"星盛商业","ORG_CODE":"10000073436","STD_REPORT_DATE":"2022-12-31 00:00:00","REPORT_DATE":"2022-12-31 00:00:00","DATE_TYPE_CODE":"001","REPORT_TYPE":"2022年年报","PER_NETCASH_OPERATE":0.158745891088,"PER_OI":0.550816194283,"BPS":1.137879540589,"BASIC_EPS":0.1515,"DILUTED_EPS":null,"OPERATE_INCOME":561854000,"OPERATE_INCOME_YOY":-1.8096534658,"GROSS_PROFIT":313039000,"GROSS_PROFIT_YOY":-5.263715378656,"HOLDER_PROFIT":154275000,"HOLDER_PROFIT_YOY":-16.5738357379,"GROSS_PROFIT_RATIO":55.715363777779,"EPS_TTM":0.151244217133,"OPERATE_INCOME_QOQ":-2.181467450347,"NET_PROFIT_RATIO":26.4983429859,"ROE_AVG":13.559389069432,"GROSS_PROFIT_QOQ":-6.33800288431,"ROA":8.632693778165,"HOLDER_PROFIT_QOQ":-22.062864994847,"ROE_YEARLY":13.559389069432,"ROIC_YEARLY":30.651626458448,"TOTAL_ASSETS":2141857000,"TOTAL_LIABILITIES":961154000,"TAX_EBT":28.540641724064,"OCF_SALES":28.820120529533,"TOTAL_PARENT_EQUITY":1154397000,"DEBT_ASSET_RATIO":44.8747978973,"OPERATE_PROFIT":252561000,"PRETAX_PROFIT":208345000,"NETCASH_OPERATE":161927000,"NETCASH_INVEST":-4216000,"NETCASH_FINANCE":-118172000,"END_CASH":485888000,"DIVI_RATIO":1.068584591621,"DIVIDEND_RATE":13.90625,"CURRENT_RATIO":4.517954654892,"COMMON_ACS":2000000000,"CURRENTDEBT_DEBT":30.46556535165,"ISSUED_COMMON_SHARES":1014516000,"HK_COMMON_SHARES":1014516000,"PER_SHARES":1000,"TOTAL_MARKET_CAP":1298580480,"HKSK_MARKET_CAP":1298580480,"PE_TTM":7.164171770206,"PB_TTM":0.967258354426,"REPORT_DATE_SQ":"2021-12-31 00:00:00","REPORT_TYPE_SQ":"2021年年报","OPERATE_INCOME_SQ":572209000,"DPS_HKD":0.178,"OPERATE_INCOME_QOQ_SQ":14.912250754589,"NET_PROFIT_RATIO_SQ":32.1424514469,"HOLDER_PROFIT_SQ":184924000,"HOLDER_PROFIT_QOQ_SQ":21.804768805164,"ROE_AVG_SQ":28.87407291748,"PE_TTM_SQ":7.126199364229,"PB_TTM_SQ":0.916920881142,"ROA_SQ":19.740745524749,"START_DATE":"2022-01-01 00:00:00","FISCAL_YEAR":"12-31","CURRENCY":"HKD","IS_CNY_CODE":0,"DPS_HKD_LY":0.135,"ORG_TYPE":"一般企业","PREMIUM_INCOME":null,"PREMIUM_INCOME_YOY":null,"NET_INTEREST_INCOME":null,"NET_INTEREST_INCOME_YOY":null,"FEE_COMMISSION_INCOME":null,"FEE_COMMISSION_INCOME_YOY":null,"ACCOUNTS_RECE_TDAYS":12.196055873319,"INVENTORY_TDAYS":null,"CURRENT_ASSETS_TDAYS":0.425120560942,"TOTAL_ASSETS_TDAYS":0.31439400616,"PREMIUM_EXPENSE":null,"LOAN_DEPOSIT":null,"LOAN_EQUITY":null,"LOAN_ASSETS":null,"DEPOSIT_EQUITY":null,"DEPOSIT_ASSETS":null,"EQUITY_MULTIPLIER":1.814052306125,"EQUITY_RATIO":0.832602648829},{"SECUCODE":"06668.HK","SECURITY_CODE":"06668","SECURITY_NAME_ABBR":"星盛商业","ORG_CODE":"10000073436","STD_REPORT_DATE":"2022-06-30 00:00:00","REPORT_DATE":"2022-06-30 00:00:00","DATE_TYPE_CODE":"002","REPORT_TYPE":"2022年中报","PER_NETCASH_OPERATE":0.039561232463,"PER_OI":0.254486348071,"BPS":1.11249107949,"BASIC_EPS":0.0943,"DILUTED_EPS":null,"OPERATE_INCOME":259586000,"OPERATE_INCOME_YOY":0.8449522359,"GROSS_PROFIT":149730000,"GROSS_PROFIT_YOY":2.59695765383,"HOLDER_PROFIT":96089000,"HOLDER_PROFIT_YOY":15.6792873051,"GROSS_PROFIT_RATIO":57.680306333932,"EPS_TTM":0.194059246754,"OPERATE_INCOME_QOQ":0.380105870407,"NET_PROFIT_RATIO":36.3690645875,"ROE_AVG":8.542049295311,"GROSS_PROFIT_QOQ":1.146983343018,"ROA":5.425472658783,"HOLDER_PROFIT_QOQ":7.042893296706,"ROE_YEARLY":17.084098590623,"ROIC_YEARLY":41.671066626046,"TOTAL_ASSETS":2109797000,"TOTAL_LIABILITIES":950336000,"TAX_EBT":26.956286266925,"OCF_SALES":15.545522485804,"TOTAL_PARENT_EQUITY":1128640000,"DEBT_ASSET_RATIO":45.0439544658,"OPERATE_PROFIT":143930000,"PRETAX_PROFIT":129250000,"NETCASH_OPERATE":40354000,"NETCASH_INVEST":135796000,"NETCASH_FINANCE":7519000,"END_CASH":630018000,"DIVI_RATIO":0.832824215816,"DIVIDEND_RATE":14.126984126984,"CURRENT_RATIO":4.949114941002,"COMMON_ACS":2000000000,"CURRENTDEBT_DEBT":29.312685197656,"ISSUED_COMMON_SHARES":1014516000,"HK_COMMON_SHARES":1014516000,"PER_SHARES":1000,"TOTAL_MARKET_CAP":1278290160,"HKSK_MARKET_CAP":1278290160,"PE_TTM":7.052231586296,"PB_TTM":0.952144942638,"REPORT_DATE_SQ":"2021-06-30 00:00:00","REPORT_TYPE_SQ":"2021年中报","OPERATE_INCOME_SQ":257411000,"DPS_HKD":0.178,"OPERATE_INCOME_QOQ_SQ":12.671030629954,"NET_PROFIT_RATIO_SQ":32.058847524,"HOLDER_PROFIT_SQ":83065000,"HOLDER_PROFIT_QOQ_SQ":19.695046476242,"ROE_AVG_SQ":14.02114861506,"PE_TTM_SQ":7.126199364229,"PB_TTM_SQ":0.916920881142,"ROA_SQ":9.421336125008,"START_DATE":"2022-01-01 00:00:00","FISCAL_YEAR":"12-31","CURRENCY":"HKD","IS_CNY_CODE":0,"DPS_HKD_LY":0.135,"ORG_TYPE":"一般企业","PREMIUM_INCOME":null,"PREMIUM_INCOME_YOY":null,"NET_INTEREST_INCOME":null,"NET_INTEREST_INCOME_YOY":null,"FEE_COMMISSION_INCOME":null,"FEE_COMMISSION_INCOME_YOY":null,"ACCOUNTS_RECE_TDAYS":4.949633428988,"INVENTORY_TDAYS":null,"CURRENT_ASSETS_TDAYS":0.192358095834,"TOTAL_ASSETS_TDAYS":0.14657002837,"PREMIUM_EXPENSE":null,"LOAN_DEPOSIT":null,"LOAN_EQUITY":null,"LOAN_ASSETS":null,"DEPOSIT_EQUITY":null,"DEPOSIT_ASSETS":null,"EQUITY_MULTIPLIER":1.819636020532,"EQUITY_RATIO":0.842018712787},{"SECUCODE":"06668.HK","SECURITY_CODE":"06668","SECURITY_NAME_ABBR":"星盛商业","ORG_CODE":"10000073436","STD_REPORT_DATE":"2021-12-31 00:00:00","REPORT_DATE":"2021-12-31 00:00:00","DATE_TYPE_CODE":"001","REPORT_TYPE":"2021年年报","PER_NETCASH_OPERATE":0.195832708357,"PER_OI":0.560967766919,"BPS":1.105106277279,"BASIC_EPS":0.1848,"DILUTED_EPS":0.1846,"OPERATE_INCOME":572209000,"OPERATE_INCOME_YOY":29.4728172453,"GROSS_PROFIT":330432000,"GROSS_PROFIT_YOY":32.898425402699,"HOLDER_PROFIT":184924000,"HOLDER_PROFIT_YOY":45.7942746316,"GROSS_PROFIT_RATIO":57.746732400224,"EPS_TTM":0.181291107497,"OPERATE_INCOME_QOQ":14.912250754589,"NET_PROFIT_RATIO":32.1424514469,"ROE_AVG":28.87407291748,"GROSS_PROFIT_QOQ":17.300920140861,"ROA":19.740745524749,"HOLDER_PROFIT_QOQ":21.804768805164,"ROE_YEARLY":28.87407291748,"ROIC_YEARLY":82.133506254705,"TOTAL_ASSETS":1432346000,"TOTAL_LIABILITIES":293697000,"TAX_EBT":27.12959000935,"OCF_SALES":34.909796944823,"TOTAL_PARENT_EQUITY":1121148000,"DEBT_ASSET_RATIO":20.5046127123,"OPERATE_PROFIT":258242000,"PRETAX_PROFIT":252396000,"NETCASH_OPERATE":199757000,"NETCASH_INVEST":-667115000,"NETCASH_FINANCE":772047000,"END_CASH":446349000,"DIVI_RATIO":0.891479136685,"DIVIDEND_RATE":14.126984126984,"CURRENT_RATIO":5.731960597891,"COMMON_ACS":2000000000,"CURRENTDEBT_DEBT":78.428788853819,"ISSUED_COMMON_SHARES":1014516000,"HK_COMMON_SHARES":1014516000,"PER_SHARES":1000,"TOTAL_MARKET_CAP":1278290160,"HKSK_MARKET_CAP":1278290160,"PE_TTM":7.052231586296,"PB_TTM":0.952144942638,"REPORT_DATE_SQ":"2020-12-31 00:00:00","REPORT_TYPE_SQ":"2020年年报","OPERATE_INCOME_SQ":441953000,"DPS_HKD":0.178,"OPERATE_INCOME_QOQ_SQ":8.727409601504,"NET_PROFIT_RATIO_SQ":28.8686806063,"HOLDER_PROFIT_SQ":126839000,"HOLDER_PROFIT_QOQ_SQ":19.023891297412,"ROE_AVG_SQ":131.667921002777,"PE_TTM_SQ":7.126199364229,"PB_TTM_SQ":0.916920881142,"ROA_SQ":34.443112341534,"START_DATE":"2021-01-01 00:00:00","FISCAL_YEAR":"12-31","CURRENCY":"HKD","IS_CNY_CODE":0,"DPS_HKD_LY":0.015,"ORG_TYPE":"一般企业","PREMIUM_INCOME":null,"PREMIUM_INCOME_YOY":null,"NET_INTEREST_INCOME":null,"NET_INTEREST_INCOME_YOY":null,"FEE_COMMISSION_INCOME":null,"FEE_COMMISSION_INCOME_YOY":null,"ACCOUNTS_RECE_TDAYS":13.880145542753,"INVENTORY_TDAYS":null,"CURRENT_ASSETS_TDAYS":0.677455426514,"TOTAL_ASSETS_TDAYS":0.610836465573,"PREMIUM_EXPENSE":null,"LOAN_DEPOSIT":null,"LOAN_EQUITY":null,"LOAN_ASSETS":null,"DEPOSIT_EQUITY":null,"DEPOSIT_ASSETS":null,"EQUITY_MULTIPLIER":1.257934622522,"EQUITY_RATIO":0.261960954308},{"SECUCODE":"06668.HK","SECURITY_CODE":"06668","SECURITY_NAME_ABBR":"星盛商业","ORG_CODE":"10000073436","STD_REPORT_DATE":"2021-06-30 00:00:00","REPORT_DATE":"2021-06-30 00:00:00","DATE_TYPE_CODE":"002","REPORT_TYPE":"2021年中报","PER_NETCASH_OPERATE":0.045249059414,"PER_OI":0.252205478915,"BPS":1.010433546637,"BASIC_EPS":0.0847,"DILUTED_EPS":null,"OPERATE_INCOME":257411000,"OPERATE_INCOME_YOY":27.8038438814,"GROSS_PROFIT":145940000,"GROSS_PROFIT_YOY":29.288884557801,"HOLDER_PROFIT":83065000,"HOLDER_PROFIT_YOY":43.0084016252,"GROSS_PROFIT_RATIO":56.69532382066,"EPS_TTM":0.148749804045,"OPERATE_INCOME_QOQ":12.671030629954,"NET_PROFIT_RATIO":32.058847524,"ROE_AVG":14.02114861506,"GROSS_PROFIT_QOQ":13.297001628894,"ROA":9.421336125008,"HOLDER_PROFIT_QOQ":19.695046476242,"ROE_YEARLY":28.042297230121,"ROIC_YEARLY":77.688562997741,"TOTAL_ASSETS":1322158000,"TOTAL_LIABILITIES":294096000,"TAX_EBT":27.360990079837,"OCF_SALES":17.941346717895,"TOTAL_PARENT_EQUITY":1025101000,"DEBT_ASSET_RATIO":22.243635027,"OPERATE_PROFIT":115600000,"PRETAX_PROFIT":113607000,"NETCASH_OPERATE":46183000,"NETCASH_INVEST":-583482000,"NETCASH_FINANCE":811830000,"END_CASH":416191000,"DIVI_RATIO":1.086503885085,"DIVIDEND_RATE":14.126984126984,"CURRENT_RATIO":5.470235583685,"COMMON_ACS":2000000000,"CURRENTDEBT_DEBT":77.36249387955,"ISSUED_COMMON_SHARES":1014516000,"HK_COMMON_SHARES":1014516000,"PER_SHARES":1000,"TOTAL_MARKET_CAP":1278290160,"HKSK_MARKET_CAP":1278290160,"PE_TTM":7.052231586296,"PB_TTM":0.952144942638,"REPORT_DATE_SQ":"2020-06-30 00:00:00","REPORT_TYPE_SQ":"2020年中报","OPERATE_INCOME_SQ":201411000,"DPS_HKD":0.178,"OPERATE_INCOME_QOQ_SQ":0,"NET_PROFIT_RATIO_SQ":29.1806306508,"HOLDER_PROFIT_SQ":58084000,"HOLDER_PROFIT_QOQ_SQ":0,"ROE_AVG_SQ":null,"PE_TTM_SQ":7.126199364229,"PB_TTM_SQ":0.916920881142,"ROA_SQ":null,"START_DATE":"2021-01-01 00:00:00","FISCAL_YEAR":"12-31","CURRENCY":"HKD","IS_CNY_CODE":0,"DPS_HKD_LY":0.015,"ORG_TYPE":"一般企业","PREMIUM_INCOME":null,"PREMIUM_INCOME_YOY":null,"NET_INTEREST_INCOME":null,"NET_INTEREST_INCOME_YOY":null,"FEE_COMMISSION_INCOME":null,"FEE_COMMISSION_INCOME_YOY":null,"ACCOUNTS_RECE_TDAYS":5.761470970052,"INVENTORY_TDAYS":null,"CURRENT_ASSETS_TDAYS":0.319059718882,"TOTAL_ASSETS_TDAYS":0.291958773644,"PREMIUM_EXPENSE":null,"LOAN_DEPOSIT":null,"LOAN_EQUITY":null,"LOAN_ASSETS":null,"DEPOSIT_EQUITY":null,"DEPOSIT_ASSETS":null,"EQUITY_MULTIPLIER":1.286068349964,"EQUITY_RATIO":0.286894657209},{"SECUCODE":"06668.HK","SECURITY_CODE":"06668","SECURITY_NAME_ABBR":"星盛商业","ORG_CODE":"10000073436","STD_REPORT_DATE":"2020-12-31 00:00:00","REPORT_DATE":"2020-12-31 00:00:00","DATE_TYPE_CODE":"001","REPORT_TYPE":"2020年年报","PER_NETCASH_OPERATE":null,"PER_OI":null,"BPS":0.157466220345,"BASIC_EPS":0.1691,"DILUTED_EPS":0.1691,"OPERATE_INCOME":441953000,"OPERATE_INCOME_YOY":14.1071585329,"GROSS_PROFIT":248635000,"GROSS_PROFIT_YOY":23.943809414615,"HOLDER_PROFIT":126839000,"HOLDER_PROFIT_YOY":49.8712071084,"GROSS_PROFIT_RATIO":56.258244654975,"EPS_TTM":null,"OPERATE_INCOME_QOQ":8.727409601504,"NET_PROFIT_RATIO":28.8686806063,"ROE_AVG":131.667921002777,"GROSS_PROFIT_QOQ":11.865222731629,"ROA":34.443112341534,"HOLDER_PROFIT_QOQ":19.023891297412,"ROE_YEARLY":131.667921002777,"ROIC_YEARLY":55.792031846223,"TOTAL_ASSETS":441180000,"TOTAL_LIABILITIES":277925000,"TAX_EBT":27.149912924316,"OCF_SALES":30.244166234871,"TOTAL_PARENT_EQUITY":159752000,"DEBT_ASSET_RATIO":62.9958293667,"OPERATE_PROFIT":179280000,"PRETAX_PROFIT":175135000,"NETCASH_OPERATE":133665000,"NETCASH_INVEST":-117171000,"NETCASH_FINANCE":-8743000,"END_CASH":141660000,"DIVI_RATIO":null,"DIVIDEND_RATE":13.90625,"CURRENT_RATIO":1.7696329052,"COMMON_ACS":2000000000,"CURRENTDEBT_DEBT":75.020958891787,"ISSUED_COMMON_SHARES":1014516000,"HK_COMMON_SHARES":1014516000,"PER_SHARES":1000,"TOTAL_MARKET_CAP":1298580480,"HKSK_MARKET_CAP":1298580480,"PE_TTM":7.164171770206,"PB_TTM":0.967258354426,"REPORT_DATE_SQ":"2019-12-31 00:00:00","REPORT_TYPE_SQ":"2019年年报","OPERATE_INCOME_SQ":387314000,"DPS_HKD":0.178,"OPERATE_INCOME_QOQ_SQ":0.038484883706,"NET_PROFIT_RATIO_SQ":24.6828154934,"HOLDER_PROFIT_SQ":84632000,"HOLDER_PROFIT_QOQ_SQ":-2.162930765407,"ROE_AVG_SQ":76.513185849509,"PE_TTM_SQ":7.126199364229,"PB_TTM_SQ":0.916920881142,"ROA_SQ":22.483306612401,"START_DATE":"2020-01-01 00:00:00","FISCAL_YEAR":"12-31","CURRENCY":"HKD","IS_CNY_CODE":0,"DPS_HKD_LY":null,"ORG_TYPE":"一般企业","PREMIUM_INCOME":null,"PREMIUM_INCOME_YOY":null,"NET_INTEREST_INCOME":null,"NET_INTEREST_INCOME_YOY":null,"FEE_COMMISSION_INCOME":null,"FEE_COMMISSION_INCOME_YOY":null,"ACCOUNTS_RECE_TDAYS":14.743807442745,"INVENTORY_TDAYS":null,"CURRENT_ASSETS_TDAYS":1.486853238371,"TOTAL_ASSETS_TDAYS":1.200122740535,"PREMIUM_EXPENSE":null,"LOAN_DEPOSIT":null,"LOAN_EQUITY":null,"LOAN_ASSETS":null,"DEPOSIT_EQUITY":null,"DEPOSIT_ASSETS":null,"EQUITY_MULTIPLIER":2.702398088879,"EQUITY_RATIO":1.739727828134},{"SECUCODE":"06668.HK","SECURITY_CODE":"06668","SECURITY_NAME_ABBR":"星盛商业","ORG_CODE":"10000073436","STD_REPORT_DATE":"2020-09-30 00:00:00","REPORT_DATE":"2020-09-30 00:00:00","DATE_TYPE_CODE":"004","REPORT_TYPE":"2020年三季报","PER_NETCASH_OPERATE":null,"PER_OI":null,"BPS":0.120746247472,"BASIC_EPS":0.1194,"DILUTED_EPS":null,"OPERATE_INCOME":305862000,"OPERATE_INCOME_YOY":6.6843856602,"GROSS_PROFIT":168764000,"GROSS_PROFIT_YOY":14.724276702197,"HOLDER_PROFIT":89586000,"HOLDER_PROFIT_YOY":32.4218057116,"GROSS_PROFIT_RATIO":55.176517514435,"EPS_TTM":null,"OPERATE_INCOME_QOQ":4.947923390324,"NET_PROFIT_RATIO":29.4711340408,"ROE_AVG":115.288394718555,"GROSS_PROFIT_QOQ":10.797445701211,"ROA":25.96439771153,"HOLDER_PROFIT_QOQ":25.91691086114,"ROE_YEARLY":153.717859624739,"ROIC_YEARLY":42.044449241932,"TOTAL_ASSETS":394735000,"TOTAL_LIABILITIES":268925000,"TAX_EBT":26.719996097847,"OCF_SALES":23.329148439492,"TOTAL_PARENT_EQUITY":122499000,"DEBT_ASSET_RATIO":68.1279845973,"OPERATE_PROFIT":null,"PRETAX_PROFIT":123009000,"NETCASH_OPERATE":71355000,"NETCASH_INVEST":-75419000,"NETCASH_FINANCE":-5902000,"END_CASH":123943000,"DIVI_RATIO":null,"DIVIDEND_RATE":13.90625,"CURRENT_RATIO":1.621239134717,"COMMON_ACS":2000000000,"CURRENTDEBT_DEBT":73.623872826996,"ISSUED_COMMON_SHARES":1014516000,"HK_COMMON_SHARES":1014516000,"PER_SHARES":1000,"TOTAL_MARKET_CAP":1298580480,"HKSK_MARKET_CAP":1298580480,"PE_TTM":7.164171770206,"PB_TTM":0.967258354426,"REPORT_DATE_SQ":"2019-09-30 00:00:00","REPORT_TYPE_SQ":"2019年三季报","OPERATE_INCOME_SQ":286698000,"DPS_HKD":0.178,"OPERATE_INCOME_QOQ_SQ":17.78888571133,"NET_PROFIT_RATIO_SQ":28.920811611,"HOLDER_PROFIT_SQ":67652000,"HOLDER_PROFIT_QOQ_SQ":30.570566037736,"ROE_AVG_SQ":49.994659352851,"PE_TTM_SQ":7.126199364229,"PB_TTM_SQ":0.916920881142,"ROA_SQ":18.47998441088,"START_DATE":"2020-01-01 00:00:00","FISCAL_YEAR":"12-31","CURRENCY":"HKD","IS_CNY_CODE":0,"DPS_HKD_LY":null,"ORG_TYPE":"一般企业","PREMIUM_INCOME":null,"PREMIUM_INCOME_YOY":null,"NET_INTEREST_INCOME":null,"NET_INTEREST_INCOME_YOY":null,"FEE_COMMISSION_INCOME":null,"FEE_COMMISSION_INCOME_YOY":null,"ACCOUNTS_RECE_TDAYS":8.418529120335,"INVENTORY_TDAYS":null,"CURRENT_ASSETS_TDAYS":1.119342437278,"TOTAL_ASSETS_TDAYS":0.886469159561,"PREMIUM_EXPENSE":null,"LOAN_DEPOSIT":null,"LOAN_EQUITY":null,"LOAN_ASSETS":null,"DEPOSIT_EQUITY":null,"DEPOSIT_ASSETS":null,"EQUITY_MULTIPLIER":3.137548684528,"EQUITY_RATIO":2.195324043462}],"count":15},"success":true,"message":"ok","code":0}