{"version":"648fd008dcec9b6745930d3eab01043b","result":{"pages":2,"data":[{"SECUCODE":"06669.HK","SECURITY_CODE":"06669","SECURITY_NAME_ABBR":"先瑞达医疗-B","ORG_CODE":"10000173836","STD_REPORT_DATE":"2024-06-30 00:00:00","REPORT_DATE":"2024-06-30 00:00:00","DATE_TYPE_CODE":"002","REPORT_TYPE":"2024年中报","PER_NETCASH_OPERATE":0.159992765034,"PER_OI":0.932830573141,"BPS":4.265804704528,"BASIC_EPS":0.13,"DILUTED_EPS":0.13,"OPERATE_INCOME":292339000,"OPERATE_INCOME_YOY":20.2729333547,"GROSS_PROFIT":217210000,"GROSS_PROFIT_YOY":11.323520367371,"HOLDER_PROFIT":39957000,"HOLDER_PROFIT_YOY":78.6266708391,"GROSS_PROFIT_RATIO":74.300726211693,"EPS_TTM":0.102348782179,"OPERATE_INCOME_QOQ":10.399115328122,"NET_PROFIT_RATIO":13.6680360814,"ROE_AVG":3.034649320172,"GROSS_PROFIT_QOQ":5.854033358505,"ROA":2.407162025433,"HOLDER_PROFIT_QOQ":121.405397942983,"ROE_YEARLY":6.069298640343,"ROIC_YEARLY":10.412892003088,"TOTAL_ASSETS":1708786000,"TOTAL_LIABILITIES":371929000,"TAX_EBT":-0.045068729813,"OCF_SALES":17.151320897999,"TOTAL_PARENT_EQUITY":1336857000,"DEBT_ASSET_RATIO":21.7656862825,"OPERATE_PROFIT":46248000,"PRETAX_PROFIT":39939000,"NETCASH_OPERATE":50140000,"NETCASH_INVEST":-15664000,"NETCASH_FINANCE":26555000,"END_CASH":699030000,"DIVI_RATIO":null,"DIVIDEND_RATE":null,"CURRENT_RATIO":6.837793483846,"COMMON_ACS":10000000000,"CURRENTDEBT_DEBT":51.28021746086,"ISSUED_COMMON_SHARES":313389171,"HK_COMMON_SHARES":313389171,"PER_SHARES":1000,"TOTAL_MARKET_CAP":2037029611.5,"HKSK_MARKET_CAP":2037029611.5,"PE_TTM":57.374445966184,"PB_TTM":1.39069188838,"REPORT_DATE_SQ":"2023-06-30 00:00:00","REPORT_TYPE_SQ":"2023年中报","OPERATE_INCOME_SQ":243063000,"DPS_HKD":null,"OPERATE_INCOME_QOQ_SQ":17.125990721663,"NET_PROFIT_RATIO_SQ":9.2029638407,"HOLDER_PROFIT_SQ":22369000,"HOLDER_PROFIT_QOQ_SQ":-12.44190356705,"ROE_AVG_SQ":1.733138911444,"PE_TTM_SQ":43.311905924539,"PB_TTM_SQ":2.032161059795,"ROA_SQ":1.483813963732,"START_DATE":"2024-01-01 00:00:00","FISCAL_YEAR":"12-31","CURRENCY":"HKD","IS_CNY_CODE":0,"DPS_HKD_LY":null,"ORG_TYPE":"一般企业","PREMIUM_INCOME":null,"PREMIUM_INCOME_YOY":null,"NET_INTEREST_INCOME":null,"NET_INTEREST_INCOME_YOY":null,"FEE_COMMISSION_INCOME":null,"FEE_COMMISSION_INCOME_YOY":null,"ACCOUNTS_RECE_TDAYS":1.739212431657,"INVENTORY_TDAYS":0.513799175913,"CURRENT_ASSETS_TDAYS":0.232451479345,"TOTAL_ASSETS_TDAYS":0.17611615971,"PREMIUM_EXPENSE":null,"LOAN_DEPOSIT":null,"LOAN_EQUITY":null,"LOAN_ASSETS":null,"DEPOSIT_EQUITY":null,"DEPOSIT_ASSETS":null,"EQUITY_MULTIPLIER":1.27821150654,"EQUITY_RATIO":0.278211506541},{"SECUCODE":"06669.HK","SECURITY_CODE":"06669","SECURITY_NAME_ABBR":"先瑞达医疗-B","ORG_CODE":"10000173836","STD_REPORT_DATE":"2023-12-31 00:00:00","REPORT_DATE":"2023-12-31 00:00:00","DATE_TYPE_CODE":"001","REPORT_TYPE":"2023年年报","PER_NETCASH_OPERATE":-0.04110863167,"PER_OI":1.512011402589,"BPS":4.137118062704,"BASIC_EPS":0.05,"DILUTED_EPS":0.05,"OPERATE_INCOME":473848000,"OPERATE_INCOME_YOY":19.7962305174,"GROSS_PROFIT":377415000,"GROSS_PROFIT_YOY":12.208007658621,"HOLDER_PROFIT":14487000,"HOLDER_PROFIT_YOY":-79.3461834564,"GROSS_PROFIT_RATIO":79.648959159899,"EPS_TTM":0.046226868509,"OPERATE_INCOME_QOQ":2.279801245883,"NET_PROFIT_RATIO":3.057309517,"ROE_AVG":1.126246153236,"GROSS_PROFIT_QOQ":-2.400833723387,"ROA":0.958895314472,"HOLDER_PROFIT_QOQ":-76.411300170968,"ROE_YEARLY":1.126246153236,"ROIC_YEARLY":2.506533649267,"TOTAL_ASSETS":1611057000,"TOTAL_LIABILITIES":314529000,"TAX_EBT":-0.242181013009,"OCF_SALES":-2.718804342321,"TOTAL_PARENT_EQUITY":1296528000,"DEBT_ASSET_RATIO":19.5231453636,"OPERATE_PROFIT":25009000,"PRETAX_PROFIT":14452000,"NETCASH_OPERATE":-12883000,"NETCASH_INVEST":-319216000,"NETCASH_FINANCE":-23207000,"END_CASH":637627000,"DIVI_RATIO":null,"DIVIDEND_RATE":null,"CURRENT_RATIO":10.418719084692,"COMMON_ACS":10000000000,"CURRENTDEBT_DEBT":36.958436265019,"ISSUED_COMMON_SHARES":313389171,"HK_COMMON_SHARES":313389171,"PER_SHARES":1000,"TOTAL_MARKET_CAP":2146715821.35,"HKSK_MARKET_CAP":2146715821.35,"PE_TTM":60.463839210517,"PB_TTM":1.465575297754,"REPORT_DATE_SQ":"2022-12-31 00:00:00","REPORT_TYPE_SQ":"2022年年报","OPERATE_INCOME_SQ":395545000,"DPS_HKD":null,"OPERATE_INCOME_QOQ_SQ":16.700595975689,"NET_PROFIT_RATIO_SQ":17.733001302,"HOLDER_PROFIT_SQ":70142000,"HOLDER_PROFIT_QOQ_SQ":297.889688249401,"ROE_AVG_SQ":5.649134633467,"PE_TTM_SQ":56.899954842041,"PB_TTM_SQ":2.669701784436,"ROA_SQ":5.161464080318,"START_DATE":"2023-01-01 00:00:00","FISCAL_YEAR":"12-31","CURRENCY":"HKD","IS_CNY_CODE":0,"DPS_HKD_LY":null,"ORG_TYPE":"一般企业","PREMIUM_INCOME":null,"PREMIUM_INCOME_YOY":null,"NET_INTEREST_INCOME":null,"NET_INTEREST_INCOME_YOY":null,"FEE_COMMISSION_INCOME":null,"FEE_COMMISSION_INCOME_YOY":null,"ACCOUNTS_RECE_TDAYS":3.439263732435,"INVENTORY_TDAYS":0.721282905686,"CURRENT_ASSETS_TDAYS":0.384061677072,"TOTAL_ASSETS_TDAYS":0.313640247789,"PREMIUM_EXPENSE":null,"LOAN_DEPOSIT":null,"LOAN_EQUITY":null,"LOAN_ASSETS":null,"DEPOSIT_EQUITY":null,"DEPOSIT_ASSETS":null,"EQUITY_MULTIPLIER":1.242593295325,"EQUITY_RATIO":0.242593295324},{"SECUCODE":"06669.HK","SECURITY_CODE":"06669","SECURITY_NAME_ABBR":"先瑞达医疗-B","ORG_CODE":"10000173836","STD_REPORT_DATE":"2023-06-30 00:00:00","REPORT_DATE":"2023-06-30 00:00:00","DATE_TYPE_CODE":"002","REPORT_TYPE":"2023年中报","PER_NETCASH_OPERATE":0.031647551727,"PER_OI":0.775594763611,"BPS":4.164914173119,"BASIC_EPS":0.07,"DILUTED_EPS":0.07,"OPERATE_INCOME":243063000,"OPERATE_INCOME_YOY":38.6380488473,"GROSS_PROFIT":195116000,"GROSS_PROFIT_YOY":34.776542101264,"HOLDER_PROFIT":22369000,"HOLDER_PROFIT_YOY":-28.0647028557,"GROSS_PROFIT_RATIO":80.273838469862,"EPS_TTM":0.195970396182,"OPERATE_INCOME_QOQ":17.125990721663,"NET_PROFIT_RATIO":9.2029638407,"ROE_AVG":1.733138911444,"GROSS_PROFIT_QOQ":14.968203048583,"ROA":1.483813963732,"HOLDER_PROFIT_QOQ":-12.44190356705,"ROE_YEARLY":3.466277822888,"ROIC_YEARLY":8.278422033356,"TOTAL_ASSETS":1604523000,"TOTAL_LIABILITIES":299284000,"TAX_EBT":-0.080533309472,"OCF_SALES":4.080423593883,"TOTAL_PARENT_EQUITY":1305239000,"DEBT_ASSET_RATIO":18.6525216529,"OPERATE_PROFIT":27344000,"PRETAX_PROFIT":22351000,"NETCASH_OPERATE":9918000,"NETCASH_INVEST":-34548000,"NETCASH_FINANCE":-14182000,"END_CASH":947779000,"DIVI_RATIO":null,"DIVIDEND_RATE":null,"CURRENT_RATIO":13.952662587552,"COMMON_ACS":10000000000,"CURRENTDEBT_DEBT":29.433915611927,"ISSUED_COMMON_SHARES":313389171,"HK_COMMON_SHARES":313389171,"PER_SHARES":1000,"TOTAL_MARKET_CAP":2146715821.35,"HKSK_MARKET_CAP":2146715821.35,"PE_TTM":60.463839210517,"PB_TTM":1.465575297754,"REPORT_DATE_SQ":"2022-06-30 00:00:00","REPORT_TYPE_SQ":"2022年中报","OPERATE_INCOME_SQ":175322000,"DPS_HKD":null,"OPERATE_INCOME_QOQ_SQ":11.562046390378,"NET_PROFIT_RATIO_SQ":17.736507683,"HOLDER_PROFIT_SQ":31096000,"HOLDER_PROFIT_QOQ_SQ":55.176600022763,"ROE_AVG_SQ":2.556708049281,"PE_TTM_SQ":56.899954842041,"PB_TTM_SQ":2.669701784436,"ROA_SQ":2.367912861781,"START_DATE":"2023-01-01 00:00:00","FISCAL_YEAR":"12-31","CURRENCY":"HKD","IS_CNY_CODE":0,"DPS_HKD_LY":null,"ORG_TYPE":"一般企业","PREMIUM_INCOME":null,"PREMIUM_INCOME_YOY":null,"NET_INTEREST_INCOME":null,"NET_INTEREST_INCOME_YOY":null,"FEE_COMMISSION_INCOME":null,"FEE_COMMISSION_INCOME_YOY":null,"ACCOUNTS_RECE_TDAYS":1.956902937009,"INVENTORY_TDAYS":0.380572521659,"CURRENT_ASSETS_TDAYS":0.195581486855,"TOTAL_ASSETS_TDAYS":0.161232184481,"PREMIUM_EXPENSE":null,"LOAN_DEPOSIT":null,"LOAN_EQUITY":null,"LOAN_ASSETS":null,"DEPOSIT_EQUITY":null,"DEPOSIT_ASSETS":null,"EQUITY_MULTIPLIER":1.229294405087,"EQUITY_RATIO":0.229294405086},{"SECUCODE":"06669.HK","SECURITY_CODE":"06669","SECURITY_NAME_ABBR":"先瑞达医疗-B","ORG_CODE":"10000173836","STD_REPORT_DATE":"2022-12-31 00:00:00","REPORT_DATE":"2022-12-31 00:00:00","DATE_TYPE_CODE":"001","REPORT_TYPE":"2022年年报","PER_NETCASH_OPERATE":-0.219391754286,"PER_OI":1.262152737243,"BPS":4.071898834054,"BASIC_EPS":0.23,"DILUTED_EPS":0.23,"OPERATE_INCOME":395545000,"OPERATE_INCOME_YOY":30.1935730202,"GROSS_PROFIT":336353000,"GROSS_PROFIT_YOY":26.477500479433,"HOLDER_PROFIT":70142000,"HOLDER_PROFIT_YOY":188.7008864777,"GROSS_PROFIT_RATIO":85.035330999001,"EPS_TTM":0.223817561329,"OPERATE_INCOME_QOQ":16.700595975689,"NET_PROFIT_RATIO":17.733001302,"ROE_AVG":5.649134633467,"GROSS_PROFIT_QOQ":17.183101535717,"ROA":5.161464080318,"HOLDER_PROFIT_QOQ":297.889688249401,"ROE_YEARLY":5.649134633467,"ROIC_YEARLY":23.606025523666,"TOTAL_ASSETS":1410545000,"TOTAL_LIABILITIES":134456000,"TAX_EBT":0.251710064136,"OCF_SALES":-17.382345877207,"TOTAL_PARENT_EQUITY":1276089000,"DEBT_ASSET_RATIO":9.5322020921,"OPERATE_PROFIT":72075000,"PRETAX_PROFIT":70319000,"NETCASH_OPERATE":-68755000,"NETCASH_INVEST":-49170000,"NETCASH_FINANCE":-32866000,"END_CASH":986455000,"DIVI_RATIO":null,"DIVIDEND_RATE":null,"CURRENT_RATIO":12.733093488726,"COMMON_ACS":10000000000,"CURRENTDEBT_DEBT":73.388320342714,"ISSUED_COMMON_SHARES":313389171,"HK_COMMON_SHARES":313389171,"PER_SHARES":1000,"TOTAL_MARKET_CAP":2146715821.35,"HKSK_MARKET_CAP":2146715821.35,"PE_TTM":60.463839210517,"PB_TTM":1.465575297754,"REPORT_DATE_SQ":"2021-12-31 00:00:00","REPORT_TYPE_SQ":"2021年年报","OPERATE_INCOME_SQ":303813000,"DPS_HKD":null,"OPERATE_INCOME_QOQ_SQ":14.170775335959,"NET_PROFIT_RATIO_SQ":-26.0281818092,"HOLDER_PROFIT_SQ":-79077000,"HOLDER_PROFIT_QOQ_SQ":-7.316179464213,"ROE_AVG_SQ":-17.075854176002,"PE_TTM_SQ":56.899954842041,"PB_TTM_SQ":2.669701784436,"ROA_SQ":-9.879277840869,"START_DATE":"2022-01-01 00:00:00","FISCAL_YEAR":"12-31","CURRENCY":"HKD","IS_CNY_CODE":0,"DPS_HKD_LY":null,"ORG_TYPE":"一般企业","PREMIUM_INCOME":null,"PREMIUM_INCOME_YOY":null,"NET_INTEREST_INCOME":null,"NET_INTEREST_INCOME_YOY":null,"FEE_COMMISSION_INCOME":null,"FEE_COMMISSION_INCOME_YOY":null,"ACCOUNTS_RECE_TDAYS":4.491690466322,"INVENTORY_TDAYS":0.749322733372,"CURRENT_ASSETS_TDAYS":0.316440683322,"TOTAL_ASSETS_TDAYS":0.291065454314,"PREMIUM_EXPENSE":null,"LOAN_DEPOSIT":null,"LOAN_EQUITY":null,"LOAN_ASSETS":null,"DEPOSIT_EQUITY":null,"DEPOSIT_ASSETS":null,"EQUITY_MULTIPLIER":1.105365691578,"EQUITY_RATIO":0.105365691578},{"SECUCODE":"06669.HK","SECURITY_CODE":"06669","SECURITY_NAME_ABBR":"先瑞达医疗-B","ORG_CODE":"10000173836","STD_REPORT_DATE":"2022-06-30 00:00:00","REPORT_DATE":"2022-06-30 00:00:00","DATE_TYPE_CODE":"002","REPORT_TYPE":"2022年中报","PER_NETCASH_OPERATE":-0.117129126967,"PER_OI":0.559438602938,"BPS":3.909863879757,"BASIC_EPS":0.1,"DILUTED_EPS":0.1,"OPERATE_INCOME":175322000,"OPERATE_INCOME_YOY":25.0558151147,"GROSS_PROFIT":144770000,"GROSS_PROFIT_YOY":17.054909158534,"HOLDER_PROFIT":31096000,"HOLDER_PROFIT_YOY":348.0536056158,"GROSS_PROFIT_RATIO":82.573778533213,"EPS_TTM":-0.113102185015,"OPERATE_INCOME_QOQ":11.562046390378,"NET_PROFIT_RATIO":17.736507683,"ROE_AVG":2.556708049281,"GROSS_PROFIT_QOQ":7.931518130098,"ROA":2.367912861781,"HOLDER_PROFIT_QOQ":55.176600022763,"ROE_YEARLY":5.113416098562,"ROIC_YEARLY":29.154117142435,"TOTAL_ASSETS":1319082000,"TOTAL_LIABILITIES":93773000,"TAX_EBT":0.620006391818,"OCF_SALES":-20.936904666842,"TOTAL_PARENT_EQUITY":1225309000,"DEBT_ASSET_RATIO":7.1089591094,"OPERATE_PROFIT":32156000,"PRETAX_PROFIT":31290000,"NETCASH_OPERATE":-36707000,"NETCASH_INVEST":-10418000,"NETCASH_FINANCE":-27531000,"END_CASH":1062621000,"DIVI_RATIO":null,"DIVIDEND_RATE":null,"CURRENT_RATIO":17.581468871595,"COMMON_ACS":10000000000,"CURRENTDEBT_DEBT":74.545978053384,"ISSUED_COMMON_SHARES":313389171,"HK_COMMON_SHARES":313389171,"PER_SHARES":1000,"TOTAL_MARKET_CAP":2146715821.35,"HKSK_MARKET_CAP":2146715821.35,"PE_TTM":60.463839210517,"PB_TTM":1.465575297754,"REPORT_DATE_SQ":"2021-06-30 00:00:00","REPORT_TYPE_SQ":"2021年中报","OPERATE_INCOME_SQ":140195000,"DPS_HKD":null,"OPERATE_INCOME_QOQ_SQ":16.880937844521,"NET_PROFIT_RATIO_SQ":-8.9418310211,"HOLDER_PROFIT_SQ":-12536000,"HOLDER_PROFIT_QOQ_SQ":8.723119611535,"ROE_AVG_SQ":4.383331730727,"PE_TTM_SQ":56.899954842041,"PB_TTM_SQ":2.669701784436,"ROA_SQ":-5.360655457298,"START_DATE":"2022-01-01 00:00:00","FISCAL_YEAR":"12-31","CURRENCY":"HKD","IS_CNY_CODE":0,"DPS_HKD_LY":null,"ORG_TYPE":"一般企业","PREMIUM_INCOME":null,"PREMIUM_INCOME_YOY":null,"NET_INTEREST_INCOME":null,"NET_INTEREST_INCOME_YOY":null,"FEE_COMMISSION_INCOME":null,"FEE_COMMISSION_INCOME_YOY":null,"ACCOUNTS_RECE_TDAYS":3.215295034616,"INVENTORY_TDAYS":0.555541412856,"CURRENT_ASSETS_TDAYS":0.141815299247,"TOTAL_ASSETS_TDAYS":0.133505022753,"PREMIUM_EXPENSE":null,"LOAN_DEPOSIT":null,"LOAN_EQUITY":null,"LOAN_ASSETS":null,"DEPOSIT_EQUITY":null,"DEPOSIT_ASSETS":null,"EQUITY_MULTIPLIER":1.076530083432,"EQUITY_RATIO":0.076530083432},{"SECUCODE":"06669.HK","SECURITY_CODE":"06669","SECURITY_NAME_ABBR":"先瑞达医疗-B","ORG_CODE":"10000173836","STD_REPORT_DATE":"2021-12-31 00:00:00","REPORT_DATE":"2021-12-31 00:00:00","DATE_TYPE_CODE":"001","REPORT_TYPE":"2021年年报","PER_NETCASH_OPERATE":-0.033434467332,"PER_OI":0.969443197512,"BPS":3.852060350866,"BASIC_EPS":-0.32,"DILUTED_EPS":-0.32,"OPERATE_INCOME":303813000,"OPERATE_INCOME_YOY":56.6248227864,"GROSS_PROFIT":265939000,"GROSS_PROFIT_YOY":62.375747954573,"HOLDER_PROFIT":-79077000,"HOLDER_PROFIT_YOY":-80.3681401396,"GROSS_PROFIT_RATIO":87.533779002215,"EPS_TTM":-0.252328437985,"OPERATE_INCOME_QOQ":14.170775335959,"NET_PROFIT_RATIO":-26.0281818092,"ROE_AVG":-17.075854176002,"GROSS_PROFIT_QOQ":15.186441265262,"ROA":-9.879277840869,"HOLDER_PROFIT_QOQ":-7.316179464213,"ROE_YEARLY":-17.075854176002,"ROIC_YEARLY":-49.956251875484,"TOTAL_ASSETS":1307366000,"TOTAL_LIABILITIES":100172000,"TAX_EBT":-17.598857873682,"OCF_SALES":-3.448832011797,"TOTAL_PARENT_EQUITY":1207194000,"DEBT_ASSET_RATIO":7.6621236899,"OPERATE_PROFIT":-63419000,"PRETAX_PROFIT":-67243000,"NETCASH_OPERATE":-10478000,"NETCASH_INVEST":-20476000,"NETCASH_FINANCE":1024102000,"END_CASH":1137184000,"DIVI_RATIO":null,"DIVIDEND_RATE":null,"CURRENT_RATIO":14.113003904122,"COMMON_ACS":10000000000,"CURRENTDEBT_DEBT":87.960707582957,"ISSUED_COMMON_SHARES":313389171,"HK_COMMON_SHARES":313389171,"PER_SHARES":1000,"TOTAL_MARKET_CAP":2149849713.06,"HKSK_MARKET_CAP":2149849713.06,"PE_TTM":60.552107588927,"PB_TTM":1.467714823736,"REPORT_DATE_SQ":"2020-12-31 00:00:00","REPORT_TYPE_SQ":"2020年年报","OPERATE_INCOME_SQ":193975000,"DPS_HKD":null,"OPERATE_INCOME_QOQ_SQ":-3.998436061647,"NET_PROFIT_RATIO_SQ":-22.8338703441,"HOLDER_PROFIT_SQ":-43842000,"HOLDER_PROFIT_QOQ_SQ":-763.71158392435,"ROE_AVG_SQ":35.937538423706,"PE_TTM_SQ":56.899954842041,"PB_TTM_SQ":2.669701784436,"ROA_SQ":-21.610937080241,"START_DATE":"2021-01-01 00:00:00","FISCAL_YEAR":"12-31","CURRENCY":"HKD","IS_CNY_CODE":0,"DPS_HKD_LY":null,"ORG_TYPE":"一般企业","PREMIUM_INCOME":null,"PREMIUM_INCOME_YOY":null,"NET_INTEREST_INCOME":null,"NET_INTEREST_INCOME_YOY":null,"FEE_COMMISSION_INCOME":null,"FEE_COMMISSION_INCOME_YOY":null,"ACCOUNTS_RECE_TDAYS":8.241007974828,"INVENTORY_TDAYS":1.080709363542,"CURRENT_ASSETS_TDAYS":0.409914155128,"TOTAL_ASSETS_TDAYS":0.37956081271,"PREMIUM_EXPENSE":null,"LOAN_DEPOSIT":null,"LOAN_EQUITY":null,"LOAN_ASSETS":null,"DEPOSIT_EQUITY":null,"DEPOSIT_ASSETS":null,"EQUITY_MULTIPLIER":1.082979206324,"EQUITY_RATIO":0.082979206325},{"SECUCODE":"06669.HK","SECURITY_CODE":"06669","SECURITY_NAME_ABBR":"先瑞达医疗-B","ORG_CODE":"10000173836","STD_REPORT_DATE":"2021-06-30 00:00:00","REPORT_DATE":"2021-06-30 00:00:00","DATE_TYPE_CODE":"002","REPORT_TYPE":"2021年中报","PER_NETCASH_OPERATE":0.0905835222,"PER_OI":0.603782479667,"BPS":-0.928481348196,"BASIC_EPS":-0.06,"DILUTED_EPS":-0.06,"OPERATE_INCOME":140195000,"OPERATE_INCOME_YOY":105.9692063585,"GROSS_PROFIT":123677000,"GROSS_PROFIT_YOY":118.587840226228,"HOLDER_PROFIT":-12536000,"HOLDER_PROFIT_YOY":-172.4289345967,"GROSS_PROFIT_RATIO":88.217839437926,"EPS_TTM":-0.3173459524,"OPERATE_INCOME_QOQ":16.880937844521,"NET_PROFIT_RATIO":-8.9418310211,"ROE_AVG":4.383331730727,"GROSS_PROFIT_QOQ":18.471974917769,"ROA":-5.360655457298,"HOLDER_PROFIT_QOQ":8.723119611535,"ROE_YEARLY":8.766663461454,"ROIC_YEARLY":-16.720184327495,"TOTAL_ASSETS":174204000,"TOTAL_LIABILITIES":465180000,"TAX_EBT":-90.227617602428,"OCF_SALES":15.002674845751,"TOTAL_PARENT_EQUITY":-290976000,"DEBT_ASSET_RATIO":267.0317558724,"OPERATE_PROFIT":-4315000,"PRETAX_PROFIT":-6590000,"NETCASH_OPERATE":21033000,"NETCASH_INVEST":-13161000,"NETCASH_FINANCE":-131103000,"END_CASH":20706000,"DIVI_RATIO":null,"DIVIDEND_RATE":null,"CURRENT_RATIO":0.524665757546,"COMMON_ACS":10000000000,"CURRENTDEBT_DEBT":45.873210370179,"ISSUED_COMMON_SHARES":313389171,"HK_COMMON_SHARES":313389171,"PER_SHARES":1000,"TOTAL_MARKET_CAP":2149849713.06,"HKSK_MARKET_CAP":2149849713.06,"PE_TTM":60.552107588927,"PB_TTM":1.467714823736,"REPORT_DATE_SQ":"2020-06-30 00:00:00","REPORT_TYPE_SQ":"2020年中报","OPERATE_INCOME_SQ":68066000,"DPS_HKD":null,"OPERATE_INCOME_QOQ_SQ":0,"NET_PROFIT_RATIO_SQ":25.3577410161,"HOLDER_PROFIT_SQ":17308000,"HOLDER_PROFIT_QOQ_SQ":0,"ROE_AVG_SQ":null,"PE_TTM_SQ":56.899954842041,"PB_TTM_SQ":2.669701784436,"ROA_SQ":null,"START_DATE":"2021-01-01 00:00:00","FISCAL_YEAR":"12-31","CURRENCY":"HKD","IS_CNY_CODE":0,"DPS_HKD_LY":null,"ORG_TYPE":"一般企业","PREMIUM_INCOME":null,"PREMIUM_INCOME_YOY":null,"NET_INTEREST_INCOME":null,"NET_INTEREST_INCOME_YOY":null,"FEE_COMMISSION_INCOME":null,"FEE_COMMISSION_INCOME_YOY":null,"ACCOUNTS_RECE_TDAYS":3.956734025739,"INVENTORY_TDAYS":0.555749949532,"CURRENT_ASSETS_TDAYS":0.799378492416,"TOTAL_ASSETS_TDAYS":0.599503104528,"PREMIUM_EXPENSE":null,"LOAN_DEPOSIT":null,"LOAN_EQUITY":null,"LOAN_ASSETS":null,"DEPOSIT_EQUITY":null,"DEPOSIT_ASSETS":null,"EQUITY_MULTIPLIER":-0.598688551633,"EQUITY_RATIO":-1.598688551633},{"SECUCODE":"06669.HK","SECURITY_CODE":"06669","SECURITY_NAME_ABBR":"先瑞达医疗-B","ORG_CODE":"10000173836","STD_REPORT_DATE":"2021-03-31 00:00:00","REPORT_DATE":"2021-03-31 00:00:00","DATE_TYPE_CODE":"003","REPORT_TYPE":"2021年一季报","PER_NETCASH_OPERATE":0.0263377704,"PER_OI":0.233587810667,"BPS":-1.016167849654,"BASIC_EPS":-0.18,"DILUTED_EPS":-0.18,"OPERATE_INCOME":53320000,"OPERATE_INCOME_YOY":171.7081125153,"GROSS_PROFIT":46681000,"GROSS_PROFIT_YOY":199.582852008728,"HOLDER_PROFIT":-40016000,"HOLDER_PROFIT_YOY":-1178.4664536741,"GROSS_PROFIT_RATIO":87.548762190548,"EPS_TTM":-0.353658604267,"OPERATE_INCOME_QOQ":17.37131073592,"NET_PROFIT_RATIO":-75.0487621905,"ROE_AVG":13.350570925742,"GROSS_PROFIT_QOQ":18.988276956893,"ROA":-18.344561064109,"HOLDER_PROFIT_QOQ":-84.133935495643,"ROE_YEARLY":53.402283702969,"ROIC_YEARLY":-118.307402343028,"TOTAL_ASSETS":142771000,"TOTAL_LIABILITIES":461227000,"TAX_EBT":-5.045413975954,"OCF_SALES":11.275318829707,"TOTAL_PARENT_EQUITY":-318456000,"DEBT_ASSET_RATIO":323.0537013819,"OPERATE_PROFIT":null,"PRETAX_PROFIT":-38094000,"NETCASH_OPERATE":6012000,"NETCASH_INVEST":-4161000,"NETCASH_FINANCE":-127204000,"END_CASH":18584000,"DIVI_RATIO":null,"DIVIDEND_RATE":null,"CURRENT_RATIO":0.419162834777,"COMMON_ACS":10000000000,"CURRENTDEBT_DEBT":44.840609938273,"ISSUED_COMMON_SHARES":313389171,"HK_COMMON_SHARES":313389171,"PER_SHARES":1000,"TOTAL_MARKET_CAP":2146715821.35,"HKSK_MARKET_CAP":2146715821.35,"PE_TTM":60.463839210517,"PB_TTM":1.465575297754,"REPORT_DATE_SQ":"2020-03-31 00:00:00","REPORT_TYPE_SQ":"2020年一季报","OPERATE_INCOME_SQ":19624000,"DPS_HKD":null,"OPERATE_INCOME_QOQ_SQ":0,"NET_PROFIT_RATIO_SQ":-15.9498573176,"HOLDER_PROFIT_SQ":-3130000,"HOLDER_PROFIT_QOQ_SQ":0,"ROE_AVG_SQ":null,"PE_TTM_SQ":56.899954842041,"PB_TTM_SQ":2.669701784436,"ROA_SQ":null,"START_DATE":"2021-01-01 00:00:00","FISCAL_YEAR":"12-31","CURRENCY":"HKD","IS_CNY_CODE":0,"DPS_HKD_LY":null,"ORG_TYPE":"一般企业","PREMIUM_INCOME":null,"PREMIUM_INCOME_YOY":null,"NET_INTEREST_INCOME":null,"NET_INTEREST_INCOME_YOY":null,"FEE_COMMISSION_INCOME":null,"FEE_COMMISSION_INCOME_YOY":null,"ACCOUNTS_RECE_TDAYS":1.996069255966,"INVENTORY_TDAYS":0.223836817262,"CURRENT_ASSETS_TDAYS":0.32762911303,"TOTAL_ASSETS_TDAYS":0.244435224895,"PREMIUM_EXPENSE":null,"LOAN_DEPOSIT":null,"LOAN_EQUITY":null,"LOAN_ASSETS":null,"DEPOSIT_EQUITY":null,"DEPOSIT_ASSETS":null,"EQUITY_MULTIPLIER":-0.448322531213,"EQUITY_RATIO":-1.448322531213},{"SECUCODE":"06669.HK","SECURITY_CODE":"06669","SECURITY_NAME_ABBR":"先瑞达医疗-B","ORG_CODE":"10000173836","STD_REPORT_DATE":"2020-12-31 00:00:00","REPORT_DATE":"2020-12-31 00:00:00","DATE_TYPE_CODE":"001","REPORT_TYPE":"2020年年报","PER_NETCASH_OPERATE":-0.040850534643,"PER_OI":0.904048198214,"BPS":-0.896677441353,"BASIC_EPS":-0.24,"DILUTED_EPS":-0.24,"OPERATE_INCOME":193975000,"OPERATE_INCOME_YOY":55.2918101033,"GROSS_PROFIT":163780000,"GROSS_PROFIT_YOY":54.610076370468,"HOLDER_PROFIT":-43842000,"HOLDER_PROFIT_YOY":-289.7511361177,"GROSS_PROFIT_RATIO":84.433561025905,"EPS_TTM":-0.204331904143,"OPERATE_INCOME_QOQ":-3.998436061647,"NET_PROFIT_RATIO":-22.8338703441,"ROE_AVG":35.937538423706,"GROSS_PROFIT_QOQ":-5.459541209204,"ROA":-21.610937080241,"HOLDER_PROFIT_QOQ":-763.71158392435,"ROE_YEARLY":35.937538423706,"ROIC_YEARLY":-38.607243811587,"TOTAL_ASSETS":272941000,"TOTAL_LIABILITIES":553950000,"TAX_EBT":-40.846503641047,"OCF_SALES":-4.518623533961,"TOTAL_PARENT_EQUITY":-281009000,"DEBT_ASSET_RATIO":195.7441226576,"OPERATE_PROFIT":-30025000,"PRETAX_PROFIT":-31447000,"NETCASH_OPERATE":-8765000,"NETCASH_INVEST":-17735000,"NETCASH_FINANCE":142520000,"END_CASH":147097000,"DIVI_RATIO":null,"DIVIDEND_RATE":null,"CURRENT_RATIO":0.562301763904,"COMMON_ACS":10000000000,"CURRENTDEBT_DEBT":72.953154616843,"ISSUED_COMMON_SHARES":313389171,"HK_COMMON_SHARES":313389171,"PER_SHARES":1000,"TOTAL_MARKET_CAP":2146715821.35,"HKSK_MARKET_CAP":2146715821.35,"PE_TTM":60.463839210517,"PB_TTM":1.465575297754,"REPORT_DATE_SQ":"2019-12-31 00:00:00","REPORT_TYPE_SQ":"2019年年报","OPERATE_INCOME_SQ":124910000,"DPS_HKD":null,"OPERATE_INCOME_QOQ_SQ":null,"NET_PROFIT_RATIO_SQ":18.497318069,"HOLDER_PROFIT_SQ":23105000,"HOLDER_PROFIT_QOQ_SQ":null,"ROE_AVG_SQ":62.413895567141,"PE_TTM_SQ":56.899954842041,"PB_TTM_SQ":2.669701784436,"ROA_SQ":20.585536221812,"START_DATE":"2020-01-01 00:00:00","FISCAL_YEAR":"12-31","CURRENCY":"HKD","IS_CNY_CODE":0,"DPS_HKD_LY":null,"ORG_TYPE":"一般企业","PREMIUM_INCOME":null,"PREMIUM_INCOME_YOY":null,"NET_INTEREST_INCOME":null,"NET_INTEREST_INCOME_YOY":null,"FEE_COMMISSION_INCOME":null,"FEE_COMMISSION_INCOME_YOY":null,"ACCOUNTS_RECE_TDAYS":11.425415991754,"INVENTORY_TDAYS":0.983870967742,"CURRENT_ASSETS_TDAYS":1.243313922744,"TOTAL_ASSETS_TDAYS":0.956156543985,"PREMIUM_EXPENSE":null,"LOAN_DEPOSIT":null,"LOAN_EQUITY":null,"LOAN_ASSETS":null,"DEPOSIT_EQUITY":null,"DEPOSIT_ASSETS":null,"EQUITY_MULTIPLIER":-1.044450533613,"EQUITY_RATIO":-1.971289175792}],"count":14},"success":true,"message":"ok","code":0}