{"version":"0fe0727d1e8c663178e7553f6c83eecd","result":{"pages":2,"data":[{"SECUCODE":"06667.HK","SECURITY_CODE":"06667","SECURITY_NAME_ABBR":"美因基因","ORG_CODE":"10000243374","STD_REPORT_DATE":"2024-06-30 00:00:00","REPORT_DATE":"2024-06-30 00:00:00","DATE_TYPE_CODE":"002","REPORT_TYPE":"2024年中报","PER_NETCASH_OPERATE":0.063358039569,"PER_OI":0.454000362215,"BPS":2.904601765101,"BASIC_EPS":0.18,"DILUTED_EPS":0.18,"OPERATE_INCOME":107291000,"OPERATE_INCOME_YOY":8.5073675907,"GROSS_PROFIT":69618000,"GROSS_PROFIT_YOY":6.614190110109,"HOLDER_PROFIT":36969000,"HOLDER_PROFIT_YOY":5.2737990147,"GROSS_PROFIT_RATIO":64.887082793524,"EPS_TTM":0.134942087883,"OPERATE_INCOME_QOQ":5.559814937211,"NET_PROFIT_RATIO":34.4567577896,"ROE_AVG":5.655061011147,"GROSS_PROFIT_QOQ":4.891501313763,"ROA":4.539945106563,"HOLDER_PROFIT_QOQ":6.165523670018,"ROE_YEARLY":11.310122022294,"ROIC_YEARLY":24.589076288392,"TOTAL_ASSETS":832068000,"TOTAL_LIABILITIES":169429000,"TAX_EBT":14.1094744668,"OCF_SALES":13.955504189541,"TOTAL_PARENT_EQUITY":662639000,"DEBT_ASSET_RATIO":20.3623982655,"OPERATE_PROFIT":43979000,"PRETAX_PROFIT":43042000,"NETCASH_OPERATE":14973000,"NETCASH_INVEST":4236000,"NETCASH_FINANCE":-28444000,"END_CASH":508932000,"DIVI_RATIO":null,"DIVIDEND_RATE":null,"CURRENT_RATIO":5.426619545222,"COMMON_ACS":500000000,"CURRENTDEBT_DEBT":77.323834762644,"ISSUED_COMMON_SHARES":228134200,"HK_COMMON_SHARES":228134200,"PER_SHARES":200,"TOTAL_MARKET_CAP":1770321392,"HKSK_MARKET_CAP":1770321392,"PE_TTM":49.77877435933,"PB_TTM":2.438336602661,"REPORT_DATE_SQ":"2023-06-30 00:00:00","REPORT_TYPE_SQ":"2023年中报","OPERATE_INCOME_SQ":98879000,"DPS_HKD":null,"OPERATE_INCOME_QOQ_SQ":0.866002868377,"NET_PROFIT_RATIO_SQ":35.5151245462,"HOLDER_PROFIT_SQ":35117000,"HOLDER_PROFIT_QOQ_SQ":98.291520036326,"ROE_AVG_SQ":5.509650949798,"PE_TTM_SQ":-1040.03962161887,"PB_TTM_SQ":3.574898932302,"ROA_SQ":4.874399236575,"START_DATE":"2024-01-01 00:00:00","FISCAL_YEAR":"12-31","CURRENCY":"HKD","IS_CNY_CODE":0,"DPS_HKD_LY":null,"ORG_TYPE":"一般企业","PREMIUM_INCOME":null,"PREMIUM_INCOME_YOY":null,"NET_INTEREST_INCOME":null,"NET_INTEREST_INCOME_YOY":null,"FEE_COMMISSION_INCOME":null,"FEE_COMMISSION_INCOME_YOY":null,"ACCOUNTS_RECE_TDAYS":0.805905461538,"INVENTORY_TDAYS":13.416310541311,"CURRENT_ASSETS_TDAYS":0.155639240626,"TOTAL_ASSETS_TDAYS":0.131757756615,"PREMIUM_EXPENSE":null,"LOAN_DEPOSIT":null,"LOAN_EQUITY":null,"LOAN_ASSETS":null,"DEPOSIT_EQUITY":null,"DEPOSIT_ASSETS":null,"EQUITY_MULTIPLIER":1.255688240505,"EQUITY_RATIO":0.255688240505},{"SECUCODE":"06667.HK","SECURITY_CODE":"06667","SECURITY_NAME_ABBR":"美因基因","ORG_CODE":"10000243374","STD_REPORT_DATE":"2023-12-31 00:00:00","REPORT_DATE":"2023-12-31 00:00:00","DATE_TYPE_CODE":"001","REPORT_TYPE":"2023年年报","PER_NETCASH_OPERATE":0.687779109304,"PER_OI":0.635743134562,"BPS":2.826524913845,"BASIC_EPS":0.14,"DILUTED_EPS":0.14,"OPERATE_INCOME":151300000,"OPERATE_INCOME_YOY":3.8242741565,"GROSS_PROFIT":88296000,"GROSS_PROFIT_YOY":8.04302338387,"HOLDER_PROFIT":30038000,"HOLDER_PROFIT_YOY":270.4960835509,"GROSS_PROFIT_RATIO":58.358228684732,"EPS_TTM":0.126215811474,"OPERATE_INCOME_QOQ":2.932872527876,"NET_PROFIT_RATIO":19.8532716457,"ROE_AVG":4.757274172806,"GROSS_PROFIT_QOQ":6.888119507058,"ROA":3.999092023184,"HOLDER_PROFIT_QOQ":10079.4019933555,"ROE_YEARLY":4.757274172806,"ROIC_YEARLY":10.284855363872,"TOTAL_ASSETS":796542000,"TOTAL_LIABILITIES":151715000,"TAX_EBT":16.973935155753,"OCF_SALES":108.185062789161,"TOTAL_PARENT_EQUITY":644827000,"DEBT_ASSET_RATIO":19.0467043797,"OPERATE_PROFIT":37301000,"PRETAX_PROFIT":36179000,"NETCASH_OPERATE":163684000,"NETCASH_INVEST":-33754000,"NETCASH_FINANCE":-12911000,"END_CASH":518289000,"DIVI_RATIO":null,"DIVIDEND_RATE":null,"CURRENT_RATIO":5.840743105544,"COMMON_ACS":500000000,"CURRENTDEBT_DEBT":75.359061398016,"ISSUED_COMMON_SHARES":228134200,"HK_COMMON_SHARES":228134200,"PER_SHARES":200,"TOTAL_MARKET_CAP":2046363774,"HKSK_MARKET_CAP":2046363774,"PE_TTM":57.5406708767,"PB_TTM":2.818541150241,"REPORT_DATE_SQ":"2022-12-31 00:00:00","REPORT_TYPE_SQ":"2022年年报","OPERATE_INCOME_SQ":145727000,"DPS_HKD":null,"OPERATE_INCOME_QOQ_SQ":-38.762706380189,"NET_PROFIT_RATIO_SQ":-12.0897294256,"HOLDER_PROFIT_SQ":-17618000,"HOLDER_PROFIT_QOQ_SQ":-128.646688671729,"ROE_AVG_SQ":-2.684661937245,"PE_TTM_SQ":-831.059697648723,"PB_TTM_SQ":2.856578118802,"ROA_SQ":-2.384222826992,"START_DATE":"2023-01-01 00:00:00","FISCAL_YEAR":"12-31","CURRENCY":"HKD","IS_CNY_CODE":0,"DPS_HKD_LY":null,"ORG_TYPE":"一般企业","PREMIUM_INCOME":null,"PREMIUM_INCOME_YOY":null,"NET_INTEREST_INCOME":null,"NET_INTEREST_INCOME_YOY":null,"FEE_COMMISSION_INCOME":null,"FEE_COMMISSION_INCOME_YOY":null,"ACCOUNTS_RECE_TDAYS":1.006318589957,"INVENTORY_TDAYS":15.916129847164,"CURRENT_ASSETS_TDAYS":0.235146379787,"TOTAL_ASSETS_TDAYS":0.201432393338,"PREMIUM_EXPENSE":null,"LOAN_DEPOSIT":null,"LOAN_EQUITY":null,"LOAN_ASSETS":null,"DEPOSIT_EQUITY":null,"DEPOSIT_ASSETS":null,"EQUITY_MULTIPLIER":1.235280160415,"EQUITY_RATIO":0.235280160415},{"SECUCODE":"06667.HK","SECURITY_CODE":"06667","SECURITY_NAME_ABBR":"美因基因","ORG_CODE":"10000243374","STD_REPORT_DATE":"2023-06-30 00:00:00","REPORT_DATE":"2023-06-30 00:00:00","DATE_TYPE_CODE":"002","REPORT_TYPE":"2023年中报","PER_NETCASH_OPERATE":0.281410904312,"PER_OI":0.413315342564,"BPS":2.878779244848,"BASIC_EPS":0.16,"DILUTED_EPS":0.16,"OPERATE_INCOME":98879000,"OPERATE_INCOME_YOY":1.2928076052,"GROSS_PROFIT":65299000,"GROSS_PROFIT_YOY":1.370777446597,"HOLDER_PROFIT":35117000,"HOLDER_PROFIT_YOY":97.2865168539,"GROSS_PROFIT_RATIO":66.039300559269,"EPS_TTM":-0.001258183417,"OPERATE_INCOME_QOQ":0.866002868377,"NET_PROFIT_RATIO":35.5151245462,"ROE_AVG":5.509650949798,"GROSS_PROFIT_QOQ":1.080479179668,"ROA":4.874399236575,"HOLDER_PROFIT_QOQ":98.291520036326,"ROE_YEARLY":11.019301899596,"ROIC_YEARLY":23.013054077433,"TOTAL_ASSETS":735176000,"TOTAL_LIABILITIES":78428000,"TAX_EBT":16.985012528958,"OCF_SALES":68.08624682693,"TOTAL_PARENT_EQUITY":656748000,"DEBT_ASSET_RATIO":10.6679216949,"OPERATE_PROFIT":42568000,"PRETAX_PROFIT":42302000,"NETCASH_OPERATE":67323000,"NETCASH_INVEST":-18238000,"NETCASH_FINANCE":-19600000,"END_CASH":430660000,"DIVI_RATIO":null,"DIVIDEND_RATE":null,"CURRENT_RATIO":9.034925953038,"COMMON_ACS":500000000,"CURRENTDEBT_DEBT":90.574794716173,"ISSUED_COMMON_SHARES":228134200,"HK_COMMON_SHARES":228134200,"PER_SHARES":200,"TOTAL_MARKET_CAP":2046363774,"HKSK_MARKET_CAP":2046363774,"PE_TTM":57.5406708767,"PB_TTM":2.818541150241,"REPORT_DATE_SQ":"2022-06-30 00:00:00","REPORT_TYPE_SQ":"2022年中报","OPERATE_INCOME_SQ":97617000,"DPS_HKD":null,"OPERATE_INCOME_QOQ_SQ":0.331386892088,"NET_PROFIT_RATIO_SQ":18.2345288218,"HOLDER_PROFIT_SQ":17800000,"HOLDER_PROFIT_QOQ_SQ":-22.165411630703,"ROE_AVG_SQ":2.650815386345,"PE_TTM_SQ":-831.059697648723,"PB_TTM_SQ":2.856578118802,"ROA_SQ":2.342792687854,"START_DATE":"2023-01-01 00:00:00","FISCAL_YEAR":"12-31","CURRENCY":"HKD","IS_CNY_CODE":0,"DPS_HKD_LY":null,"ORG_TYPE":"一般企业","PREMIUM_INCOME":null,"PREMIUM_INCOME_YOY":null,"NET_INTEREST_INCOME":null,"NET_INTEREST_INCOME_YOY":null,"FEE_COMMISSION_INCOME":null,"FEE_COMMISSION_INCOME_YOY":null,"ACCOUNTS_RECE_TDAYS":0.551303281202,"INVENTORY_TDAYS":9.942264988897,"CURRENT_ASSETS_TDAYS":0.156840631778,"TOTAL_ASSETS_TDAYS":0.13724854689,"PREMIUM_EXPENSE":null,"LOAN_DEPOSIT":null,"LOAN_EQUITY":null,"LOAN_ASSETS":null,"DEPOSIT_EQUITY":null,"DEPOSIT_ASSETS":null,"EQUITY_MULTIPLIER":1.119418711591,"EQUITY_RATIO":0.119418711591},{"SECUCODE":"06667.HK","SECURITY_CODE":"06667","SECURITY_NAME_ABBR":"美因基因","ORG_CODE":"10000243374","STD_REPORT_DATE":"2022-12-31 00:00:00","REPORT_DATE":"2022-12-31 00:00:00","DATE_TYPE_CODE":"001","REPORT_TYPE":"2022年年报","PER_NETCASH_OPERATE":-0.02888805846,"PER_OI":0.609140514426,"BPS":2.708918697854,"BASIC_EPS":-0.09,"DILUTED_EPS":-0.09,"OPERATE_INCOME":145727000,"OPERATE_INCOME_YOY":-38.5597740161,"GROSS_PROFIT":81723000,"GROSS_PROFIT_YOY":-50.968945739039,"HOLDER_PROFIT":-17618000,"HOLDER_PROFIT_YOY":-122.2970322091,"GROSS_PROFIT_RATIO":56.079518551813,"EPS_TTM":-0.073643440016,"OPERATE_INCOME_QOQ":-38.762706380189,"NET_PROFIT_RATIO":-12.0897294256,"ROE_AVG":-2.684661937245,"GROSS_PROFIT_QOQ":-50.970122390209,"ROA":-2.384222826992,"HOLDER_PROFIT_QOQ":-128.646688671729,"ROE_YEARLY":-2.684661937245,"ROIC_YEARLY":-4.199986888451,"TOTAL_ASSETS":705699000,"TOTAL_LIABILITIES":87702000,"TAX_EBT":17.742086095807,"OCF_SALES":-4.742429337048,"TOTAL_PARENT_EQUITY":617997000,"DEBT_ASSET_RATIO":12.4276780894,"OPERATE_PROFIT":-20699000,"PRETAX_PROFIT":-21418000,"NETCASH_OPERATE":-6911000,"NETCASH_INVEST":-2562000,"NETCASH_FINANCE":158459000,"END_CASH":399831000,"DIVI_RATIO":null,"DIVIDEND_RATE":null,"CURRENT_RATIO":7.619821283509,"COMMON_ACS":500000000,"CURRENTDEBT_DEBT":92.638708353287,"ISSUED_COMMON_SHARES":228134200,"HK_COMMON_SHARES":228134200,"PER_SHARES":200,"TOTAL_MARKET_CAP":2046363774,"HKSK_MARKET_CAP":2046363774,"PE_TTM":57.5406708767,"PB_TTM":2.818541150241,"REPORT_DATE_SQ":"2021-12-31 00:00:00","REPORT_TYPE_SQ":"2021年年报","OPERATE_INCOME_SQ":237185000,"DPS_HKD":null,"OPERATE_INCOME_QOQ_SQ":13.731610948079,"NET_PROFIT_RATIO_SQ":33.313658115,"HOLDER_PROFIT_SQ":79015000,"HOLDER_PROFIT_QOQ_SQ":13.967777761752,"ROE_AVG_SQ":18.145784030378,"PE_TTM_SQ":-831.059697648723,"PB_TTM_SQ":2.856578118802,"ROA_SQ":12.892451678801,"START_DATE":"2022-01-01 00:00:00","FISCAL_YEAR":"12-31","CURRENCY":"HKD","IS_CNY_CODE":0,"DPS_HKD_LY":null,"ORG_TYPE":"一般企业","PREMIUM_INCOME":null,"PREMIUM_INCOME_YOY":null,"NET_INTEREST_INCOME":null,"NET_INTEREST_INCOME_YOY":null,"FEE_COMMISSION_INCOME":null,"FEE_COMMISSION_INCOME_YOY":null,"ACCOUNTS_RECE_TDAYS":0.750294115376,"INVENTORY_TDAYS":18.846878680801,"CURRENT_ASSETS_TDAYS":0.223431934881,"TOTAL_ASSETS_TDAYS":0.197210602741,"PREMIUM_EXPENSE":null,"LOAN_DEPOSIT":null,"LOAN_EQUITY":null,"LOAN_ASSETS":null,"DEPOSIT_EQUITY":null,"DEPOSIT_ASSETS":null,"EQUITY_MULTIPLIER":1.141913310259,"EQUITY_RATIO":0.141913310259},{"SECUCODE":"06667.HK","SECURITY_CODE":"06667","SECURITY_NAME_ABBR":"美因基因","ORG_CODE":"10000243374","STD_REPORT_DATE":"2022-06-30 00:00:00","REPORT_DATE":"2022-06-30 00:00:00","DATE_TYPE_CODE":"002","REPORT_TYPE":"2022年中报","PER_NETCASH_OPERATE":-0.114197910162,"PER_OI":0.408040168237,"BPS":2.842568102459,"BASIC_EPS":0.09,"DILUTED_EPS":0.09,"OPERATE_INCOME":97617000,"OPERATE_INCOME_YOY":0.8117235183,"GROSS_PROFIT":64416000,"GROSS_PROFIT_YOY":0.006210022977,"HOLDER_PROFIT":17800000,"HOLDER_PROFIT_YOY":-49.5950614487,"GROSS_PROFIT_RATIO":65.988506100372,"EPS_TTM":0.257074878215,"OPERATE_INCOME_QOQ":0.331386892088,"NET_PROFIT_RATIO":18.2345288218,"ROE_AVG":2.650815386345,"GROSS_PROFIT_QOQ":0.002399865608,"ROA":2.342792687854,"HOLDER_PROFIT_QOQ":-22.165411630703,"ROE_YEARLY":5.30163077269,"ROIC_YEARLY":7.868359690128,"TOTAL_ASSETS":747371000,"TOTAL_LIABILITIES":98884000,"TAX_EBT":14.34483422357,"OCF_SALES":-27.986928506305,"TOTAL_PARENT_EQUITY":648487000,"DEBT_ASSET_RATIO":13.2309120905,"OPERATE_PROFIT":21187000,"PRETAX_PROFIT":20781000,"NETCASH_OPERATE":-27320000,"NETCASH_INVEST":-62000,"NETCASH_FINANCE":163582000,"END_CASH":375568000,"DIVI_RATIO":null,"DIVIDEND_RATE":null,"CURRENT_RATIO":7.391929155924,"COMMON_ACS":500000000,"CURRENTDEBT_DEBT":90.216819707941,"ISSUED_COMMON_SHARES":228134200,"HK_COMMON_SHARES":228134200,"PER_SHARES":200,"TOTAL_MARKET_CAP":2046363774,"HKSK_MARKET_CAP":2046363774,"PE_TTM":57.5406708767,"PB_TTM":2.818541150241,"REPORT_DATE_SQ":"2021-06-30 00:00:00","REPORT_TYPE_SQ":"2021年中报","OPERATE_INCOME_SQ":96831000,"DPS_HKD":null,"OPERATE_INCOME_QOQ_SQ":-2.819604369649,"NET_PROFIT_RATIO_SQ":36.4697256044,"HOLDER_PROFIT_SQ":35314000,"HOLDER_PROFIT_QOQ_SQ":2.494405603247,"ROE_AVG_SQ":8.538304379889,"PE_TTM_SQ":-831.059697648723,"PB_TTM_SQ":2.856578118802,"ROA_SQ":6.016213485797,"START_DATE":"2022-01-01 00:00:00","FISCAL_YEAR":"12-31","CURRENCY":"HKD","IS_CNY_CODE":0,"DPS_HKD_LY":null,"ORG_TYPE":"一般企业","PREMIUM_INCOME":null,"PREMIUM_INCOME_YOY":null,"NET_INTEREST_INCOME":null,"NET_INTEREST_INCOME_YOY":null,"FEE_COMMISSION_INCOME":null,"FEE_COMMISSION_INCOME_YOY":null,"ACCOUNTS_RECE_TDAYS":0.424218851853,"INVENTORY_TDAYS":8.905847639485,"CURRENT_ASSETS_TDAYS":0.145177409808,"TOTAL_ASSETS_TDAYS":0.128481120118,"PREMIUM_EXPENSE":null,"LOAN_DEPOSIT":null,"LOAN_EQUITY":null,"LOAN_ASSETS":null,"DEPOSIT_EQUITY":null,"DEPOSIT_ASSETS":null,"EQUITY_MULTIPLIER":1.152484166992,"EQUITY_RATIO":0.152484166992},{"SECUCODE":"06667.HK","SECURITY_CODE":"06667","SECURITY_NAME_ABBR":"美因基因","ORG_CODE":"10000243374","STD_REPORT_DATE":"2021-12-31 00:00:00","REPORT_DATE":"2021-12-31 00:00:00","DATE_TYPE_CODE":"001","REPORT_TYPE":"2021年年报","PER_NETCASH_OPERATE":0.151380864574,"PER_OI":1.172263879457,"BPS":3.04424325682,"BASIC_EPS":0.62,"DILUTED_EPS":0.62,"OPERATE_INCOME":237185000,"OPERATE_INCOME_YOY":16.7134140341,"GROSS_PROFIT":166676000,"GROSS_PROFIT_YOY":13.973509480925,"HOLDER_PROFIT":79015000,"HOLDER_PROFIT_YOY":-0.1036701771,"GROSS_PROFIT_RATIO":70.27257204292,"EPS_TTM":0.390523981008,"OPERATE_INCOME_QOQ":13.731610948079,"NET_PROFIT_RATIO":33.313658115,"ROE_AVG":18.145784030378,"GROSS_PROFIT_QOQ":15.990480034517,"ROA":12.892451678801,"HOLDER_PROFIT_QOQ":13.967777761752,"ROE_YEARLY":18.145784030378,"ROIC_YEARLY":20.306858046029,"TOTAL_ASSETS":772183000,"TOTAL_LIABILITIES":77687000,"TAX_EBT":17.591414446924,"OCF_SALES":12.9135484959,"TOTAL_PARENT_EQUITY":694496000,"DEBT_ASSET_RATIO":10.060698047,"OPERATE_PROFIT":102792000,"PRETAX_PROFIT":95882000,"NETCASH_OPERATE":30629000,"NETCASH_INVEST":-1714000,"NETCASH_FINANCE":2620000,"END_CASH":239096000,"DIVI_RATIO":null,"DIVIDEND_RATE":null,"CURRENT_RATIO":9.820206043759,"COMMON_ACS":500000000,"CURRENTDEBT_DEBT":89.836137320272,"ISSUED_COMMON_SHARES":228134200,"HK_COMMON_SHARES":228134200,"PER_SHARES":200,"TOTAL_MARKET_CAP":2046363774,"HKSK_MARKET_CAP":2046363774,"PE_TTM":57.5406708767,"PB_TTM":2.818541150241,"REPORT_DATE_SQ":"2020-12-31 00:00:00","REPORT_TYPE_SQ":"2020年年报","OPERATE_INCOME_SQ":203220000,"DPS_HKD":null,"OPERATE_INCOME_QOQ_SQ":64.284559417947,"NET_PROFIT_RATIO_SQ":38.9218580848,"HOLDER_PROFIT_SQ":79097000,"HOLDER_PROFIT_QOQ_SQ":166.400592772221,"ROE_AVG_SQ":91.076784902097,"PE_TTM_SQ":-831.059697648723,"PB_TTM_SQ":2.856578118802,"ROA_SQ":22.053538319128,"START_DATE":"2021-01-01 00:00:00","FISCAL_YEAR":"12-31","CURRENCY":"HKD","IS_CNY_CODE":0,"DPS_HKD_LY":null,"ORG_TYPE":"一般企业","PREMIUM_INCOME":null,"PREMIUM_INCOME_YOY":null,"NET_INTEREST_INCOME":null,"NET_INTEREST_INCOME_YOY":null,"FEE_COMMISSION_INCOME":null,"FEE_COMMISSION_INCOME_YOY":null,"ACCOUNTS_RECE_TDAYS":1.420848009968,"INVENTORY_TDAYS":22.541240409207,"CURRENT_ASSETS_TDAYS":0.454608182315,"TOTAL_ASSETS_TDAYS":0.387001980818,"PREMIUM_EXPENSE":null,"LOAN_DEPOSIT":null,"LOAN_EQUITY":null,"LOAN_ASSETS":null,"DEPOSIT_EQUITY":null,"DEPOSIT_ASSETS":null,"EQUITY_MULTIPLIER":1.111860975442,"EQUITY_RATIO":0.111860975441},{"SECUCODE":"06667.HK","SECURITY_CODE":"06667","SECURITY_NAME_ABBR":"美因基因","ORG_CODE":"10000243374","STD_REPORT_DATE":"2021-09-30 00:00:00","REPORT_DATE":"2021-09-30 00:00:00","DATE_TYPE_CODE":"004","REPORT_TYPE":"2021年三季报","PER_NETCASH_OPERATE":-0.213264083721,"PER_OI":0.766177112093,"BPS":2.8803572634,"BASIC_EPS":0.41,"DILUTED_EPS":0.41,"OPERATE_INCOME":152399000,"OPERATE_INCOME_YOY":3.6227400371,"GROSS_PROFIT":101737000,"GROSS_PROFIT_YOY":-2.43862677407,"HOLDER_PROFIT":41627000,"HOLDER_PROFIT_YOY":-19.0025879011,"GROSS_PROFIT_RATIO":66.756999717846,"EPS_TTM":0.348557571628,"OPERATE_INCOME_QOQ":5.599270849157,"NET_PROFIT_RATIO":27.3144836908,"ROE_AVG":9.988446352323,"GROSS_PROFIT_QOQ":2.356293183275,"ROA":7.117861854283,"HOLDER_PROFIT_QOQ":-14.480078944122,"ROE_YEARLY":13.317928469764,"ROIC_YEARLY":8.830373753466,"TOTAL_ASSETS":716076000,"TOTAL_LIABILITIES":58968000,"TAX_EBT":19.079740290035,"OCF_SALES":-27.834828312522,"TOTAL_PARENT_EQUITY":657108000,"DEBT_ASSET_RATIO":8.2348800965,"OPERATE_PROFIT":null,"PRETAX_PROFIT":51442000,"NETCASH_OPERATE":-42420000,"NETCASH_INVEST":-179846000,"NETCASH_FINANCE":32874000,"END_CASH":18385000,"DIVI_RATIO":null,"DIVIDEND_RATE":null,"CURRENT_RATIO":12.883407887717,"COMMON_ACS":500000000,"CURRENTDEBT_DEBT":82.644824311491,"ISSUED_COMMON_SHARES":228134200,"HK_COMMON_SHARES":228134200,"PER_SHARES":200,"TOTAL_MARKET_CAP":2046363774,"HKSK_MARKET_CAP":2046363774,"PE_TTM":57.5406708767,"PB_TTM":2.818541150241,"REPORT_DATE_SQ":"2020-09-30 00:00:00","REPORT_TYPE_SQ":"2020年三季报","OPERATE_INCOME_SQ":147071000,"DPS_HKD":null,"OPERATE_INCOME_QOQ_SQ":0,"NET_PROFIT_RATIO_SQ":34.9443466081,"HOLDER_PROFIT_SQ":51393000,"HOLDER_PROFIT_QOQ_SQ":0,"ROE_AVG_SQ":null,"PE_TTM_SQ":-831.059697648723,"PB_TTM_SQ":2.856578118802,"ROA_SQ":null,"START_DATE":"2021-01-01 00:00:00","FISCAL_YEAR":"12-31","CURRENCY":"HKD","IS_CNY_CODE":0,"DPS_HKD_LY":null,"ORG_TYPE":"一般企业","PREMIUM_INCOME":null,"PREMIUM_INCOME_YOY":null,"NET_INTEREST_INCOME":null,"NET_INTEREST_INCOME_YOY":null,"FEE_COMMISSION_INCOME":null,"FEE_COMMISSION_INCOME_YOY":null,"ACCOUNTS_RECE_TDAYS":0.885723999849,"INVENTORY_TDAYS":15.571538343323,"CURRENT_ASSETS_TDAYS":0.309135793454,"TOTAL_ASSETS_TDAYS":0.260589287897,"PREMIUM_EXPENSE":null,"LOAN_DEPOSIT":null,"LOAN_EQUITY":null,"LOAN_ASSETS":null,"DEPOSIT_EQUITY":null,"DEPOSIT_ASSETS":null,"EQUITY_MULTIPLIER":1.089738673095,"EQUITY_RATIO":0.089738673095},{"SECUCODE":"06667.HK","SECURITY_CODE":"06667","SECURITY_NAME_ABBR":"美因基因","ORG_CODE":"10000243374","STD_REPORT_DATE":"2021-06-30 00:00:00","REPORT_DATE":"2021-06-30 00:00:00","DATE_TYPE_CODE":"002","REPORT_TYPE":"2021年中报","PER_NETCASH_OPERATE":-0.035720847519,"PER_OI":0.484913134186,"BPS":2.852684954733,"BASIC_EPS":0.66,"DILUTED_EPS":0.66,"OPERATE_INCOME":96831000,"OPERATE_INCOME_YOY":-5.5869190043,"GROSS_PROFIT":64412000,"GROSS_PROFIT_YOY":-8.327284630602,"HOLDER_PROFIT":35314000,"HOLDER_PROFIT_YOY":5.917638943,"GROSS_PROFIT_RATIO":66.52001941527,"EPS_TTM":0.405984734109,"OPERATE_INCOME_QOQ":-2.819604369649,"NET_PROFIT_RATIO":36.4697256044,"ROE_AVG":8.538304379889,"GROSS_PROFIT_QOQ":-4.000929971759,"ROA":6.016213485797,"HOLDER_PROFIT_QOQ":2.494405603247,"ROE_YEARLY":17.076608759777,"ROIC_YEARLY":19.477541452653,"TOTAL_ASSETS":720388000,"TOTAL_LIABILITIES":69593000,"TAX_EBT":16.896503035723,"OCF_SALES":-7.366442564881,"TOTAL_PARENT_EQUITY":650795000,"DEBT_ASSET_RATIO":9.6604885145,"OPERATE_PROFIT":49078000,"PRETAX_PROFIT":42494000,"NETCASH_OPERATE":-7133000,"NETCASH_INVEST":-112000,"NETCASH_FINANCE":39081000,"END_CASH":240286000,"DIVI_RATIO":null,"DIVIDEND_RATE":null,"CURRENT_RATIO":10.814877764043,"COMMON_ACS":500000000,"CURRENTDEBT_DEBT":83.698073082063,"ISSUED_COMMON_SHARES":228134200,"HK_COMMON_SHARES":228134200,"PER_SHARES":200,"TOTAL_MARKET_CAP":2046363774,"HKSK_MARKET_CAP":2046363774,"PE_TTM":57.5406708767,"PB_TTM":2.818541150241,"REPORT_DATE_SQ":"2020-06-30 00:00:00","REPORT_TYPE_SQ":"2020年中报","OPERATE_INCOME_SQ":102561000,"DPS_HKD":null,"OPERATE_INCOME_QOQ_SQ":0,"NET_PROFIT_RATIO_SQ":32.5084583809,"HOLDER_PROFIT_SQ":33341000,"HOLDER_PROFIT_QOQ_SQ":0,"ROE_AVG_SQ":null,"PE_TTM_SQ":-831.059697648723,"PB_TTM_SQ":2.856578118802,"ROA_SQ":null,"START_DATE":"2021-01-01 00:00:00","FISCAL_YEAR":"12-31","CURRENCY":"HKD","IS_CNY_CODE":0,"DPS_HKD_LY":null,"ORG_TYPE":"一般企业","PREMIUM_INCOME":null,"PREMIUM_INCOME_YOY":null,"NET_INTEREST_INCOME":null,"NET_INTEREST_INCOME_YOY":null,"FEE_COMMISSION_INCOME":null,"FEE_COMMISSION_INCOME_YOY":null,"ACCOUNTS_RECE_TDAYS":0.619853280074,"INVENTORY_TDAYS":10.43418088188,"CURRENT_ASSETS_TDAYS":0.196003655674,"TOTAL_ASSETS_TDAYS":0.164964594224,"PREMIUM_EXPENSE":null,"LOAN_DEPOSIT":null,"LOAN_EQUITY":null,"LOAN_ASSETS":null,"DEPOSIT_EQUITY":null,"DEPOSIT_ASSETS":null,"EQUITY_MULTIPLIER":1.10693536367,"EQUITY_RATIO":0.106935363671},{"SECUCODE":"06667.HK","SECURITY_CODE":"06667","SECURITY_NAME_ABBR":"美因基因","ORG_CODE":"10000243374","STD_REPORT_DATE":"2020-12-31 00:00:00","REPORT_DATE":"2020-12-31 00:00:00","DATE_TYPE_CODE":"001","REPORT_TYPE":"2020年年报","PER_NETCASH_OPERATE":null,"PER_OI":null,"BPS":0.773207173672,"BASIC_EPS":null,"DILUTED_EPS":null,"OPERATE_INCOME":203220000,"OPERATE_INCOME_YOY":64.2845594179,"GROSS_PROFIT":146241000,"GROSS_PROFIT_YOY":86.351241143789,"HOLDER_PROFIT":79097000,"HOLDER_PROFIT_YOY":166.4005927722,"GROSS_PROFIT_RATIO":71.96191319752,"EPS_TTM":null,"OPERATE_INCOME_QOQ":64.284559417947,"NET_PROFIT_RATIO":38.9218580848,"ROE_AVG":91.076784902097,"GROSS_PROFIT_QOQ":86.351241143789,"ROA":22.053538319128,"HOLDER_PROFIT_QOQ":166.400592772221,"ROE_YEARLY":91.076784902097,"ROIC_YEARLY":34.674785521084,"TOTAL_ASSETS":453573000,"TOTAL_LIABILITIES":277178000,"TAX_EBT":16.654900266588,"OCF_SALES":50.603287078044,"TOTAL_PARENT_EQUITY":176395000,"DEBT_ASSET_RATIO":61.1098985169,"OPERATE_PROFIT":null,"PRETAX_PROFIT":94903000,"NETCASH_OPERATE":102836000,"NETCASH_INVEST":-31087000,"NETCASH_FINANCE":84055000,"END_CASH":208450000,"DIVI_RATIO":null,"DIVIDEND_RATE":null,"CURRENT_RATIO":1.364922912736,"COMMON_ACS":500000000,"CURRENTDEBT_DEBT":94.655780761821,"ISSUED_COMMON_SHARES":228134200,"HK_COMMON_SHARES":228134200,"PER_SHARES":200,"TOTAL_MARKET_CAP":2046363774,"HKSK_MARKET_CAP":2046363774,"PE_TTM":57.5406708767,"PB_TTM":2.818541150241,"REPORT_DATE_SQ":"2019-12-31 00:00:00","REPORT_TYPE_SQ":"2019年年报","OPERATE_INCOME_SQ":123700000,"DPS_HKD":null,"OPERATE_INCOME_QOQ_SQ":-36.731197094852,"NET_PROFIT_RATIO_SQ":24.0024252223,"HOLDER_PROFIT_SQ":29691000,"HOLDER_PROFIT_QOQ_SQ":34.714156079855,"ROE_AVG_SQ":-96.931213476543,"PE_TTM_SQ":-831.059697648723,"PB_TTM_SQ":2.856578118802,"ROA_SQ":11.360540573633,"START_DATE":"2020-01-01 00:00:00","FISCAL_YEAR":"12-31","CURRENCY":"HKD","IS_CNY_CODE":0,"DPS_HKD_LY":null,"ORG_TYPE":"一般企业","PREMIUM_INCOME":null,"PREMIUM_INCOME_YOY":null,"NET_INTEREST_INCOME":null,"NET_INTEREST_INCOME_YOY":null,"FEE_COMMISSION_INCOME":null,"FEE_COMMISSION_INCOME_YOY":null,"ACCOUNTS_RECE_TDAYS":1.705159024832,"INVENTORY_TDAYS":21.056541019956,"CURRENT_ASSETS_TDAYS":0.749214729174,"TOTAL_ASSETS_TDAYS":0.566610624577,"PREMIUM_EXPENSE":null,"LOAN_DEPOSIT":null,"LOAN_EQUITY":null,"LOAN_ASSETS":null,"DEPOSIT_EQUITY":null,"DEPOSIT_ASSETS":null,"EQUITY_MULTIPLIER":2.57134839423,"EQUITY_RATIO":1.571348394229}],"count":13},"success":true,"message":"ok","code":0}