{"version":"709865d09fb200e102aa5feaae67fc62","result":{"pages":2,"data":[{"SECUCODE":"06660.HK","SECURITY_CODE":"06660","SECURITY_NAME_ABBR":"艾美疫苗","ORG_CODE":"10472039","STD_REPORT_DATE":"2024-06-30 00:00:00","REPORT_DATE":"2024-06-30 00:00:00","DATE_TYPE_CODE":"002","REPORT_TYPE":"2024年中报","PER_NETCASH_OPERATE":-0.080225415334,"PER_OI":0.443559235042,"BPS":2.892914043331,"BASIC_EPS":-0.11,"DILUTED_EPS":-0.11,"OPERATE_INCOME":537178000,"OPERATE_INCOME_YOY":-0.6090994875,"GROSS_PROFIT":388290000,"GROSS_PROFIT_YOY":-10.252676540744,"HOLDER_PROFIT":-139254000,"HOLDER_PROFIT_YOY":44.3804943903,"GROSS_PROFIT_RATIO":72.283302741363,"EPS_TTM":-0.98251733724,"OPERATE_INCOME_QOQ":-0.277228523211,"NET_PROFIT_RATIO":-27.042060546,"ROE_AVG":-3.897258619691,"GROSS_PROFIT_QOQ":-4.923109023591,"ROA":-1.909770888933,"HOLDER_PROFIT_QOQ":8.540705070311,"ROE_YEARLY":-7.794517239382,"ROIC_YEARLY":-4.384595602731,"TOTAL_ASSETS":7321325000,"TOTAL_LIABILITIES":3577012000,"TAX_EBT":8.816772330676,"OCF_SALES":-18.086742197186,"TOTAL_PARENT_EQUITY":3503500000,"DEBT_ASSET_RATIO":48.8574404223,"OPERATE_PROFIT":-129312000,"PRETAX_PROFIT":-159310000,"NETCASH_OPERATE":-97158000,"NETCASH_INVEST":-91532000,"NETCASH_FINANCE":130445000,"END_CASH":525343000,"DIVI_RATIO":null,"DIVIDEND_RATE":null,"CURRENT_RATIO":0.851230289458,"COMMON_ACS":null,"CURRENTDEBT_DEBT":81.407526729013,"ISSUED_COMMON_SHARES":1211062599,"HK_COMMON_SHARES":492173711,"PER_SHARES":200,"TOTAL_MARKET_CAP":7423813731.87,"HKSK_MARKET_CAP":3017024848.43,"PE_TTM":-5.638365982726,"PB_TTM":1.933942148367,"REPORT_DATE_SQ":"2023-06-30 00:00:00","REPORT_TYPE_SQ":"2023年中报","OPERATE_INCOME_SQ":540470000,"DPS_HKD":null,"OPERATE_INCOME_QOQ_SQ":-4.042250724444,"NET_PROFIT_RATIO_SQ":-47.6311358632,"HOLDER_PROFIT_SQ":-250369000,"HOLDER_PROFIT_QOQ_SQ":-64.296419598186,"ROE_AVG_SQ":-5.190290508791,"PE_TTM_SQ":-13.72993057722,"PB_TTM_SQ":1.557895983332,"ROA_SQ":-2.819686801449,"START_DATE":"2024-01-01 00:00:00","FISCAL_YEAR":"12-31","CURRENCY":"HKD","IS_CNY_CODE":0,"DPS_HKD_LY":null,"ORG_TYPE":"一般企业","PREMIUM_INCOME":null,"PREMIUM_INCOME_YOY":null,"NET_INTEREST_INCOME":null,"NET_INTEREST_INCOME_YOY":null,"FEE_COMMISSION_INCOME":null,"FEE_COMMISSION_INCOME_YOY":null,"ACCOUNTS_RECE_TDAYS":0.511798915384,"INVENTORY_TDAYS":0.298393076883,"CURRENT_ASSETS_TDAYS":0.216530603936,"TOTAL_ASSETS_TDAYS":0.07367019307,"PREMIUM_EXPENSE":null,"LOAN_DEPOSIT":null,"LOAN_EQUITY":null,"LOAN_ASSETS":null,"DEPOSIT_EQUITY":null,"DEPOSIT_ASSETS":null,"EQUITY_MULTIPLIER":1.955318639226,"EQUITY_RATIO":1.020982446125},{"SECUCODE":"06660.HK","SECURITY_CODE":"06660","SECURITY_NAME_ABBR":"艾美疫苗","ORG_CODE":"10472039","STD_REPORT_DATE":"2023-12-31 00:00:00","REPORT_DATE":"2023-12-31 00:00:00","DATE_TYPE_CODE":"001","REPORT_TYPE":"2023年年报","PER_NETCASH_OPERATE":-0.136656024335,"PER_OI":0.980517440618,"BPS":3.007899016127,"BASIC_EPS":-1.07,"DILUTED_EPS":-1.07,"OPERATE_INCOME":1187468000,"OPERATE_INCOME_YOY":-6.0601721578,"GROSS_PROFIT":901016000,"GROSS_PROFIT_YOY":-12.323445812278,"HOLDER_PROFIT":-1301005000,"HOLDER_PROFIT_YOY":-307.0716299386,"GROSS_PROFIT_RATIO":75.877076266476,"EPS_TTM":-1.074267342641,"OPERATE_INCOME_QOQ":-2.102927015868,"NET_PROFIT_RATIO":-164.2352467603,"ROE_AVG":-30.245397097174,"GROSS_PROFIT_QOQ":-7.935774848214,"ROA":-16.123716141643,"HOLDER_PROFIT_QOQ":-147.766586109508,"ROE_YEARLY":-30.245397097174,"ROIC_YEARLY":-19.337088221745,"TOTAL_ASSETS":7261995000,"TOTAL_LIABILITIES":3372418000,"TAX_EBT":14.110704227213,"OCF_SALES":-13.937133463807,"TOTAL_PARENT_EQUITY":3642754000,"DEBT_ASSET_RATIO":46.4392773611,"OPERATE_PROFIT":-1954278000,"PRETAX_PROFIT":-2270645000,"NETCASH_OPERATE":-165499000,"NETCASH_INVEST":-271958000,"NETCASH_FINANCE":362068000,"END_CASH":583143000,"DIVI_RATIO":null,"DIVIDEND_RATE":null,"CURRENT_RATIO":0.954278394357,"COMMON_ACS":null,"CURRENTDEBT_DEBT":77.152328092188,"ISSUED_COMMON_SHARES":1211062599,"HK_COMMON_SHARES":492173711,"PER_SHARES":200,"TOTAL_MARKET_CAP":8416885063.05,"HKSK_MARKET_CAP":3420607291.45,"PE_TTM":-6.392600910268,"PB_TTM":2.192642403124,"REPORT_DATE_SQ":"2022-12-31 00:00:00","REPORT_TYPE_SQ":"2022年年报","OPERATE_INCOME_SQ":1264073000,"DPS_HKD":null,"OPERATE_INCOME_QOQ_SQ":-15.11366322485,"NET_PROFIT_RATIO_SQ":-18.2449905979,"HOLDER_PROFIT_SQ":-319601000,"HOLDER_PROFIT_QOQ_SQ":-357.333913057481,"ROE_AVG_SQ":-6.487492535144,"PE_TTM_SQ":-16.62707189168,"PB_TTM_SQ":1.886626328438,"ROA_SQ":-3.771517332965,"START_DATE":"2023-01-01 00:00:00","FISCAL_YEAR":"12-31","CURRENCY":"HKD","IS_CNY_CODE":0,"DPS_HKD_LY":null,"ORG_TYPE":"一般企业","PREMIUM_INCOME":null,"PREMIUM_INCOME_YOY":null,"NET_INTEREST_INCOME":null,"NET_INTEREST_INCOME_YOY":null,"FEE_COMMISSION_INCOME":null,"FEE_COMMISSION_INCOME_YOY":null,"ACCOUNTS_RECE_TDAYS":1.154190943804,"INVENTORY_TDAYS":0.564661077589,"CURRENT_ASSETS_TDAYS":0.472000475392,"TOTAL_ASSETS_TDAYS":0.147166205812,"PREMIUM_EXPENSE":null,"LOAN_DEPOSIT":null,"LOAN_EQUITY":null,"LOAN_ASSETS":null,"DEPOSIT_EQUITY":null,"DEPOSIT_ASSETS":null,"EQUITY_MULTIPLIER":1.867039783503,"EQUITY_RATIO":0.925788016429},{"SECUCODE":"06660.HK","SECURITY_CODE":"06660","SECURITY_NAME_ABBR":"艾美疫苗","ORG_CODE":"10472039","STD_REPORT_DATE":"2023-06-30 00:00:00","REPORT_DATE":"2023-06-30 00:00:00","DATE_TYPE_CODE":"002","REPORT_TYPE":"2023年中报","PER_NETCASH_OPERATE":-0.205606217388,"PER_OI":0.446277509062,"BPS":3.870444024834,"BASIC_EPS":-0.21,"DILUTED_EPS":-0.21,"OPERATE_INCOME":540470000,"OPERATE_INCOME_YOY":-8.6375676804,"GROSS_PROFIT":432648000,"GROSS_PROFIT_YOY":-10.169114975344,"HOLDER_PROFIT":-250369000,"HOLDER_PROFIT_YOY":-457.9004835439,"GROSS_PROFIT_RATIO":80.050326567617,"EPS_TTM":-0.433580394964,"OPERATE_INCOME_QOQ":-4.042250724444,"NET_PROFIT_RATIO":-47.6311358632,"ROE_AVG":-5.190290508791,"GROSS_PROFIT_QOQ":-4.765880510948,"ROA":-2.819686801449,"HOLDER_PROFIT_QOQ":-64.296419598186,"ROE_YEARLY":-10.380581017583,"ROIC_YEARLY":-6.946846919525,"TOTAL_ASSETS":8882853000,"TOTAL_LIABILITIES":3306507000,"TAX_EBT":16.924993303838,"OCF_SALES":-46.071382315392,"TOTAL_PARENT_EQUITY":4687350000,"DEBT_ASSET_RATIO":37.2234798887,"OPERATE_PROFIT":-290723000,"PRETAX_PROFIT":-309879000,"NETCASH_OPERATE":-249002000,"NETCASH_INVEST":-79541000,"NETCASH_FINANCE":259888000,"END_CASH":589892000,"DIVI_RATIO":null,"DIVIDEND_RATE":null,"CURRENT_RATIO":1.122723237397,"COMMON_ACS":null,"CURRENTDEBT_DEBT":68.644191589493,"ISSUED_COMMON_SHARES":1211062599,"HK_COMMON_SHARES":492173711,"PER_SHARES":200,"TOTAL_MARKET_CAP":8416885063.05,"HKSK_MARKET_CAP":3420607291.45,"PE_TTM":-6.392600910268,"PB_TTM":2.192642403124,"REPORT_DATE_SQ":"2022-06-30 00:00:00","REPORT_TYPE_SQ":"2022年中报","OPERATE_INCOME_SQ":591567000,"DPS_HKD":null,"OPERATE_INCOME_QOQ_SQ":-5.158365968656,"NET_PROFIT_RATIO_SQ":8.6120422539,"HOLDER_PROFIT_SQ":-44877000,"HOLDER_PROFIT_QOQ_SQ":117.927491505166,"ROE_AVG_SQ":null,"PE_TTM_SQ":-16.62707189168,"PB_TTM_SQ":1.886626328438,"ROA_SQ":null,"START_DATE":"2023-01-01 00:00:00","FISCAL_YEAR":"12-31","CURRENCY":"HKD","IS_CNY_CODE":0,"DPS_HKD_LY":null,"ORG_TYPE":"一般企业","PREMIUM_INCOME":null,"PREMIUM_INCOME_YOY":null,"NET_INTEREST_INCOME":null,"NET_INTEREST_INCOME_YOY":null,"FEE_COMMISSION_INCOME":null,"FEE_COMMISSION_INCOME_YOY":null,"ACCOUNTS_RECE_TDAYS":0.513513128328,"INVENTORY_TDAYS":0.204918172989,"CURRENT_ASSETS_TDAYS":0.21207476747,"TOTAL_ASSETS_TDAYS":0.06086840326,"PREMIUM_EXPENSE":null,"LOAN_DEPOSIT":null,"LOAN_EQUITY":null,"LOAN_ASSETS":null,"DEPOSIT_EQUITY":null,"DEPOSIT_ASSETS":null,"EQUITY_MULTIPLIER":1.592952266591,"EQUITY_RATIO":0.705410733143},{"SECUCODE":"06660.HK","SECURITY_CODE":"06660","SECURITY_NAME_ABBR":"艾美疫苗","ORG_CODE":"10472039","STD_REPORT_DATE":"2022-12-31 00:00:00","REPORT_DATE":"2022-12-31 00:00:00","DATE_TYPE_CODE":"001","REPORT_TYPE":"2022年年报","PER_NETCASH_OPERATE":-0.091091079925,"PER_OI":1.04377180919,"BPS":4.095775894736,"BASIC_EPS":-0.27,"DILUTED_EPS":-0.27,"OPERATE_INCOME":1264073000,"OPERATE_INCOME_YOY":-19.4924111331,"GROSS_PROFIT":1027659000,"GROSS_PROFIT_YOY":-20.625704796478,"HOLDER_PROFIT":-319601000,"HOLDER_PROFIT_YOY":53.8664845967,"GROSS_PROFIT_RATIO":81.297440891468,"EPS_TTM":-0.263901304742,"OPERATE_INCOME_QOQ":-15.11366322485,"NET_PROFIT_RATIO":-18.2449905979,"ROE_AVG":-6.487492535144,"GROSS_PROFIT_QOQ":-16.303576766047,"ROA":-3.771517332965,"HOLDER_PROFIT_QOQ":-357.333913057481,"ROE_YEARLY":-6.487492535144,"ROIC_YEARLY":-4.63316830743,"TOTAL_ASSETS":8875786000,"TOTAL_LIABILITIES":3014879000,"TAX_EBT":46.879642532217,"OCF_SALES":-8.727106741462,"TOTAL_PARENT_EQUITY":4960241000,"DEBT_ASSET_RATIO":33.9674593326,"OPERATE_PROFIT":-408472000,"PRETAX_PROFIT":-434165000,"NETCASH_OPERATE":-110317000,"NETCASH_INVEST":-858150000,"NETCASH_FINANCE":980371000,"END_CASH":656267000,"DIVI_RATIO":null,"DIVIDEND_RATE":null,"CURRENT_RATIO":1.132859097954,"COMMON_ACS":null,"CURRENTDEBT_DEBT":74.623127495332,"ISSUED_COMMON_SHARES":1211062599,"HK_COMMON_SHARES":492173711,"PER_SHARES":200,"TOTAL_MARKET_CAP":8416885063.05,"HKSK_MARKET_CAP":3420607291.45,"PE_TTM":-6.392600910268,"PB_TTM":2.192642403124,"REPORT_DATE_SQ":"2021-12-31 00:00:00","REPORT_TYPE_SQ":"2021年年报","OPERATE_INCOME_SQ":1570129000,"DPS_HKD":null,"OPERATE_INCOME_QOQ_SQ":-11.739631945155,"NET_PROFIT_RATIO_SQ":-43.0456987929,"HOLDER_PROFIT_SQ":-692774000,"HOLDER_PROFIT_QOQ_SQ":-22.327559872653,"ROE_AVG_SQ":-16.664798381568,"PE_TTM_SQ":-16.62707189168,"PB_TTM_SQ":1.886626328438,"ROA_SQ":-10.858266251609,"START_DATE":"2022-01-01 00:00:00","FISCAL_YEAR":"12-31","CURRENCY":"HKD","IS_CNY_CODE":0,"DPS_HKD_LY":null,"ORG_TYPE":"一般企业","PREMIUM_INCOME":null,"PREMIUM_INCOME_YOY":null,"NET_INTEREST_INCOME":null,"NET_INTEREST_INCOME_YOY":null,"FEE_COMMISSION_INCOME":null,"FEE_COMMISSION_INCOME_YOY":null,"ACCOUNTS_RECE_TDAYS":1.194636542899,"INVENTORY_TDAYS":0.542150011179,"CURRENT_ASSETS_TDAYS":0.515171515921,"TOTAL_ASSETS_TDAYS":0.149169534189,"PREMIUM_EXPENSE":null,"LOAN_DEPOSIT":null,"LOAN_EQUITY":null,"LOAN_ASSETS":null,"DEPOSIT_EQUITY":null,"DEPOSIT_ASSETS":null,"EQUITY_MULTIPLIER":1.514404852354,"EQUITY_RATIO":0.607808975411},{"SECUCODE":"06660.HK","SECURITY_CODE":"06660","SECURITY_NAME_ABBR":"艾美疫苗","ORG_CODE":"10472039","STD_REPORT_DATE":"2022-06-30 00:00:00","REPORT_DATE":"2022-06-30 00:00:00","DATE_TYPE_CODE":"002","REPORT_TYPE":"2022年中报","PER_NETCASH_OPERATE":null,"PER_OI":null,"BPS":null,"BASIC_EPS":-0.04,"DILUTED_EPS":-0.04,"OPERATE_INCOME":591567000,"OPERATE_INCOME_YOY":-12.0424943499,"GROSS_PROFIT":481625000,"GROSS_PROFIT_YOY":-12.18978128806,"HOLDER_PROFIT":-44877000,"HOLDER_PROFIT_YOY":94.7929333247,"GROSS_PROFIT_RATIO":81.415122885489,"EPS_TTM":null,"OPERATE_INCOME_QOQ":-5.158365968656,"NET_PROFIT_RATIO":8.6120422539,"ROE_AVG":null,"GROSS_PROFIT_QOQ":-5.164053448675,"ROA":null,"HOLDER_PROFIT_QOQ":117.927491505166,"ROE_YEARLY":null,"ROIC_YEARLY":null,"TOTAL_ASSETS":null,"TOTAL_LIABILITIES":null,"TAX_EBT":138.505026075127,"OCF_SALES":-12.877831251574,"TOTAL_PARENT_EQUITY":null,"DEBT_ASSET_RATIO":null,"OPERATE_PROFIT":-122079000,"PRETAX_PROFIT":-132310000,"NETCASH_OPERATE":-76181000,"NETCASH_INVEST":-300645000,"NETCASH_FINANCE":447227000,"END_CASH":717143000,"DIVI_RATIO":null,"DIVIDEND_RATE":null,"CURRENT_RATIO":null,"COMMON_ACS":null,"CURRENTDEBT_DEBT":null,"ISSUED_COMMON_SHARES":1211062599,"HK_COMMON_SHARES":492173711,"PER_SHARES":200,"TOTAL_MARKET_CAP":8416885063.05,"HKSK_MARKET_CAP":3420607291.45,"PE_TTM":-6.392600910268,"PB_TTM":2.192642403124,"REPORT_DATE_SQ":"2021-06-30 00:00:00","REPORT_TYPE_SQ":"2021年中报","OPERATE_INCOME_SQ":672560000,"DPS_HKD":null,"OPERATE_INCOME_QOQ_SQ":8.608460472414,"NET_PROFIT_RATIO_SQ":-128.3591055073,"HOLDER_PROFIT_SQ":-861848000,"HOLDER_PROFIT_QOQ_SQ":-249.313580481271,"ROE_AVG_SQ":-21.189647105566,"PE_TTM_SQ":-16.62707189168,"PB_TTM_SQ":1.886626328438,"ROA_SQ":-14.346802396039,"START_DATE":"2022-01-01 00:00:00","FISCAL_YEAR":"12-31","CURRENCY":"HKD","IS_CNY_CODE":0,"DPS_HKD_LY":null,"ORG_TYPE":"一般企业","PREMIUM_INCOME":null,"PREMIUM_INCOME_YOY":null,"NET_INTEREST_INCOME":null,"NET_INTEREST_INCOME_YOY":null,"FEE_COMMISSION_INCOME":null,"FEE_COMMISSION_INCOME_YOY":null,"ACCOUNTS_RECE_TDAYS":null,"INVENTORY_TDAYS":null,"CURRENT_ASSETS_TDAYS":0.501607676145,"TOTAL_ASSETS_TDAYS":0.146566187083,"PREMIUM_EXPENSE":null,"LOAN_DEPOSIT":null,"LOAN_EQUITY":null,"LOAN_ASSETS":null,"DEPOSIT_EQUITY":null,"DEPOSIT_ASSETS":null,"EQUITY_MULTIPLIER":null,"EQUITY_RATIO":null},{"SECUCODE":"06660.HK","SECURITY_CODE":"06660","SECURITY_NAME_ABBR":"艾美疫苗","ORG_CODE":"10472039","STD_REPORT_DATE":"2021-12-31 00:00:00","REPORT_DATE":"2021-12-31 00:00:00","DATE_TYPE_CODE":"001","REPORT_TYPE":"2021年年报","PER_NETCASH_OPERATE":0.077831666667,"PER_OI":1.308440833333,"BPS":4.039919161933,"BASIC_EPS":-0.6,"DILUTED_EPS":-0.6,"OPERATE_INCOME":1570129000,"OPERATE_INCOME_YOY":-4.1417730483,"GROSS_PROFIT":1294700000,"GROSS_PROFIT_YOY":-4.385830167611,"HOLDER_PROFIT":-692774000,"HOLDER_PROFIT_YOY":-282.6516595612,"GROSS_PROFIT_RATIO":82.458192925549,"EPS_TTM":-0.577311666667,"OPERATE_INCOME_QOQ":-11.739631945155,"NET_PROFIT_RATIO":-43.0456987929,"ROE_AVG":-16.664798381568,"GROSS_PROFIT_QOQ":-12.360505841053,"ROA":-10.858266251609,"HOLDER_PROFIT_QOQ":-22.327559872653,"ROE_YEARLY":-16.664798381568,"ROIC_YEARLY":-13.578427130669,"TOTAL_ASSETS":8072353000,"TOTAL_LIABILITIES":2373063000,"TAX_EBT":-11.400965546569,"OCF_SALES":5.94842844123,"TOTAL_PARENT_EQUITY":4892595000,"DEBT_ASSET_RATIO":29.3974136166,"OPERATE_PROFIT":-596000000,"PRETAX_PROFIT":-606703000,"NETCASH_OPERATE":93398000,"NETCASH_INVEST":-1337505000,"NETCASH_FINANCE":788019000,"END_CASH":646742000,"DIVI_RATIO":null,"DIVIDEND_RATE":null,"CURRENT_RATIO":1.531361406211,"COMMON_ACS":null,"CURRENTDEBT_DEBT":66.160991090418,"ISSUED_COMMON_SHARES":1211062599,"HK_COMMON_SHARES":492173711,"PER_SHARES":200,"TOTAL_MARKET_CAP":8416885063.05,"HKSK_MARKET_CAP":3420607291.45,"PE_TTM":-6.392600910268,"PB_TTM":2.192642403124,"REPORT_DATE_SQ":"2020-12-31 00:00:00","REPORT_TYPE_SQ":"2020年年报","OPERATE_INCOME_SQ":1637970000,"DPS_HKD":null,"OPERATE_INCOME_QOQ_SQ":72.119313023303,"NET_PROFIT_RATIO_SQ":24.4457468696,"HOLDER_PROFIT_SQ":379287000,"HOLDER_PROFIT_QOQ_SQ":223.055891521728,"ROE_AVG_SQ":15.290895779681,"PE_TTM_SQ":-16.62707189168,"PB_TTM_SQ":1.886626328438,"ROA_SQ":9.930701332365,"START_DATE":"2021-01-01 00:00:00","FISCAL_YEAR":"12-31","CURRENCY":"HKD","IS_CNY_CODE":0,"DPS_HKD_LY":null,"ORG_TYPE":"一般企业","PREMIUM_INCOME":null,"PREMIUM_INCOME_YOY":null,"NET_INTEREST_INCOME":null,"NET_INTEREST_INCOME_YOY":null,"FEE_COMMISSION_INCOME":null,"FEE_COMMISSION_INCOME_YOY":null,"ACCOUNTS_RECE_TDAYS":1.624117088187,"INVENTORY_TDAYS":0.888323039461,"CURRENT_ASSETS_TDAYS":0.654610182479,"TOTAL_ASSETS_TDAYS":0.246095822467,"PREMIUM_EXPENSE":null,"LOAN_DEPOSIT":null,"LOAN_EQUITY":null,"LOAN_ASSETS":null,"DEPOSIT_EQUITY":null,"DEPOSIT_ASSETS":null,"EQUITY_MULTIPLIER":1.416378706822,"EQUITY_RATIO":0.485031563005},{"SECUCODE":"06660.HK","SECURITY_CODE":"06660","SECURITY_NAME_ABBR":"艾美疫苗","ORG_CODE":"10472039","STD_REPORT_DATE":"2021-06-30 00:00:00","REPORT_DATE":"2021-06-30 00:00:00","DATE_TYPE_CODE":"002","REPORT_TYPE":"2021年中报","PER_NETCASH_OPERATE":-0.087400833333,"PER_OI":0.560466666667,"BPS":3.891614689358,"BASIC_EPS":-0.77,"DILUTED_EPS":-0.77,"OPERATE_INCOME":672560000,"OPERATE_INCOME_YOY":26.5266500613,"GROSS_PROFIT":548484000,"GROSS_PROFIT_YOY":28.97312295718,"HOLDER_PROFIT":-861848000,"HOLDER_PROFIT_YOY":-1128.8756774825,"GROSS_PROFIT_RATIO":81.551683121209,"EPS_TTM":-0.471939166667,"OPERATE_INCOME_QOQ":8.608460472414,"NET_PROFIT_RATIO":-128.3591055073,"ROE_AVG":-21.189647105566,"GROSS_PROFIT_QOQ":9.099408605645,"ROA":-14.346802396039,"HOLDER_PROFIT_QOQ":-249.313580481271,"ROE_YEARLY":-42.379294211133,"ROIC_YEARLY":-36.494040302116,"TOTAL_ASSETS":7326543000,"TOTAL_LIABILITIES":1825204000,"TAX_EBT":-4.196000854529,"OCF_SALES":-15.59429641965,"TOTAL_PARENT_EQUITY":4712989000,"DEBT_ASSET_RATIO":24.9122130314,"OPERATE_PROFIT":null,"PRETAX_PROFIT":-828527000,"NETCASH_OPERATE":-104881000,"NETCASH_INVEST":-869507000,"NETCASH_FINANCE":548422000,"END_CASH":676864000,"DIVI_RATIO":null,"DIVIDEND_RATE":null,"CURRENT_RATIO":2.058150802727,"COMMON_ACS":null,"CURRENTDEBT_DEBT":62.758464259338,"ISSUED_COMMON_SHARES":1211062599,"HK_COMMON_SHARES":492173711,"PER_SHARES":200,"TOTAL_MARKET_CAP":8416885063.05,"HKSK_MARKET_CAP":3420607291.45,"PE_TTM":-6.392600910268,"PB_TTM":2.192642403124,"REPORT_DATE_SQ":"2020-06-30 00:00:00","REPORT_TYPE_SQ":"2020年中报","OPERATE_INCOME_SQ":531556000,"DPS_HKD":null,"OPERATE_INCOME_QOQ_SQ":0,"NET_PROFIT_RATIO_SQ":16.6481048093,"HOLDER_PROFIT_SQ":83766000,"HOLDER_PROFIT_QOQ_SQ":0,"ROE_AVG_SQ":null,"PE_TTM_SQ":-16.62707189168,"PB_TTM_SQ":1.886626328438,"ROA_SQ":null,"START_DATE":"2021-01-01 00:00:00","FISCAL_YEAR":"12-31","CURRENCY":"HKD","IS_CNY_CODE":0,"DPS_HKD_LY":null,"ORG_TYPE":"一般企业","PREMIUM_INCOME":null,"PREMIUM_INCOME_YOY":null,"NET_INTEREST_INCOME":null,"NET_INTEREST_INCOME_YOY":null,"FEE_COMMISSION_INCOME":null,"FEE_COMMISSION_INCOME_YOY":null,"ACCOUNTS_RECE_TDAYS":0.724050878203,"INVENTORY_TDAYS":0.429666208406,"CURRENT_ASSETS_TDAYS":0.280466588046,"TOTAL_ASSETS_TDAYS":0.111958087963,"PREMIUM_EXPENSE":null,"LOAN_DEPOSIT":null,"LOAN_EQUITY":null,"LOAN_ASSETS":null,"DEPOSIT_EQUITY":null,"DEPOSIT_ASSETS":null,"EQUITY_MULTIPLIER":1.331774500716,"EQUITY_RATIO":0.387271007847},{"SECUCODE":"06660.HK","SECURITY_CODE":"06660","SECURITY_NAME_ABBR":"艾美疫苗","ORG_CODE":"10472039","STD_REPORT_DATE":"2020-12-31 00:00:00","REPORT_DATE":"2020-12-31 00:00:00","DATE_TYPE_CODE":"001","REPORT_TYPE":"2020年年报","PER_NETCASH_OPERATE":0.225523423423,"PER_OI":1.475648648649,"BPS":2.825308124308,"BASIC_EPS":0.39,"DILUTED_EPS":0.39,"OPERATE_INCOME":1637970000,"OPERATE_INCOME_YOY":72.1193130233,"GROSS_PROFIT":1354088000,"GROSS_PROFIT_YOY":84.771404594423,"HOLDER_PROFIT":379287000,"HOLDER_PROFIT_YOY":223.0558915217,"GROSS_PROFIT_RATIO":82.668669145345,"EPS_TTM":0.3417,"OPERATE_INCOME_QOQ":72.119313023303,"NET_PROFIT_RATIO":24.4457468696,"ROE_AVG":15.290895779681,"GROSS_PROFIT_QOQ":84.771404594423,"ROA":9.930701332365,"HOLDER_PROFIT_QOQ":223.055891521728,"ROE_YEARLY":15.290895779681,"ROIC_YEARLY":12.357827573888,"TOTAL_ASSETS":4687953000,"TOTAL_LIABILITIES":1266328000,"TAX_EBT":17.590957549713,"OCF_SALES":15.283002741198,"TOTAL_PARENT_EQUITY":3421625000,"DEBT_ASSET_RATIO":27.0123868563,"OPERATE_PROFIT":501627000,"PRETAX_PROFIT":485886000,"NETCASH_OPERATE":250331000,"NETCASH_INVEST":-604917000,"NETCASH_FINANCE":1138777000,"END_CASH":1102830000,"DIVI_RATIO":null,"DIVIDEND_RATE":null,"CURRENT_RATIO":2.156078548572,"COMMON_ACS":null,"CURRENTDEBT_DEBT":89.310905231504,"ISSUED_COMMON_SHARES":1211062599,"HK_COMMON_SHARES":492173711,"PER_SHARES":200,"TOTAL_MARKET_CAP":8416885063.05,"HKSK_MARKET_CAP":3420607291.45,"PE_TTM":-6.392600910268,"PB_TTM":2.192642403124,"REPORT_DATE_SQ":"2019-12-31 00:00:00","REPORT_TYPE_SQ":"2019年年报","OPERATE_INCOME_SQ":951648000,"DPS_HKD":null,"OPERATE_INCOME_QOQ_SQ":-14.356219120387,"NET_PROFIT_RATIO_SQ":12.5901593867,"HOLDER_PROFIT_SQ":117406000,"HOLDER_PROFIT_QOQ_SQ":962.113262167541,"ROE_AVG_SQ":8.231225317226,"PE_TTM_SQ":-16.62707189168,"PB_TTM_SQ":1.886626328438,"ROA_SQ":3.933777865488,"START_DATE":"2020-01-01 00:00:00","FISCAL_YEAR":"12-31","CURRENCY":"HKD","IS_CNY_CODE":0,"DPS_HKD_LY":null,"ORG_TYPE":"一般企业","PREMIUM_INCOME":null,"PREMIUM_INCOME_YOY":null,"NET_INTEREST_INCOME":null,"NET_INTEREST_INCOME_YOY":null,"FEE_COMMISSION_INCOME":null,"FEE_COMMISSION_INCOME_YOY":null,"ACCOUNTS_RECE_TDAYS":2.491773801211,"INVENTORY_TDAYS":1.179085787149,"CURRENT_ASSETS_TDAYS":0.865559455988,"TOTAL_ASSETS_TDAYS":0.428862335418,"PREMIUM_EXPENSE":null,"LOAN_DEPOSIT":null,"LOAN_EQUITY":null,"LOAN_ASSETS":null,"DEPOSIT_EQUITY":null,"DEPOSIT_ASSETS":null,"EQUITY_MULTIPLIER":1.370095495562,"EQUITY_RATIO":0.370095495561},{"SECUCODE":"06660.HK","SECURITY_CODE":"06660","SECURITY_NAME_ABBR":"艾美疫苗","ORG_CODE":"10472039","STD_REPORT_DATE":"2020-06-30 00:00:00","REPORT_DATE":"2020-06-30 00:00:00","DATE_TYPE_CODE":"002","REPORT_TYPE":"2020年中报","PER_NETCASH_OPERATE":null,"PER_OI":null,"BPS":null,"BASIC_EPS":0.09,"DILUTED_EPS":0.09,"OPERATE_INCOME":531556000,"OPERATE_INCOME_YOY":null,"GROSS_PROFIT":425270000,"GROSS_PROFIT_YOY":null,"HOLDER_PROFIT":83766000,"HOLDER_PROFIT_YOY":null,"GROSS_PROFIT_RATIO":80.004740798712,"EPS_TTM":0.138005534045,"OPERATE_INCOME_QOQ":0,"NET_PROFIT_RATIO":16.6481048093,"ROE_AVG":null,"GROSS_PROFIT_QOQ":0,"ROA":null,"HOLDER_PROFIT_QOQ":0,"ROE_YEARLY":null,"ROIC_YEARLY":null,"TOTAL_ASSETS":null,"TOTAL_LIABILITIES":null,"TAX_EBT":21.291091504198,"OCF_SALES":-8.002731603067,"TOTAL_PARENT_EQUITY":null,"DEBT_ASSET_RATIO":null,"OPERATE_PROFIT":null,"PRETAX_PROFIT":112432000,"NETCASH_OPERATE":-42539000,"NETCASH_INVEST":-262309000,"NETCASH_FINANCE":953400000,"END_CASH":967191000,"DIVI_RATIO":null,"DIVIDEND_RATE":null,"CURRENT_RATIO":null,"COMMON_ACS":null,"CURRENTDEBT_DEBT":null,"ISSUED_COMMON_SHARES":1211062599,"HK_COMMON_SHARES":492173711,"PER_SHARES":200,"TOTAL_MARKET_CAP":8416885063.05,"HKSK_MARKET_CAP":3420607291.45,"PE_TTM":-6.392600910268,"PB_TTM":2.192642403124,"REPORT_DATE_SQ":"2019-06-30 00:00:00","REPORT_TYPE_SQ":"2019年中报","OPERATE_INCOME_SQ":null,"DPS_HKD":null,"OPERATE_INCOME_QOQ_SQ":0,"NET_PROFIT_RATIO_SQ":null,"HOLDER_PROFIT_SQ":null,"HOLDER_PROFIT_QOQ_SQ":0,"ROE_AVG_SQ":null,"PE_TTM_SQ":-16.62707189168,"PB_TTM_SQ":1.886626328438,"ROA_SQ":null,"START_DATE":"2020-01-01 00:00:00","FISCAL_YEAR":"12-31","CURRENCY":"HKD","IS_CNY_CODE":0,"DPS_HKD_LY":null,"ORG_TYPE":"一般企业","PREMIUM_INCOME":null,"PREMIUM_INCOME_YOY":null,"NET_INTEREST_INCOME":null,"NET_INTEREST_INCOME_YOY":null,"FEE_COMMISSION_INCOME":null,"FEE_COMMISSION_INCOME_YOY":null,"ACCOUNTS_RECE_TDAYS":null,"INVENTORY_TDAYS":null,"CURRENT_ASSETS_TDAYS":0.789649916661,"TOTAL_ASSETS_TDAYS":0.360288770003,"PREMIUM_EXPENSE":null,"LOAN_DEPOSIT":null,"LOAN_EQUITY":null,"LOAN_ASSETS":null,"DEPOSIT_EQUITY":null,"DEPOSIT_ASSETS":null,"EQUITY_MULTIPLIER":null,"EQUITY_RATIO":null}],"count":11},"success":true,"message":"ok","code":0}