{"version":"c32a9ecd9b59b9689eb69ff5f1d41ea1","result":{"pages":2,"data":[{"SECUCODE":"06661.HK","SECURITY_CODE":"06661","SECURITY_NAME_ABBR":"湖州燃气","ORG_CODE":"10000125325","STD_REPORT_DATE":"2024-06-30 00:00:00","REPORT_DATE":"2024-06-30 00:00:00","DATE_TYPE_CODE":"002","REPORT_TYPE":"2024年中报","PER_NETCASH_OPERATE":0.460938906689,"PER_OI":5.880230570581,"BPS":5.815652062383,"BASIC_EPS":0.29,"DILUTED_EPS":0.29,"OPERATE_INCOME":1192008000,"OPERATE_INCOME_YOY":2.886943372,"GROSS_PROFIT":151288000,"GROSS_PROFIT_YOY":28.939002667621,"HOLDER_PROFIT":58562000,"HOLDER_PROFIT_YOY":8.6735451306,"GROSS_PROFIT_RATIO":12.691861128449,"EPS_TTM":0.569821103078,"OPERATE_INCOME_QOQ":1.373273656606,"NET_PROFIT_RATIO":7.4430708519,"ROE_AVG":4.962753081382,"GROSS_PROFIT_QOQ":12.720563443599,"ROA":2.638079439247,"HOLDER_PROFIT_QOQ":4.217003347258,"ROE_YEARLY":9.925506162764,"ROIC_YEARLY":9.40349423582,"TOTAL_ASSETS":2238071000,"TOTAL_LIABILITIES":983132000,"TAX_EBT":23.445562324193,"OCF_SALES":7.838789672553,"TOTAL_PARENT_EQUITY":1178917000,"DEBT_ASSET_RATIO":43.9276501952,"OPERATE_PROFIT":117440000,"PRETAX_PROFIT":115894000,"NETCASH_OPERATE":93439000,"NETCASH_INVEST":-43874000,"NETCASH_FINANCE":11588000,"END_CASH":918423000,"DIVI_RATIO":0.524548039701,"DIVIDEND_RATE":5.716291161179,"CURRENT_RATIO":1.466194297422,"COMMON_ACS":null,"CURRENTDEBT_DEBT":71.489891489647,"ISSUED_COMMON_SHARES":202714500,"HK_COMMON_SHARES":52714500,"PER_SHARES":500,"TOTAL_MARKET_CAP":1169662665,"HKSK_MARKET_CAP":304162665,"PE_TTM":9.136297936229,"PB_TTM":0.905515588538,"REPORT_DATE_SQ":"2023-06-30 00:00:00","REPORT_TYPE_SQ":"2023年中报","OPERATE_INCOME_SQ":1158561000,"DPS_HKD":0.32983,"OPERATE_INCOME_QOQ_SQ":-4.168199610849,"NET_PROFIT_RATIO_SQ":6.5388874647,"HOLDER_PROFIT_SQ":53888000,"HOLDER_PROFIT_QOQ_SQ":1.836854290957,"ROE_AVG_SQ":4.779323889923,"PE_TTM_SQ":9.763041079876,"PB_TTM_SQ":0.914511497333,"ROA_SQ":2.350605186616,"START_DATE":"2024-01-01 00:00:00","FISCAL_YEAR":"12-31","CURRENCY":"HKD","IS_CNY_CODE":0,"DPS_HKD_LY":0.32983,"ORG_TYPE":"一般企业","PREMIUM_INCOME":null,"PREMIUM_INCOME_YOY":null,"NET_INTEREST_INCOME":null,"NET_INTEREST_INCOME_YOY":null,"FEE_COMMISSION_INCOME":null,"FEE_COMMISSION_INCOME_YOY":null,"ACCOUNTS_RECE_TDAYS":17.933696919547,"INVENTORY_TDAYS":57.827415680391,"CURRENT_ASSETS_TDAYS":1.171377696018,"TOTAL_ASSETS_TDAYS":0.536971380113,"PREMIUM_EXPENSE":null,"LOAN_DEPOSIT":null,"LOAN_EQUITY":null,"LOAN_ASSETS":null,"DEPOSIT_EQUITY":null,"DEPOSIT_ASSETS":null,"EQUITY_MULTIPLIER":1.783410189659,"EQUITY_RATIO":0.833928088237},{"SECUCODE":"06661.HK","SECURITY_CODE":"06661","SECURITY_NAME_ABBR":"湖州燃气","ORG_CODE":"10000125325","STD_REPORT_DATE":"2023-12-31 00:00:00","REPORT_DATE":"2023-12-31 00:00:00","DATE_TYPE_CODE":"001","REPORT_TYPE":"2023年年报","PER_NETCASH_OPERATE":1.190161532599,"PER_OI":12.014764607367,"BPS":5.826637956338,"BASIC_EPS":0.55,"DILUTED_EPS":null,"OPERATE_INCOME":2435567000,"OPERATE_INCOME_YOY":-5.5783790322,"GROSS_PROFIT":266930000,"GROSS_PROFIT_YOY":133.214220187494,"HOLDER_PROFIT":110837000,"HOLDER_PROFIT_YOY":6.4808677023,"GROSS_PROFIT_RATIO":10.959665654856,"EPS_TTM":0.546764044999,"OPERATE_INCOME_QOQ":-1.471515108364,"NET_PROFIT_RATIO":6.745780346,"ROE_AVG":9.587328882653,"GROSS_PROFIT_QOQ":12.055177509204,"ROA":4.925523001024,"HOLDER_PROFIT_QOQ":4.56024829486,"ROE_YEARLY":9.587328882653,"ROIC_YEARLY":9.23531997242,"TOTAL_ASSETS":2201674000,"TOTAL_LIABILITIES":923883000,"TAX_EBT":24.045471566402,"OCF_SALES":9.905824803834,"TOTAL_PARENT_EQUITY":1181144000,"DEBT_ASSET_RATIO":41.9627519787,"OPERATE_PROFIT":221742000,"PRETAX_PROFIT":216311000,"NETCASH_OPERATE":241263000,"NETCASH_INVEST":-159400000,"NETCASH_FINANCE":-303926000,"END_CASH":857579000,"DIVI_RATIO":0.546668248093,"DIVIDEND_RATE":6.583433133733,"CURRENT_RATIO":1.543897930301,"COMMON_ACS":null,"CURRENTDEBT_DEBT":70.438681088406,"ISSUED_COMMON_SHARES":202714500,"HK_COMMON_SHARES":52714500,"PER_SHARES":500,"TOTAL_MARKET_CAP":1015599645,"HKSK_MARKET_CAP":264099645,"PE_TTM":7.932903407367,"PB_TTM":0.786244904432,"REPORT_DATE_SQ":"2022-12-31 00:00:00","REPORT_TYPE_SQ":"2022年年报","OPERATE_INCOME_SQ":2579459000,"DPS_HKD":0.32983,"OPERATE_INCOME_QOQ_SQ":11.893085856047,"NET_PROFIT_RATIO_SQ":5.010585553,"HOLDER_PROFIT_SQ":104091000,"HOLDER_PROFIT_QOQ_SQ":-3.001528254063,"ROE_AVG_SQ":10.033215610373,"PE_TTM_SQ":10.508582398703,"PB_TTM_SQ":0.984346920766,"ROA_SQ":4.966479330073,"START_DATE":"2023-01-01 00:00:00","FISCAL_YEAR":"12-31","CURRENCY":"HKD","IS_CNY_CODE":0,"DPS_HKD_LY":0.33105,"ORG_TYPE":"一般企业","PREMIUM_INCOME":null,"PREMIUM_INCOME_YOY":null,"NET_INTEREST_INCOME":null,"NET_INTEREST_INCOME_YOY":null,"FEE_COMMISSION_INCOME":null,"FEE_COMMISSION_INCOME_YOY":null,"ACCOUNTS_RECE_TDAYS":35.787426623467,"INVENTORY_TDAYS":95.889503006721,"CURRENT_ASSETS_TDAYS":2.190907287726,"TOTAL_ASSETS_TDAYS":1.082349872248,"PREMIUM_EXPENSE":null,"LOAN_DEPOSIT":null,"LOAN_EQUITY":null,"LOAN_ASSETS":null,"DEPOSIT_EQUITY":null,"DEPOSIT_ASSETS":null,"EQUITY_MULTIPLIER":1.723031387762,"EQUITY_RATIO":0.782193365077},{"SECUCODE":"06661.HK","SECURITY_CODE":"06661","SECURITY_NAME_ABBR":"湖州燃气","ORG_CODE":"10000125325","STD_REPORT_DATE":"2023-06-30 00:00:00","REPORT_DATE":"2023-06-30 00:00:00","DATE_TYPE_CODE":"002","REPORT_TYPE":"2023年中报","PER_NETCASH_OPERATE":0.363210327826,"PER_OI":5.715234973325,"BPS":5.544916619186,"BASIC_EPS":0.27,"DILUTED_EPS":0.27,"OPERATE_INCOME":1158561000,"OPERATE_INCOME_YOY":-8.4921308166,"GROSS_PROFIT":117333000,"GROSS_PROFIT_YOY":1926.7631947688,"HOLDER_PROFIT":53888000,"HOLDER_PROFIT_YOY":3.678620902,"GROSS_PROFIT_RATIO":10.127477103062,"EPS_TTM":0.522917699523,"OPERATE_INCOME_QOQ":-4.168199610849,"NET_PROFIT_RATIO":6.5388874647,"ROE_AVG":4.779323889923,"GROSS_PROFIT_QOQ":108.124448482836,"ROA":2.350605186616,"HOLDER_PROFIT_QOQ":1.836854290957,"ROE_YEARLY":9.558647779847,"ROIC_YEARLY":9.091614618658,"TOTAL_ASSETS":2286189000,"TOTAL_LIABILITIES":1097651000,"TAX_EBT":24.239969598784,"OCF_SALES":6.355125021471,"TOTAL_PARENT_EQUITY":1124035000,"DEBT_ASSET_RATIO":48.0122597038,"OPERATE_PROFIT":102152000,"PRETAX_PROFIT":99996000,"NETCASH_OPERATE":73628000,"NETCASH_INVEST":-67023000,"NETCASH_FINANCE":-82735000,"END_CASH":1003635000,"DIVI_RATIO":0.571597677555,"DIVIDEND_RATE":6.583433133733,"CURRENT_RATIO":1.41200900574,"COMMON_ACS":null,"CURRENTDEBT_DEBT":76.31642480169,"ISSUED_COMMON_SHARES":202714500,"HK_COMMON_SHARES":52714500,"PER_SHARES":500,"TOTAL_MARKET_CAP":1015599645,"HKSK_MARKET_CAP":264099645,"PE_TTM":7.932903407367,"PB_TTM":0.786244904432,"REPORT_DATE_SQ":"2022-06-30 00:00:00","REPORT_TYPE_SQ":"2022年中报","OPERATE_INCOME_SQ":1266078000,"DPS_HKD":0.32983,"OPERATE_INCOME_QOQ_SQ":24.02448544361,"NET_PROFIT_RATIO_SQ":4.3228774215,"HOLDER_PROFIT_SQ":51976000,"HOLDER_PROFIT_QOQ_SQ":-10.35969059592,"ROE_AVG_SQ":5.89363873455,"PE_TTM_SQ":10.508582398703,"PB_TTM_SQ":0.984346920766,"ROA_SQ":2.712666906048,"START_DATE":"2023-01-01 00:00:00","FISCAL_YEAR":"12-31","CURRENCY":"HKD","IS_CNY_CODE":0,"DPS_HKD_LY":0.33105,"ORG_TYPE":"一般企业","PREMIUM_INCOME":null,"PREMIUM_INCOME_YOY":null,"NET_INTEREST_INCOME":null,"NET_INTEREST_INCOME_YOY":null,"FEE_COMMISSION_INCOME":null,"FEE_COMMISSION_INCOME_YOY":null,"ACCOUNTS_RECE_TDAYS":18.024082702614,"INVENTORY_TDAYS":42.738086442556,"CURRENT_ASSETS_TDAYS":0.96488856686,"TOTAL_ASSETS_TDAYS":0.505366592861,"PREMIUM_EXPENSE":null,"LOAN_DEPOSIT":null,"LOAN_EQUITY":null,"LOAN_ASSETS":null,"DEPOSIT_EQUITY":null,"DEPOSIT_ASSETS":null,"EQUITY_MULTIPLIER":1.923530421408,"EQUITY_RATIO":0.976527421299},{"SECUCODE":"06661.HK","SECURITY_CODE":"06661","SECURITY_NAME_ABBR":"湖州燃气","ORG_CODE":"10000125325","STD_REPORT_DATE":"2022-12-31 00:00:00","REPORT_DATE":"2022-12-31 00:00:00","DATE_TYPE_CODE":"001","REPORT_TYPE":"2022年年报","PER_NETCASH_OPERATE":1.0089954098,"PER_OI":12.7245904955,"BPS":5.579334482733,"BASIC_EPS":0.6,"DILUTED_EPS":null,"OPERATE_INCOME":2579459000,"OPERATE_INCOME_YOY":38.7748239799,"GROSS_PROFIT":114457000,"GROSS_PROFIT_YOY":-59.90605033068,"HOLDER_PROFIT":104091000,"HOLDER_PROFIT_YOY":-13.0502698097,"GROSS_PROFIT_RATIO":4.437248275704,"EPS_TTM":0.513485715131,"OPERATE_INCOME_QOQ":11.893085856047,"NET_PROFIT_RATIO":5.010585553,"ROE_AVG":10.033215610373,"GROSS_PROFIT_QOQ":-12.998168094438,"ROA":4.966479330073,"HOLDER_PROFIT_QOQ":-3.001528254063,"ROE_YEARLY":10.033215610373,"ROIC_YEARLY":8.735287823668,"TOTAL_ASSETS":2298843000,"TOTAL_LIABILITIES":1101528000,"TAX_EBT":24.371547607902,"OCF_SALES":7.929492191967,"TOTAL_PARENT_EQUITY":1131012000,"DEBT_ASSET_RATIO":47.9166258853,"OPERATE_PROFIT":176336000,"PRETAX_PROFIT":170896000,"NETCASH_OPERATE":204538000,"NETCASH_INVEST":62665000,"NETCASH_FINANCE":218026000,"END_CASH":1079703000,"DIVI_RATIO":0.582097094022,"DIVIDEND_RATE":6.583433133733,"CURRENT_RATIO":1.405653217062,"COMMON_ACS":null,"CURRENTDEBT_DEBT":78.703401093753,"ISSUED_COMMON_SHARES":202714500,"HK_COMMON_SHARES":52714500,"PER_SHARES":500,"TOTAL_MARKET_CAP":1015599645,"HKSK_MARKET_CAP":264099645,"PE_TTM":7.932903407367,"PB_TTM":0.786244904432,"REPORT_DATE_SQ":"2021-12-31 00:00:00","REPORT_TYPE_SQ":"2021年年报","OPERATE_INCOME_SQ":1858737000,"DPS_HKD":0.32983,"OPERATE_INCOME_QOQ_SQ":11.322748090506,"NET_PROFIT_RATIO_SQ":8.9680250622,"HOLDER_PROFIT_SQ":119714000,"HOLDER_PROFIT_QOQ_SQ":0.384047762796,"ROE_AVG_SQ":13.541610697639,"PE_TTM_SQ":10.508582398703,"PB_TTM_SQ":0.984346920766,"ROA_SQ":6.856081225612,"START_DATE":"2022-01-01 00:00:00","FISCAL_YEAR":"12-31","CURRENCY":"HKD","IS_CNY_CODE":0,"DPS_HKD_LY":null,"ORG_TYPE":"一般企业","PREMIUM_INCOME":null,"PREMIUM_INCOME_YOY":null,"NET_INTEREST_INCOME":null,"NET_INTEREST_INCOME_YOY":null,"FEE_COMMISSION_INCOME":null,"FEE_COMMISSION_INCOME_YOY":null,"ACCOUNTS_RECE_TDAYS":41.399849131705,"INVENTORY_TDAYS":84.128325455197,"CURRENT_ASSETS_TDAYS":2.441255844745,"TOTAL_ASSETS_TDAYS":1.230733666337,"PREMIUM_EXPENSE":null,"LOAN_DEPOSIT":null,"LOAN_EQUITY":null,"LOAN_ASSETS":null,"DEPOSIT_EQUITY":null,"DEPOSIT_ASSETS":null,"EQUITY_MULTIPLIER":1.919998496637,"EQUITY_RATIO":0.973931311074},{"SECUCODE":"06661.HK","SECURITY_CODE":"06661","SECURITY_NAME_ABBR":"湖州燃气","ORG_CODE":"10000125325","STD_REPORT_DATE":"2022-06-30 00:00:00","REPORT_DATE":"2022-06-30 00:00:00","DATE_TYPE_CODE":"002","REPORT_TYPE":"2022年中报","PER_NETCASH_OPERATE":-0.22902,"PER_OI":8.44052,"BPS":4.044525675272,"BASIC_EPS":0.35,"DILUTED_EPS":0.35,"OPERATE_INCOME":1266078000,"OPERATE_INCOME_YOY":54.4890583093,"GROSS_PROFIT":-6423000,"GROSS_PROFIT_YOY":-104.354812464405,"HOLDER_PROFIT":51976000,"HOLDER_PROFIT_YOY":-19.2643449626,"GROSS_PROFIT_RATIO":-0.507314715207,"EPS_TTM":0.715413333333,"OPERATE_INCOME_QOQ":24.02448544361,"NET_PROFIT_RATIO":4.3228774215,"ROE_AVG":5.89363873455,"GROSS_PROFIT_QOQ":-53.91597074319,"ROA":2.712666906048,"HOLDER_PROFIT_QOQ":-10.35969059592,"ROE_YEARLY":11.787277469101,"ROIC_YEARLY":8.457432960167,"TOTAL_ASSETS":1939197000,"TOTAL_LIABILITIES":1078611000,"TAX_EBT":25.299247956106,"OCF_SALES":-2.713339936402,"TOTAL_PARENT_EQUITY":819884000,"DEBT_ASSET_RATIO":55.6215278798,"OPERATE_PROFIT":74981000,"PRETAX_PROFIT":73267000,"NETCASH_OPERATE":-34353000,"NETCASH_INVEST":112439000,"NETCASH_FINANCE":3889000,"END_CASH":670648000,"DIVI_RATIO":0.41779839524,"DIVIDEND_RATE":6.583433133733,"CURRENT_RATIO":1.047142074559,"COMMON_ACS":null,"CURRENTDEBT_DEBT":82.081955403755,"ISSUED_COMMON_SHARES":202714500,"HK_COMMON_SHARES":52714500,"PER_SHARES":500,"TOTAL_MARKET_CAP":1015599645,"HKSK_MARKET_CAP":264099645,"PE_TTM":7.932903407367,"PB_TTM":0.786244904432,"REPORT_DATE_SQ":"2021-06-30 00:00:00","REPORT_TYPE_SQ":"2021年中报","OPERATE_INCOME_SQ":819526000,"DPS_HKD":0.32983,"OPERATE_INCOME_QOQ_SQ":0,"NET_PROFIT_RATIO_SQ":10.8654270883,"HOLDER_PROFIT_SQ":64378000,"HOLDER_PROFIT_QOQ_SQ":0,"ROE_AVG_SQ":null,"PE_TTM_SQ":10.508582398703,"PB_TTM_SQ":0.984346920766,"ROA_SQ":null,"START_DATE":"2022-01-01 00:00:00","FISCAL_YEAR":"12-31","CURRENCY":"HKD","IS_CNY_CODE":0,"DPS_HKD_LY":null,"ORG_TYPE":"一般企业","PREMIUM_INCOME":null,"PREMIUM_INCOME_YOY":null,"NET_INTEREST_INCOME":null,"NET_INTEREST_INCOME_YOY":null,"FEE_COMMISSION_INCOME":null,"FEE_COMMISSION_INCOME_YOY":null,"ACCOUNTS_RECE_TDAYS":17.218405967592,"INVENTORY_TDAYS":45.304080034178,"CURRENT_ASSETS_TDAYS":1.390005313753,"TOTAL_ASSETS_TDAYS":0.660775721694,"PREMIUM_EXPENSE":null,"LOAN_DEPOSIT":null,"LOAN_EQUITY":null,"LOAN_ASSETS":null,"DEPOSIT_EQUITY":null,"DEPOSIT_ASSETS":null,"EQUITY_MULTIPLIER":2.253344813881,"EQUITY_RATIO":1.315565372662},{"SECUCODE":"06661.HK","SECURITY_CODE":"06661","SECURITY_NAME_ABBR":"湖州燃气","ORG_CODE":"10000125325","STD_REPORT_DATE":"2021-12-31 00:00:00","REPORT_DATE":"2021-12-31 00:00:00","DATE_TYPE_CODE":"001","REPORT_TYPE":"2021年年报","PER_NETCASH_OPERATE":2.185153333333,"PER_OI":12.39158,"BPS":4.656381265277,"BASIC_EPS":0.8,"DILUTED_EPS":null,"OPERATE_INCOME":1858737000,"OPERATE_INCOME_YOY":30.7093762614,"GROSS_PROFIT":285472000,"GROSS_PROFIT_YOY":14.182405785276,"HOLDER_PROFIT":119714000,"HOLDER_PROFIT_YOY":-17.7562517175,"GROSS_PROFIT_RATIO":15.358385828657,"EPS_TTM":0.798093333333,"OPERATE_INCOME_QOQ":11.322748090506,"NET_PROFIT_RATIO":8.9680250622,"ROE_AVG":13.541610697639,"GROSS_PROFIT_QOQ":-0.189501213227,"ROA":6.856081225612,"HOLDER_PROFIT_QOQ":0.384047762796,"ROE_YEARLY":13.541610697639,"ROIC_YEARLY":10.979702307853,"TOTAL_ASSETS":1892899000,"TOTAL_LIABILITIES":875150000,"TAX_EBT":24.807838042655,"OCF_SALES":17.634178477106,"TOTAL_PARENT_EQUITY":943916000,"DEBT_ASSET_RATIO":46.2333172557,"OPERATE_PROFIT":224975000,"PRETAX_PROFIT":221688000,"NETCASH_OPERATE":327773000,"NETCASH_INVEST":-251847000,"NETCASH_FINANCE":-38922000,"END_CASH":588673000,"DIVI_RATIO":0.374515774178,"DIVIDEND_RATE":6.583433133733,"CURRENT_RATIO":1.226778309235,"COMMON_ACS":null,"CURRENTDEBT_DEBT":83.326515454494,"ISSUED_COMMON_SHARES":202714500,"HK_COMMON_SHARES":52714500,"PER_SHARES":500,"TOTAL_MARKET_CAP":1015599645,"HKSK_MARKET_CAP":264099645,"PE_TTM":7.932903407367,"PB_TTM":0.786244904432,"REPORT_DATE_SQ":"2020-12-31 00:00:00","REPORT_TYPE_SQ":"2020年年报","OPERATE_INCOME_SQ":1422038000,"DPS_HKD":0.32983,"OPERATE_INCOME_QOQ_SQ":-12.780932041479,"NET_PROFIT_RATIO_SQ":13.520524768,"HOLDER_PROFIT_SQ":145560000,"HOLDER_PROFIT_QOQ_SQ":53.292051055226,"ROE_AVG_SQ":17.667514276871,"PE_TTM_SQ":10.508582398703,"PB_TTM_SQ":0.984346920766,"ROA_SQ":9.132182316153,"START_DATE":"2021-01-01 00:00:00","FISCAL_YEAR":"12-31","CURRENCY":"HKD","IS_CNY_CODE":0,"DPS_HKD_LY":null,"ORG_TYPE":"一般企业","PREMIUM_INCOME":null,"PREMIUM_INCOME_YOY":null,"NET_INTEREST_INCOME":null,"NET_INTEREST_INCOME_YOY":null,"FEE_COMMISSION_INCOME":null,"FEE_COMMISSION_INCOME_YOY":null,"ACCOUNTS_RECE_TDAYS":28.885699633244,"INVENTORY_TDAYS":61.876229056871,"CURRENT_ASSETS_TDAYS":2.374084206977,"TOTAL_ASSETS_TDAYS":1.064508064976,"PREMIUM_EXPENSE":null,"LOAN_DEPOSIT":null,"LOAN_EQUITY":null,"LOAN_ASSETS":null,"DEPOSIT_EQUITY":null,"DEPOSIT_ASSETS":null,"EQUITY_MULTIPLIER":1.859887850541,"EQUITY_RATIO":0.92714817844},{"SECUCODE":"06661.HK","SECURITY_CODE":"06661","SECURITY_NAME_ABBR":"湖州燃气","ORG_CODE":"10000125325","STD_REPORT_DATE":"2021-09-30 00:00:00","REPORT_DATE":"2021-09-30 00:00:00","DATE_TYPE_CODE":"004","REPORT_TYPE":"2021年三季报","PER_NETCASH_OPERATE":0.898773333333,"PER_OI":8.16802,"BPS":4.507477264823,"BASIC_EPS":0.596,"DILUTED_EPS":0.596,"OPERATE_INCOME":1225203000,"OPERATE_INCOME_YOY":25.3330237183,"GROSS_PROFIT":213558000,"GROSS_PROFIT_YOY":20.275065049167,"HOLDER_PROFIT":89470000,"HOLDER_PROFIT_YOY":-22.7201271443,"GROSS_PROFIT_RATIO":17.430417653238,"EPS_TTM":0.79504,"OPERATE_INCOME_QOQ":17.414794822642,"NET_PROFIT_RATIO":10.3679961606,"ROE_AVG":10.296299109388,"GROSS_PROFIT_QOQ":14.399193645156,"ROA":5.172121760776,"HOLDER_PROFIT_QOQ":-18.070898598516,"ROE_YEARLY":13.728398812517,"ROIC_YEARLY":7.235046835344,"TOTAL_ASSETS":1860402000,"TOTAL_LIABILITIES":882256000,"TAX_EBT":25.319670540927,"OCF_SALES":11.003564307303,"TOTAL_PARENT_EQUITY":913731000,"DEBT_ASSET_RATIO":47.4228688208,"OPERATE_PROFIT":null,"PRETAX_PROFIT":170097000,"NETCASH_OPERATE":134816000,"NETCASH_INVEST":-400174000,"NETCASH_FINANCE":-13314000,"END_CASH":272997000,"DIVI_RATIO":0.375954093631,"DIVIDEND_RATE":6.583433133733,"CURRENT_RATIO":1.181312113887,"COMMON_ACS":null,"CURRENTDEBT_DEBT":84.397272447,"ISSUED_COMMON_SHARES":202714500,"HK_COMMON_SHARES":52714500,"PER_SHARES":500,"TOTAL_MARKET_CAP":1015599645,"HKSK_MARKET_CAP":264099645,"PE_TTM":7.932903407367,"PB_TTM":0.786244904432,"REPORT_DATE_SQ":"2020-09-30 00:00:00","REPORT_TYPE_SQ":"2020年三季报","OPERATE_INCOME_SQ":977558000,"DPS_HKD":0.32983,"OPERATE_INCOME_QOQ_SQ":0,"NET_PROFIT_RATIO_SQ":15.1614533358,"HOLDER_PROFIT_SQ":115774000,"HOLDER_PROFIT_QOQ_SQ":0,"ROE_AVG_SQ":null,"PE_TTM_SQ":10.508582398703,"PB_TTM_SQ":0.984346920766,"ROA_SQ":null,"START_DATE":"2021-01-01 00:00:00","FISCAL_YEAR":"12-31","CURRENCY":"HKD","IS_CNY_CODE":0,"DPS_HKD_LY":null,"ORG_TYPE":"一般企业","PREMIUM_INCOME":null,"PREMIUM_INCOME_YOY":null,"NET_INTEREST_INCOME":null,"NET_INTEREST_INCOME_YOY":null,"FEE_COMMISSION_INCOME":null,"FEE_COMMISSION_INCOME_YOY":null,"ACCOUNTS_RECE_TDAYS":18.476617755727,"INVENTORY_TDAYS":40.474704434976,"CURRENT_ASSETS_TDAYS":1.580035528789,"TOTAL_ASSETS_TDAYS":0.70827082795,"PREMIUM_EXPENSE":null,"LOAN_DEPOSIT":null,"LOAN_EQUITY":null,"LOAN_ASSETS":null,"DEPOSIT_EQUITY":null,"DEPOSIT_ASSETS":null,"EQUITY_MULTIPLIER":1.901967599928,"EQUITY_RATIO":0.965553319303},{"SECUCODE":"06661.HK","SECURITY_CODE":"06661","SECURITY_NAME_ABBR":"湖州燃气","ORG_CODE":"10000125325","STD_REPORT_DATE":"2021-06-30 00:00:00","REPORT_DATE":"2021-06-30 00:00:00","DATE_TYPE_CODE":"002","REPORT_TYPE":"2021年中报","PER_NETCASH_OPERATE":null,"PER_OI":null,"BPS":null,"BASIC_EPS":0.43,"DILUTED_EPS":0.43,"OPERATE_INCOME":819526000,"OPERATE_INCOME_YOY":null,"GROSS_PROFIT":147492000,"GROSS_PROFIT_YOY":null,"HOLDER_PROFIT":64378000,"HOLDER_PROFIT_YOY":null,"GROSS_PROFIT_RATIO":17.997232546618,"EPS_TTM":1.471090583848,"OPERATE_INCOME_QOQ":0,"NET_PROFIT_RATIO":10.8654270883,"ROE_AVG":null,"GROSS_PROFIT_QOQ":0,"ROA":null,"HOLDER_PROFIT_QOQ":0,"ROE_YEARLY":null,"ROIC_YEARLY":null,"TOTAL_ASSETS":null,"TOTAL_LIABILITIES":null,"TAX_EBT":24.932557747429,"OCF_SALES":2.282416909287,"TOTAL_PARENT_EQUITY":null,"DEBT_ASSET_RATIO":null,"OPERATE_PROFIT":119384000,"PRETAX_PROFIT":118620000,"NETCASH_OPERATE":18705000,"NETCASH_INVEST":-319193000,"NETCASH_FINANCE":27815000,"END_CASH":278996000,"DIVI_RATIO":0.203181602739,"DIVIDEND_RATE":6.583433133733,"CURRENT_RATIO":null,"COMMON_ACS":null,"CURRENTDEBT_DEBT":null,"ISSUED_COMMON_SHARES":202714500,"HK_COMMON_SHARES":52714500,"PER_SHARES":500,"TOTAL_MARKET_CAP":1015599645,"HKSK_MARKET_CAP":264099645,"PE_TTM":7.932903407367,"PB_TTM":0.786244904432,"REPORT_DATE_SQ":"2020-06-30 00:00:00","REPORT_TYPE_SQ":"2020年中报","OPERATE_INCOME_SQ":null,"DPS_HKD":0.32983,"OPERATE_INCOME_QOQ_SQ":0,"NET_PROFIT_RATIO_SQ":null,"HOLDER_PROFIT_SQ":null,"HOLDER_PROFIT_QOQ_SQ":0,"ROE_AVG_SQ":null,"PE_TTM_SQ":10.508582398703,"PB_TTM_SQ":0.984346920766,"ROA_SQ":null,"START_DATE":"2021-01-01 00:00:00","FISCAL_YEAR":"12-31","CURRENCY":"HKD","IS_CNY_CODE":0,"DPS_HKD_LY":null,"ORG_TYPE":"一般企业","PREMIUM_INCOME":null,"PREMIUM_INCOME_YOY":null,"NET_INTEREST_INCOME":null,"NET_INTEREST_INCOME_YOY":null,"FEE_COMMISSION_INCOME":null,"FEE_COMMISSION_INCOME_YOY":null,"ACCOUNTS_RECE_TDAYS":null,"INVENTORY_TDAYS":null,"CURRENT_ASSETS_TDAYS":2.441790689013,"TOTAL_ASSETS_TDAYS":1.024855874445,"PREMIUM_EXPENSE":null,"LOAN_DEPOSIT":null,"LOAN_EQUITY":null,"LOAN_ASSETS":null,"DEPOSIT_EQUITY":null,"DEPOSIT_ASSETS":null,"EQUITY_MULTIPLIER":null,"EQUITY_RATIO":null},{"SECUCODE":"06661.HK","SECURITY_CODE":"06661","SECURITY_NAME_ABBR":"湖州燃气","ORG_CODE":"10000125325","STD_REPORT_DATE":"2020-12-31 00:00:00","REPORT_DATE":"2020-12-31 00:00:00","DATE_TYPE_CODE":"001","REPORT_TYPE":"2020年年报","PER_NETCASH_OPERATE":3.307770826806,"PER_OI":14.37171415,"BPS":4.065693376645,"BASIC_EPS":0.97,"DILUTED_EPS":0.97,"OPERATE_INCOME":1422038000,"OPERATE_INCOME_YOY":-12.7809320415,"GROSS_PROFIT":250014000,"GROSS_PROFIT_YOY":9.575964762343,"HOLDER_PROFIT":145560000,"HOLDER_PROFIT_YOY":53.2920510552,"GROSS_PROFIT_RATIO":17.581386713998,"EPS_TTM":1.471090583848,"OPERATE_INCOME_QOQ":-12.780932041479,"NET_PROFIT_RATIO":13.520524768,"ROE_AVG":17.667514276871,"GROSS_PROFIT_QOQ":9.575964762343,"ROA":9.132182316153,"HOLDER_PROFIT_QOQ":53.292051055226,"ROE_YEARLY":17.667514276871,"ROIC_YEARLY":15.144697093053,"TOTAL_ASSETS":1599300000,"TOTAL_LIABILITIES":677743000,"TAX_EBT":25.37783228671,"OCF_SALES":23.015840645609,"TOTAL_PARENT_EQUITY":824175000,"DEBT_ASSET_RATIO":42.3774776465,"OPERATE_PROFIT":null,"PRETAX_PROFIT":257654000,"NETCASH_OPERATE":331618000,"NETCASH_INVEST":-30823000,"NETCASH_FINANCE":-303867000,"END_CASH":551669000,"DIVI_RATIO":0.203181602739,"DIVIDEND_RATE":6.583433133733,"CURRENT_RATIO":1.209819135419,"COMMON_ACS":null,"CURRENTDEBT_DEBT":81.865102258526,"ISSUED_COMMON_SHARES":202714500,"HK_COMMON_SHARES":52714500,"PER_SHARES":500,"TOTAL_MARKET_CAP":1015599645,"HKSK_MARKET_CAP":264099645,"PE_TTM":7.932903407367,"PB_TTM":0.786244904432,"REPORT_DATE_SQ":"2019-12-31 00:00:00","REPORT_TYPE_SQ":"2019年年报","OPERATE_INCOME_SQ":1630421000,"DPS_HKD":0.32983,"OPERATE_INCOME_QOQ_SQ":32.709380456061,"NET_PROFIT_RATIO_SQ":8.8259412753,"HOLDER_PROFIT_SQ":94956000,"HOLDER_PROFIT_QOQ_SQ":42.610837438424,"ROE_AVG_SQ":12.924151119308,"PE_TTM_SQ":10.508582398703,"PB_TTM_SQ":0.984346920766,"ROA_SQ":6.450453694002,"START_DATE":"2020-01-01 00:00:00","FISCAL_YEAR":"12-31","CURRENCY":"HKD","IS_CNY_CODE":0,"DPS_HKD_LY":null,"ORG_TYPE":"一般企业","PREMIUM_INCOME":null,"PREMIUM_INCOME_YOY":null,"NET_INTEREST_INCOME":null,"NET_INTEREST_INCOME_YOY":null,"FEE_COMMISSION_INCOME":null,"FEE_COMMISSION_INCOME_YOY":null,"ACCOUNTS_RECE_TDAYS":22.891974339781,"INVENTORY_TDAYS":60.471274153187,"CURRENT_ASSETS_TDAYS":2.115062576366,"TOTAL_ASSETS_TDAYS":0.892162014049,"PREMIUM_EXPENSE":null,"LOAN_DEPOSIT":null,"LOAN_EQUITY":null,"LOAN_ASSETS":null,"DEPOSIT_EQUITY":null,"DEPOSIT_ASSETS":null,"EQUITY_MULTIPLIER":1.735432534288,"EQUITY_RATIO":0.822328995662}],"count":12},"success":true,"message":"ok","code":0}