{"version":"d2889b796f54eb04322bc0a2ed88527a","result":{"pages":2,"data":[{"SECUCODE":"06677.HK","SECURITY_CODE":"06677","SECURITY_NAME_ABBR":"远洋服务","ORG_CODE":"10000127721","STD_REPORT_DATE":"2024-06-30 00:00:00","REPORT_DATE":"2024-06-30 00:00:00","DATE_TYPE_CODE":"002","REPORT_TYPE":"2024年中报","PER_NETCASH_OPERATE":0.03486402027,"PER_OI":1.212848817568,"BPS":1.808688344595,"BASIC_EPS":0.05,"DILUTED_EPS":0.05,"OPERATE_INCOME":1436013000,"OPERATE_INCOME_YOY":-7.7015779931,"GROSS_PROFIT":327420000,"GROSS_PROFIT_YOY":1.843269236751,"HOLDER_PROFIT":59340000,"HOLDER_PROFIT_YOY":-53.8977888963,"GROSS_PROFIT_RATIO":22.800629242214,"EPS_TTM":-0.022994932432,"OPERATE_INCOME_QOQ":-3.824321965116,"NET_PROFIT_RATIO":4.1932768018,"ROE_AVG":2.798605130682,"GROSS_PROFIT_QOQ":0.991402602139,"ROA":1.453187596625,"HOLDER_PROFIT_QOQ":-164.596184872355,"ROE_YEARLY":5.597210261364,"ROIC_YEARLY":3.518452307895,"TOTAL_ASSETS":4127694000,"TOTAL_LIABILITIES":1944149000,"TAX_EBT":29.147644373323,"OCF_SALES":2.874556149561,"TOTAL_PARENT_EQUITY":2141487000,"DEBT_ASSET_RATIO":47.1001241856,"OPERATE_PROFIT":88253000,"PRETAX_PROFIT":84988000,"NETCASH_OPERATE":41279000,"NETCASH_INVEST":11415000,"NETCASH_FINANCE":-22903000,"END_CASH":680613000,"DIVI_RATIO":-1.170371518989,"DIVIDEND_RATE":4.933333333333,"CURRENT_RATIO":1.635178721829,"COMMON_ACS":10000000000,"CURRENTDEBT_DEBT":96.735795456007,"ISSUED_COMMON_SHARES":1184000000,"HK_COMMON_SHARES":1184000000,"PER_SHARES":500,"TOTAL_MARKET_CAP":710400000,"HKSK_MARKET_CAP":710400000,"PE_TTM":-25.29997782685,"PB_TTM":0.302765261708,"REPORT_DATE_SQ":"2023-06-30 00:00:00","REPORT_TYPE_SQ":"2023年中报","OPERATE_INCOME_SQ":1555837000,"DPS_HKD":0.0296,"OPERATE_INCOME_QOQ_SQ":-2.074372191241,"NET_PROFIT_RATIO_SQ":8.2558134303,"HOLDER_PROFIT_SQ":128714000,"HOLDER_PROFIT_QOQ_SQ":-183.682507690676,"ROE_AVG_SQ":5.794116078139,"PE_TTM_SQ":-7.227754035605,"PB_TTM_SQ":0.269689409511,"ROA_SQ":3.084921873324,"START_DATE":"2024-01-01 00:00:00","FISCAL_YEAR":"12-31","CURRENCY":"HKD","IS_CNY_CODE":0,"DPS_HKD_LY":0.0296,"ORG_TYPE":"一般企业","PREMIUM_INCOME":null,"PREMIUM_INCOME_YOY":null,"NET_INTEREST_INCOME":null,"NET_INTEREST_INCOME_YOY":null,"FEE_COMMISSION_INCOME":null,"FEE_COMMISSION_INCOME_YOY":null,"ACCOUNTS_RECE_TDAYS":1.230883759682,"INVENTORY_TDAYS":1.708817823856,"CURRENT_ASSETS_TDAYS":0.474500457314,"TOTAL_ASSETS_TDAYS":0.351667725007,"PREMIUM_EXPENSE":null,"LOAN_DEPOSIT":null,"LOAN_EQUITY":null,"LOAN_ASSETS":null,"DEPOSIT_EQUITY":null,"DEPOSIT_ASSETS":null,"EQUITY_MULTIPLIER":1.890363605972,"EQUITY_RATIO":0.907850012631},{"SECUCODE":"06677.HK","SECURITY_CODE":"06677","SECURITY_NAME_ABBR":"远洋服务","ORG_CODE":"10000127721","STD_REPORT_DATE":"2023-12-31 00:00:00","REPORT_DATE":"2023-12-31 00:00:00","DATE_TYPE_CODE":"001","REPORT_TYPE":"2023年年报","PER_NETCASH_OPERATE":-0.093853040541,"PER_OI":2.646291385135,"BPS":1.772970439189,"BASIC_EPS":0.036,"DILUTED_EPS":0.036,"OPERATE_INCOME":3133209000,"OPERATE_INCOME_YOY":-5.9134822121,"GROSS_PROFIT":597739000,"GROSS_PROFIT_YOY":-22.641309201033,"HOLDER_PROFIT":42148000,"HOLDER_PROFIT_YOY":-44.3554029969,"GROSS_PROFIT_RATIO":19.077533608515,"EPS_TTM":0.035597972973,"OPERATE_INCOME_QOQ":-2.150667926267,"NET_PROFIT_RATIO":1.2766783193,"ROE_AVG":1.935012183351,"GROSS_PROFIT_QOQ":-9.66329594864,"ROA":1.037456032176,"HOLDER_PROFIT_QOQ":166.784978608778,"ROE_YEARLY":1.935012183351,"ROIC_YEARLY":1.220902082338,"TOTAL_ASSETS":4039180000,"TOTAL_LIABILITIES":1893470000,"TAX_EBT":37.198166232298,"OCF_SALES":-3.546587540123,"TOTAL_PARENT_EQUITY":2099197000,"DEBT_ASSET_RATIO":46.8775840641,"OPERATE_PROFIT":73223000,"PRETAX_PROFIT":63694000,"NETCASH_OPERATE":-111122000,"NETCASH_INVEST":506793000,"NETCASH_FINANCE":-210462000,"END_CASH":651542000,"DIVI_RATIO":0.7560153501,"DIVIDEND_RATE":4.698412698413,"CURRENT_RATIO":1.633233775174,"COMMON_ACS":10000000000,"CURRENTDEBT_DEBT":96.281166324262,"ISSUED_COMMON_SHARES":1184000000,"HK_COMMON_SHARES":1184000000,"PER_SHARES":500,"TOTAL_MARKET_CAP":745920000,"HKSK_MARKET_CAP":745920000,"PE_TTM":-26.564976718193,"PB_TTM":0.317903524794,"REPORT_DATE_SQ":"2022-12-31 00:00:00","REPORT_TYPE_SQ":"2022年年报","OPERATE_INCOME_SQ":3330136000,"DPS_HKD":0.0296,"OPERATE_INCOME_QOQ_SQ":2.787249987112,"NET_PROFIT_RATIO_SQ":2.4096418703,"HOLDER_PROFIT_SQ":75745000,"HOLDER_PROFIT_QOQ_SQ":-83.031306672187,"ROE_AVG_SQ":3.272665888742,"PE_TTM_SQ":-9.503158083851,"PB_TTM_SQ":0.354591631023,"ROA_SQ":1.905786194927,"START_DATE":"2023-01-01 00:00:00","FISCAL_YEAR":"12-31","CURRENCY":"HKD","IS_CNY_CODE":0,"DPS_HKD_LY":0.141,"ORG_TYPE":"一般企业","PREMIUM_INCOME":null,"PREMIUM_INCOME_YOY":null,"NET_INTEREST_INCOME":null,"NET_INTEREST_INCOME_YOY":null,"FEE_COMMISSION_INCOME":null,"FEE_COMMISSION_INCOME_YOY":null,"ACCOUNTS_RECE_TDAYS":2.731928339839,"INVENTORY_TDAYS":5.629136426305,"CURRENT_ASSETS_TDAYS":1.047887225023,"TOTAL_ASSETS_TDAYS":0.771226766897,"PREMIUM_EXPENSE":null,"LOAN_DEPOSIT":null,"LOAN_EQUITY":null,"LOAN_ASSETS":null,"DEPOSIT_EQUITY":null,"DEPOSIT_ASSETS":null,"EQUITY_MULTIPLIER":1.882444505549,"EQUITY_RATIO":0.901997287534},{"SECUCODE":"06677.HK","SECURITY_CODE":"06677","SECURITY_NAME_ABBR":"远洋服务","ORG_CODE":"10000127721","STD_REPORT_DATE":"2023-06-30 00:00:00","REPORT_DATE":"2023-06-30 00:00:00","DATE_TYPE_CODE":"002","REPORT_TYPE":"2023年中报","PER_NETCASH_OPERATE":-0.15040625,"PER_OI":1.31405152027,"BPS":1.846083614865,"BASIC_EPS":0.11,"DILUTED_EPS":0.11,"OPERATE_INCOME":1555837000,"OPERATE_INCOME_YOY":-4.1775807478,"GROSS_PROFIT":321494000,"GROSS_PROFIT_YOY":-25.104366625044,"HOLDER_PROFIT":128714000,"HOLDER_PROFIT_YOY":-51.8358030235,"GROSS_PROFIT_RATIO":20.663732768921,"EPS_TTM":-0.053302364865,"OPERATE_INCOME_QOQ":-2.074372191241,"NET_PROFIT_RATIO":8.2558134303,"ROE_AVG":5.794116078139,"GROSS_PROFIT_QOQ":-14.005232369993,"ROA":3.084921873324,"HOLDER_PROFIT_QOQ":-183.682507690676,"ROE_YEARLY":11.588232156277,"ROIC_YEARLY":7.204137422864,"TOTAL_ASSETS":4258637000,"TOTAL_LIABILITIES":2022041000,"TAX_EBT":17.704909630256,"OCF_SALES":-11.445993378484,"TOTAL_PARENT_EQUITY":2185763000,"DEBT_ASSET_RATIO":47.4809428463,"OPERATE_PROFIT":155334000,"PRETAX_PROFIT":156081000,"NETCASH_OPERATE":-178081000,"NETCASH_INVEST":542282000,"NETCASH_FINANCE":-206186000,"END_CASH":624411000,"DIVI_RATIO":-0.504904689843,"DIVIDEND_RATE":4.698412698413,"CURRENT_RATIO":1.635986050865,"COMMON_ACS":10000000000,"CURRENTDEBT_DEBT":96.065608956495,"ISSUED_COMMON_SHARES":1184000000,"HK_COMMON_SHARES":1184000000,"PER_SHARES":500,"TOTAL_MARKET_CAP":745920000,"HKSK_MARKET_CAP":745920000,"PE_TTM":-26.564976718193,"PB_TTM":0.317903524794,"REPORT_DATE_SQ":"2022-06-30 00:00:00","REPORT_TYPE_SQ":"2022年中报","OPERATE_INCOME_SQ":1623667000,"DPS_HKD":0.0296,"OPERATE_INCOME_QOQ_SQ":7.272726659628,"NET_PROFIT_RATIO_SQ":16.8384493194,"HOLDER_PROFIT_SQ":267240000,"HOLDER_PROFIT_QOQ_SQ":1.235023461346,"ROE_AVG_SQ":10.752789604585,"PE_TTM_SQ":-9.503158083851,"PB_TTM_SQ":0.354591631023,"ROA_SQ":6.629189579318,"START_DATE":"2023-01-01 00:00:00","FISCAL_YEAR":"12-31","CURRENCY":"HKD","IS_CNY_CODE":0,"DPS_HKD_LY":0.141,"ORG_TYPE":"一般企业","PREMIUM_INCOME":null,"PREMIUM_INCOME_YOY":null,"NET_INTEREST_INCOME":null,"NET_INTEREST_INCOME_YOY":null,"FEE_COMMISSION_INCOME":null,"FEE_COMMISSION_INCOME_YOY":null,"ACCOUNTS_RECE_TDAYS":1.254773538441,"INVENTORY_TDAYS":5.416113066142,"CURRENT_ASSETS_TDAYS":0.503470051962,"TOTAL_ASSETS_TDAYS":0.372891495302,"PREMIUM_EXPENSE":null,"LOAN_DEPOSIT":null,"LOAN_EQUITY":null,"LOAN_ASSETS":null,"DEPOSIT_EQUITY":null,"DEPOSIT_ASSETS":null,"EQUITY_MULTIPLIER":1.904070739643,"EQUITY_RATIO":0.925096179229},{"SECUCODE":"06677.HK","SECURITY_CODE":"06677","SECURITY_NAME_ABBR":"远洋服务","ORG_CODE":"10000127721","STD_REPORT_DATE":"2022-12-31 00:00:00","REPORT_DATE":"2022-12-31 00:00:00","DATE_TYPE_CODE":"001","REPORT_TYPE":"2022年年报","PER_NETCASH_OPERATE":-0.036798986486,"PER_OI":2.812614864865,"BPS":1.863647804054,"BASIC_EPS":0.064,"DILUTED_EPS":0.064,"OPERATE_INCOME":3330136000,"OPERATE_INCOME_YOY":10.2626857196,"GROSS_PROFIT":772685000,"GROSS_PROFIT_YOY":-6.322476616535,"HOLDER_PROFIT":75745000,"HOLDER_PROFIT_YOY":-82.8217393285,"GROSS_PROFIT_RATIO":23.530989432415,"EPS_TTM":0.063695945946,"OPERATE_INCOME_QOQ":2.787249987112,"NET_PROFIT_RATIO":2.4096418703,"ROE_AVG":3.272665888742,"GROSS_PROFIT_QOQ":-5.255141180049,"ROA":1.905786194927,"HOLDER_PROFIT_QOQ":-83.031306672187,"ROE_YEARLY":3.272665888742,"ROIC_YEARLY":3.120717811442,"TOTAL_ASSETS":4260387000,"TOTAL_LIABILITIES":1952129000,"TAX_EBT":25.59176188461,"OCF_SALES":-1.332454612596,"TOTAL_PARENT_EQUITY":2257158000,"DEBT_ASSET_RATIO":44.7475575613,"OPERATE_PROFIT":68370000,"PRETAX_PROFIT":106335000,"NETCASH_OPERATE":-1030000,"NETCASH_INVEST":-1749723000,"NETCASH_FINANCE":-291994000,"END_CASH":472540000,"DIVI_RATIO":0.422516905909,"DIVIDEND_RATE":4.698412698413,"CURRENT_RATIO":1.729230317358,"COMMON_ACS":10000000000,"CURRENTDEBT_DEBT":95.284328033649,"ISSUED_COMMON_SHARES":1184000000,"HK_COMMON_SHARES":1184000000,"PER_SHARES":500,"TOTAL_MARKET_CAP":745920000,"HKSK_MARKET_CAP":745920000,"PE_TTM":-26.564976718193,"PB_TTM":0.317903524794,"REPORT_DATE_SQ":"2021-12-31 00:00:00","REPORT_TYPE_SQ":"2021年年报","OPERATE_INCOME_SQ":2965559000,"DPS_HKD":0.0296,"OPERATE_INCOME_QOQ_SQ":18.422179148368,"NET_PROFIT_RATIO_SQ":14.8791846664,"HOLDER_PROFIT_SQ":439020000,"HOLDER_PROFIT_QOQ_SQ":19.240912708221,"ROE_AVG_SQ":19.817336716421,"PE_TTM_SQ":-9.503158083851,"PB_TTM_SQ":0.354591631023,"ROA_SQ":12.687126592104,"START_DATE":"2022-01-01 00:00:00","FISCAL_YEAR":"12-31","CURRENCY":"HKD","IS_CNY_CODE":0,"DPS_HKD_LY":0.27,"ORG_TYPE":"一般企业","PREMIUM_INCOME":null,"PREMIUM_INCOME_YOY":null,"NET_INTEREST_INCOME":null,"NET_INTEREST_INCOME_YOY":null,"FEE_COMMISSION_INCOME":null,"FEE_COMMISSION_INCOME_YOY":null,"ACCOUNTS_RECE_TDAYS":3.93066959704,"INVENTORY_TDAYS":11.747761292202,"CURRENT_ASSETS_TDAYS":1.014057352036,"TOTAL_ASSETS_TDAYS":0.826315345248,"PREMIUM_EXPENSE":null,"LOAN_DEPOSIT":null,"LOAN_EQUITY":null,"LOAN_ASSETS":null,"DEPOSIT_EQUITY":null,"DEPOSIT_ASSETS":null,"EQUITY_MULTIPLIER":1.809874741935,"EQUITY_RATIO":0.864861476246},{"SECUCODE":"06677.HK","SECURITY_CODE":"06677","SECURITY_NAME_ABBR":"远洋服务","ORG_CODE":"10000127721","STD_REPORT_DATE":"2022-06-30 00:00:00","REPORT_DATE":"2022-06-30 00:00:00","DATE_TYPE_CODE":"002","REPORT_TYPE":"2022年中报","PER_NETCASH_OPERATE":0.064021959459,"PER_OI":1.371340371622,"BPS":2.161236486486,"BASIC_EPS":0.23,"DILUTED_EPS":0.23,"OPERATE_INCOME":1623667000,"OPERATE_INCOME_YOY":15.5768340482,"GROSS_PROFIT":429256000,"GROSS_PROFIT_YOY":-2.718186968839,"HOLDER_PROFIT":267240000,"HOLDER_PROFIT_YOY":2.0749222191,"GROSS_PROFIT_RATIO":26.778722197018,"EPS_TTM":0.375373310811,"OPERATE_INCOME_QOQ":7.272726659628,"NET_PROFIT_RATIO":16.8384493194,"ROE_AVG":10.752789604585,"GROSS_PROFIT_QOQ":-1.541641661666,"ROA":6.629189579318,"HOLDER_PROFIT_QOQ":1.235023461346,"ROE_YEARLY":21.505579209169,"ROIC_YEARLY":35.96115947246,"TOTAL_ASSETS":4218884000,"TOTAL_LIABILITIES":1611918000,"TAX_EBT":17.713200623013,"OCF_SALES":4.736801980656,"TOTAL_PARENT_EQUITY":2558904000,"DEBT_ASSET_RATIO":38.2072130924,"OPERATE_PROFIT":308551000,"PRETAX_PROFIT":328083000,"NETCASH_OPERATE":75805000,"NETCASH_INVEST":-2340000,"NETCASH_FINANCE":-120935000,"END_CASH":2474191000,"DIVI_RATIO":0.071695598022,"DIVIDEND_RATE":4.698412698413,"CURRENT_RATIO":2.459921304031,"COMMON_ACS":10000000000,"CURRENTDEBT_DEBT":96.616949497431,"ISSUED_COMMON_SHARES":1184000000,"HK_COMMON_SHARES":1184000000,"PER_SHARES":500,"TOTAL_MARKET_CAP":745920000,"HKSK_MARKET_CAP":745920000,"PE_TTM":-26.564976718193,"PB_TTM":0.317903524794,"REPORT_DATE_SQ":"2021-06-30 00:00:00","REPORT_TYPE_SQ":"2021年中报","OPERATE_INCOME_SQ":1384601000,"DPS_HKD":0.0296,"OPERATE_INCOME_QOQ_SQ":23.768224387751,"NET_PROFIT_RATIO_SQ":19.0322699464,"HOLDER_PROFIT_SQ":261311000,"HOLDER_PROFIT_QOQ_SQ":42.907768384608,"ROE_AVG_SQ":12.288438373583,"PE_TTM_SQ":-9.503158083851,"PB_TTM_SQ":0.354591631023,"ROA_SQ":7.913987391456,"START_DATE":"2022-01-01 00:00:00","FISCAL_YEAR":"12-31","CURRENCY":"HKD","IS_CNY_CODE":0,"DPS_HKD_LY":0.27,"ORG_TYPE":"一般企业","PREMIUM_INCOME":null,"PREMIUM_INCOME_YOY":null,"NET_INTEREST_INCOME":null,"NET_INTEREST_INCOME_YOY":null,"FEE_COMMISSION_INCOME":null,"FEE_COMMISSION_INCOME_YOY":null,"ACCOUNTS_RECE_TDAYS":2.222625741341,"INVENTORY_TDAYS":6.233244495513,"CURRENT_ASSETS_TDAYS":0.439780345893,"TOTAL_ASSETS_TDAYS":0.397721550825,"PREMIUM_EXPENSE":null,"LOAN_DEPOSIT":null,"LOAN_EQUITY":null,"LOAN_ASSETS":null,"DEPOSIT_EQUITY":null,"DEPOSIT_ASSETS":null,"EQUITY_MULTIPLIER":1.618311861375,"EQUITY_RATIO":0.629925155457},{"SECUCODE":"06677.HK","SECURITY_CODE":"06677","SECURITY_NAME_ABBR":"远洋服务","ORG_CODE":"10000127721","STD_REPORT_DATE":"2021-12-31 00:00:00","REPORT_DATE":"2021-12-31 00:00:00","DATE_TYPE_CODE":"001","REPORT_TYPE":"2021年年报","PER_NETCASH_OPERATE":0.430522804054,"PER_OI":2.504695101351,"BPS":2.028955236486,"BASIC_EPS":0.37,"DILUTED_EPS":0.37,"OPERATE_INCOME":2965559000,"OPERATE_INCOME_YOY":46.5690284132,"GROSS_PROFIT":824835000,"GROSS_PROFIT_YOY":61.320826675481,"HOLDER_PROFIT":439020000,"HOLDER_PROFIT_YOY":70.4045273528,"GROSS_PROFIT_RATIO":27.813811831092,"EPS_TTM":0.370793918919,"OPERATE_INCOME_QOQ":18.422179148368,"NET_PROFIT_RATIO":14.8791846664,"ROE_AVG":19.817336716421,"GROSS_PROFIT_QOQ":18.607058891198,"ROA":12.687126592104,"HOLDER_PROFIT_QOQ":19.240912708221,"ROE_YEARLY":19.817336716421,"ROIC_YEARLY":40.567362779523,"TOTAL_ASSETS":3828344000,"TOTAL_LIABILITIES":1394216000,"TAX_EBT":20.424629445616,"OCF_SALES":17.188631215902,"TOTAL_PARENT_EQUITY":2402283000,"DEBT_ASSET_RATIO":36.4182529052,"OPERATE_PROFIT":524562000,"PRETAX_PROFIT":554507000,"NETCASH_OPERATE":509739000,"NETCASH_INVEST":-56389000,"NETCASH_FINANCE":-92954000,"END_CASH":2526530000,"DIVI_RATIO":0.072581055478,"DIVIDEND_RATE":4.698412698413,"CURRENT_RATIO":2.574706658828,"COMMON_ACS":10000000000,"CURRENTDEBT_DEBT":96.013028110422,"ISSUED_COMMON_SHARES":1184000000,"HK_COMMON_SHARES":1184000000,"PER_SHARES":500,"TOTAL_MARKET_CAP":745920000,"HKSK_MARKET_CAP":745920000,"PE_TTM":-26.564976718193,"PB_TTM":0.317903524794,"REPORT_DATE_SQ":"2020-12-31 00:00:00","REPORT_TYPE_SQ":"2020年年报","OPERATE_INCOME_SQ":2023319000,"DPS_HKD":0.0296,"OPERATE_INCOME_QOQ_SQ":7.32495344062,"NET_PROFIT_RATIO_SQ":12.9765499163,"HOLDER_PROFIT_SQ":257634000,"HOLDER_PROFIT_QOQ_SQ":11.395327721064,"ROE_AVG_SQ":21.062975790994,"PE_TTM_SQ":-9.503158083851,"PB_TTM_SQ":0.354591631023,"ROA_SQ":7.107816393687,"START_DATE":"2021-01-01 00:00:00","FISCAL_YEAR":"12-31","CURRENCY":"HKD","IS_CNY_CODE":0,"DPS_HKD_LY":0.065612,"ORG_TYPE":"一般企业","PREMIUM_INCOME":null,"PREMIUM_INCOME_YOY":null,"NET_INTEREST_INCOME":null,"NET_INTEREST_INCOME_YOY":null,"FEE_COMMISSION_INCOME":null,"FEE_COMMISSION_INCOME_YOY":null,"ACCOUNTS_RECE_TDAYS":7.067914261983,"INVENTORY_TDAYS":14.314675939083,"CURRENT_ASSETS_TDAYS":0.960499806236,"TOTAL_ASSETS_TDAYS":0.857009303662,"PREMIUM_EXPENSE":null,"LOAN_DEPOSIT":null,"LOAN_EQUITY":null,"LOAN_ASSETS":null,"DEPOSIT_EQUITY":null,"DEPOSIT_ASSETS":null,"EQUITY_MULTIPLIER":1.572778424143,"EQUITY_RATIO":0.580371255177},{"SECUCODE":"06677.HK","SECURITY_CODE":"06677","SECURITY_NAME_ABBR":"远洋服务","ORG_CODE":"10000127721","STD_REPORT_DATE":"2021-06-30 00:00:00","REPORT_DATE":"2021-06-30 00:00:00","DATE_TYPE_CODE":"002","REPORT_TYPE":"2021年中报","PER_NETCASH_OPERATE":0.242884290541,"PER_OI":1.16942652027,"BPS":1.878863175676,"BASIC_EPS":0.22,"DILUTED_EPS":0.22,"OPERATE_INCOME":1384601000,"OPERATE_INCOME_YOY":53.2156902668,"GROSS_PROFIT":441250000,"GROSS_PROFIT_YOY":71.615146470854,"HOLDER_PROFIT":261311000,"HOLDER_PROFIT_YOY":73.322234456,"GROSS_PROFIT_RATIO":31.868386632683,"EPS_TTM":0.310961993243,"OPERATE_INCOME_QOQ":23.768224387751,"NET_PROFIT_RATIO":19.0322699464,"ROE_AVG":12.288438373583,"GROSS_PROFIT_QOQ":36.012837839159,"ROA":7.913987391456,"HOLDER_PROFIT_QOQ":42.907768384608,"ROE_YEARLY":24.576876747167,"ROIC_YEARLY":51.885794503772,"TOTAL_ASSETS":3511404000,"TOTAL_LIABILITIES":1261549000,"TAX_EBT":22.772523862414,"OCF_SALES":20.769521327805,"TOTAL_PARENT_EQUITY":2224574000,"DEBT_ASSET_RATIO":35.9271960731,"OPERATE_PROFIT":322560000,"PRETAX_PROFIT":341227000,"NETCASH_OPERATE":287575000,"NETCASH_INVEST":-1812000,"NETCASH_FINANCE":-85262000,"END_CASH":2366045000,"DIVI_RATIO":0.086546313005,"DIVIDEND_RATE":4.698412698413,"CURRENT_RATIO":2.612054256709,"COMMON_ACS":10000000000,"CURRENTDEBT_DEBT":97.236571865223,"ISSUED_COMMON_SHARES":1184000000,"HK_COMMON_SHARES":1184000000,"PER_SHARES":500,"TOTAL_MARKET_CAP":745920000,"HKSK_MARKET_CAP":745920000,"PE_TTM":-26.564976718193,"PB_TTM":0.317903524794,"REPORT_DATE_SQ":"2020-06-30 00:00:00","REPORT_TYPE_SQ":"2020年中报","OPERATE_INCOME_SQ":903694000,"DPS_HKD":0.0296,"OPERATE_INCOME_QOQ_SQ":3.04179932498,"NET_PROFIT_RATIO_SQ":17.0537814791,"HOLDER_PROFIT_SQ":150766000,"HOLDER_PROFIT_QOQ_SQ":11.997346298377,"ROE_AVG_SQ":38.814250719886,"PE_TTM_SQ":-9.503158083851,"PB_TTM_SQ":0.354591631023,"ROA_SQ":3.499532864844,"START_DATE":"2021-01-01 00:00:00","FISCAL_YEAR":"12-31","CURRENCY":"HKD","IS_CNY_CODE":0,"DPS_HKD_LY":0.065612,"ORG_TYPE":"一般企业","PREMIUM_INCOME":null,"PREMIUM_INCOME_YOY":null,"NET_INTEREST_INCOME":null,"NET_INTEREST_INCOME_YOY":null,"FEE_COMMISSION_INCOME":null,"FEE_COMMISSION_INCOME_YOY":null,"ACCOUNTS_RECE_TDAYS":3.367588865513,"INVENTORY_TDAYS":6.297024878345,"CURRENT_ASSETS_TDAYS":0.466774848048,"TOTAL_ASSETS_TDAYS":0.4193361495,"PREMIUM_EXPENSE":null,"LOAN_DEPOSIT":null,"LOAN_EQUITY":null,"LOAN_ASSETS":null,"DEPOSIT_EQUITY":null,"DEPOSIT_ASSETS":null,"EQUITY_MULTIPLIER":1.560724580028,"EQUITY_RATIO":0.56709689136},{"SECUCODE":"06677.HK","SECURITY_CODE":"06677","SECURITY_NAME_ABBR":"远洋服务","ORG_CODE":"10000127721","STD_REPORT_DATE":"2020-12-31 00:00:00","REPORT_DATE":"2020-12-31 00:00:00","DATE_TYPE_CODE":"001","REPORT_TYPE":"2020年年报","PER_NETCASH_OPERATE":0.305194256757,"PER_OI":1.708884290541,"BPS":1.713161317568,"BASIC_EPS":0.29,"DILUTED_EPS":0.29,"OPERATE_INCOME":2023319000,"OPERATE_INCOME_YOY":10.5895631499,"GROSS_PROFIT":511301000,"GROSS_PROFIT_YOY":35.73918376124,"HOLDER_PROFIT":257634000,"HOLDER_PROFIT_YOY":24.759810948,"GROSS_PROFIT_RATIO":25.270409658586,"EPS_TTM":0.217596283784,"OPERATE_INCOME_QOQ":7.32495344062,"NET_PROFIT_RATIO":12.9765499163,"ROE_AVG":21.062975790994,"GROSS_PROFIT_QOQ":18.658853562311,"ROA":7.107816393687,"HOLDER_PROFIT_QOQ":11.395327721064,"ROE_YEARLY":21.062975790994,"ROIC_YEARLY":11.187778096952,"TOTAL_ASSETS":3092372000,"TOTAL_LIABILITIES":1041067000,"TAX_EBT":20.47751592376,"OCF_SALES":17.859269843263,"TOTAL_PARENT_EQUITY":2028383000,"DEBT_ASSET_RATIO":33.6656456597,"OPERATE_PROFIT":445492000,"PRETAX_PROFIT":330167000,"NETCASH_OPERATE":361350000,"NETCASH_INVEST":2823285000,"NETCASH_FINANCE":-1419674000,"END_CASH":2175019000,"DIVI_RATIO":0.123681404535,"DIVIDEND_RATE":4.698412698413,"CURRENT_RATIO":2.686532657874,"COMMON_ACS":10000000000,"CURRENTDEBT_DEBT":97.554240024898,"ISSUED_COMMON_SHARES":1184000000,"HK_COMMON_SHARES":1184000000,"PER_SHARES":500,"TOTAL_MARKET_CAP":745920000,"HKSK_MARKET_CAP":745920000,"PE_TTM":-26.564976718193,"PB_TTM":0.317903524794,"REPORT_DATE_SQ":"2019-12-31 00:00:00","REPORT_TYPE_SQ":"2019年年报","OPERATE_INCOME_SQ":1829575000,"DPS_HKD":0.0296,"OPERATE_INCOME_QOQ_SQ":13.616392878634,"NET_PROFIT_RATIO_SQ":11.2198734679,"HOLDER_PROFIT_SQ":206504000,"HOLDER_PROFIT_QOQ_SQ":50.564697819224,"ROE_AVG_SQ":44.946891868362,"PE_TTM_SQ":-9.503158083851,"PB_TTM_SQ":0.354591631023,"ROA_SQ":4.861219577506,"START_DATE":"2020-01-01 00:00:00","FISCAL_YEAR":"12-31","CURRENCY":"HKD","IS_CNY_CODE":0,"DPS_HKD_LY":null,"ORG_TYPE":"一般企业","PREMIUM_INCOME":null,"PREMIUM_INCOME_YOY":null,"NET_INTEREST_INCOME":null,"NET_INTEREST_INCOME_YOY":null,"FEE_COMMISSION_INCOME":null,"FEE_COMMISSION_INCOME_YOY":null,"ACCOUNTS_RECE_TDAYS":5.958570463049,"INVENTORY_TDAYS":11.734213906275,"CURRENT_ASSETS_TDAYS":1.075481817496,"TOTAL_ASSETS_TDAYS":0.55820970671,"PREMIUM_EXPENSE":null,"LOAN_DEPOSIT":null,"LOAN_EQUITY":null,"LOAN_ASSETS":null,"DEPOSIT_EQUITY":null,"DEPOSIT_ASSETS":null,"EQUITY_MULTIPLIER":1.507514484682,"EQUITY_RATIO":0.513249716646},{"SECUCODE":"06677.HK","SECURITY_CODE":"06677","SECURITY_NAME_ABBR":"远洋服务","ORG_CODE":"10000127721","STD_REPORT_DATE":"2020-06-30 00:00:00","REPORT_DATE":"2020-06-30 00:00:00","DATE_TYPE_CODE":"002","REPORT_TYPE":"2020年中报","PER_NETCASH_OPERATE":667.105530666667,"PER_OI":9171.89163733333,"BPS":0.303142736486,"BASIC_EPS":0.17,"DILUTED_EPS":0.17,"OPERATE_INCOME":903694000,"OPERATE_INCOME_YOY":6.562410824,"GROSS_PROFIT":257116000,"GROSS_PROFIT_YOY":26.723674807166,"HOLDER_PROFIT":150766000,"HOLDER_PROFIT_YOY":19.6641029915,"GROSS_PROFIT_RATIO":28.451666161333,"EPS_TTM":2347.327664,"OPERATE_INCOME_QOQ":3.04179932498,"NET_PROFIT_RATIO":17.0537814791,"ROE_AVG":38.814250719886,"GROSS_PROFIT_QOQ":14.394484428386,"ROA":3.499532864844,"HOLDER_PROFIT_QOQ":11.997346298377,"ROE_YEARLY":77.628501439772,"ROIC_YEARLY":8.12341867765,"TOTAL_ASSETS":4459407000,"TOTAL_LIABILITIES":4079139000,"TAX_EBT":22.059939110118,"OCF_SALES":7.273369082898,"TOTAL_PARENT_EQUITY":358921000,"DEBT_ASSET_RATIO":91.4726778695,"OPERATE_PROFIT":276137000,"PRETAX_PROFIT":197734000,"NETCASH_OPERATE":65729000,"NETCASH_INVEST":300540000,"NETCASH_FINANCE":-64296000,"END_CASH":725491000,"DIVI_RATIO":0.000011465214,"DIVIDEND_RATE":4.698412698413,"CURRENT_RATIO":1.01211931789,"COMMON_ACS":10000000000,"CURRENTDEBT_DEBT":99.378226630669,"ISSUED_COMMON_SHARES":1184000000,"HK_COMMON_SHARES":1184000000,"PER_SHARES":500,"TOTAL_MARKET_CAP":745920000,"HKSK_MARKET_CAP":745920000,"PE_TTM":-26.564976718193,"PB_TTM":0.317903524794,"REPORT_DATE_SQ":"2019-06-30 00:00:00","REPORT_TYPE_SQ":"2019年中报","OPERATE_INCOME_SQ":848042000,"DPS_HKD":0.0296,"OPERATE_INCOME_QOQ_SQ":0,"NET_PROFIT_RATIO_SQ":14.4063619491,"HOLDER_PROFIT_SQ":125991000,"HOLDER_PROFIT_QOQ_SQ":0,"ROE_AVG_SQ":null,"PE_TTM_SQ":-9.503158083851,"PB_TTM_SQ":0.354591631023,"ROA_SQ":null,"START_DATE":"2020-01-01 00:00:00","FISCAL_YEAR":"12-31","CURRENCY":"HKD","IS_CNY_CODE":0,"DPS_HKD_LY":null,"ORG_TYPE":"一般企业","PREMIUM_INCOME":null,"PREMIUM_INCOME_YOY":null,"NET_INTEREST_INCOME":null,"NET_INTEREST_INCOME_YOY":null,"FEE_COMMISSION_INCOME":null,"FEE_COMMISSION_INCOME_YOY":null,"ACCOUNTS_RECE_TDAYS":2.169486073017,"INVENTORY_TDAYS":4.820154986749,"CURRENT_ASSETS_TDAYS":0.351831985388,"TOTAL_ASSETS_TDAYS":0.209762602494,"PREMIUM_EXPENSE":null,"LOAN_DEPOSIT":null,"LOAN_EQUITY":null,"LOAN_ASSETS":null,"DEPOSIT_EQUITY":null,"DEPOSIT_ASSETS":null,"EQUITY_MULTIPLIER":11.72701095017,"EQUITY_RATIO":11.365005112546}],"count":13},"success":true,"message":"ok","code":0}