{"version":"77279cdb9b0be0e57ef3178ea1349cd6","result":{"pages":3,"data":[{"SECUCODE":"06680.HK","SECURITY_CODE":"06680","SECURITY_NAME_ABBR":"金力永磁","ORG_CODE":"10323897","STD_REPORT_DATE":"2024-09-30 00:00:00","REPORT_DATE":"2024-09-30 00:00:00","DATE_TYPE_CODE":"004","REPORT_TYPE":"2024年三季报","PER_NETCASH_OPERATE":0.153930542342,"PER_OI":3.72728767623,"BPS":4.912515064909,"BASIC_EPS":0.15,"DILUTED_EPS":0.15,"OPERATE_INCOME":5014084259.25,"OPERATE_INCOME_YOY":-0.7190164227,"GROSS_PROFIT":502904668.52,"GROSS_PROFIT_YOY":-39.974352282394,"HOLDER_PROFIT":196883689.13,"HOLDER_PROFIT_YOY":-60.1664044889,"GROSS_PROFIT_RATIO":10.029840794802,"EPS_TTM":0.197966099294,"OPERATE_INCOME_QOQ":0.486221987876,"NET_PROFIT_RATIO":4.0001687792,"ROE_AVG":2.861244285264,"GROSS_PROFIT_QOQ":-10.508864880978,"ROA":1.719082209218,"HOLDER_PROFIT_QOQ":-24.077445517965,"ROE_YEARLY":3.814992380352,"ROIC_YEARLY":2.366718088394,"TOTAL_ASSETS":11079718676.2,"TOTAL_LIABILITIES":4315678517.42,"TAX_EBT":8.262403689071,"OCF_SALES":4.129827255455,"TOTAL_PARENT_EQUITY":6740618742.78,"DEBT_ASSET_RATIO":38.9511561037,"OPERATE_PROFIT":194388244.78,"PRETAX_PROFIT":218636460.04,"NETCASH_OPERATE":207073018.35,"NETCASH_INVEST":-615065290.14,"NETCASH_FINANCE":-128910143.19,"END_CASH":2622047289.46,"DIVI_RATIO":1.713349429558,"DIVIDEND_RATE":2.609355446927,"CURRENT_RATIO":2.331498978294,"COMMON_ACS":null,"CURRENTDEBT_DEBT":75.999938835361,"ISSUED_COMMON_SHARES":1372131923,"HK_COMMON_SHARES":227640800,"PER_SHARES":200,"TOTAL_MARKET_CAP":19648929137.36,"HKSK_MARKET_CAP":3259816256,"PE_TTM":65.123165967214,"PB_TTM":2.628721261792,"REPORT_DATE_SQ":"2023-09-30 00:00:00","REPORT_TYPE_SQ":"2023年三季报","OPERATE_INCOME_SQ":5050397446.3,"DPS_HKD":0.3736597,"OPERATE_INCOME_QOQ_SQ":-3.967334357368,"NET_PROFIT_RATIO_SQ":9.8405318376,"HOLDER_PROFIT_SQ":494265422.45,"HOLDER_PROFIT_QOQ_SQ":-10.715986427675,"ROE_AVG_SQ":7.130838513611,"PE_TTM_SQ":16.370447668969,"PB_TTM_SQ":1.201241586142,"ROA_SQ":4.370736666903,"START_DATE":"2024-01-01 00:00:00","FISCAL_YEAR":"12-31","CURRENCY":"HKD","IS_CNY_CODE":0,"DPS_HKD_LY":0.3736597,"ORG_TYPE":"一般企业","PREMIUM_INCOME":null,"PREMIUM_INCOME_YOY":null,"NET_INTEREST_INCOME":null,"NET_INTEREST_INCOME_YOY":null,"FEE_COMMISSION_INCOME":null,"FEE_COMMISSION_INCOME_YOY":null,"ACCOUNTS_RECE_TDAYS":2.142586032573,"INVENTORY_TDAYS":2.324677825455,"CURRENT_ASSETS_TDAYS":0.608380635272,"TOTAL_ASSETS_TDAYS":0.437802800409,"PREMIUM_EXPENSE":null,"LOAN_DEPOSIT":null,"LOAN_EQUITY":null,"LOAN_ASSETS":null,"DEPOSIT_EQUITY":null,"DEPOSIT_ASSETS":null,"EQUITY_MULTIPLIER":1.638032657422,"EQUITY_RATIO":0.640249609436},{"SECUCODE":"06680.HK","SECURITY_CODE":"06680","SECURITY_NAME_ABBR":"金力永磁","ORG_CODE":"10323897","STD_REPORT_DATE":"2024-06-30 00:00:00","REPORT_DATE":"2024-06-30 00:00:00","DATE_TYPE_CODE":"002","REPORT_TYPE":"2024年中报","PER_NETCASH_OPERATE":0.245875684439,"PER_OI":2.498840495897,"BPS":4.939567315934,"BASIC_EPS":0.09,"DILUTED_EPS":0.09,"OPERATE_INCOME":3361532000,"OPERATE_INCOME_YOY":-1.9970087725,"GROSS_PROFIT":291198000,"GROSS_PROFIT_YOY":-45.995537924857,"HOLDER_PROFIT":119677000,"HOLDER_PROFIT_YOY":-64.0180635773,"GROSS_PROFIT_RATIO":8.662657383598,"EPS_TTM":0.260747416423,"OPERATE_INCOME_QOQ":0.697369840955,"NET_PROFIT_RATIO":3.5919634262,"ROE_AVG":1.734547063595,"GROSS_PROFIT_QOQ":-15.418731724849,"ROA":1.031748707027,"HOLDER_PROFIT_QOQ":-28.000806304595,"ROE_YEARLY":3.469094127191,"ROIC_YEARLY":2.80243502771,"TOTAL_ASSETS":11372910000,"TOTAL_LIABILITIES":4580695000,"TAX_EBT":4.685033154405,"OCF_SALES":9.83959099601,"TOTAL_PARENT_EQUITY":6777738000,"DEBT_ASSET_RATIO":40.2772465446,"OPERATE_PROFIT":152303000,"PRETAX_PROFIT":126680000,"NETCASH_OPERATE":330761000,"NETCASH_INVEST":-506063000,"NETCASH_FINANCE":-46399000,"END_CASH":2930136000,"DIVI_RATIO":1.300818654124,"DIVIDEND_RATE":4.682452380952,"CURRENT_RATIO":2.113990974607,"COMMON_ACS":null,"CURRENTDEBT_DEBT":83.821581659552,"ISSUED_COMMON_SHARES":1372131923,"HK_COMMON_SHARES":227640800,"PER_SHARES":200,"TOTAL_MARKET_CAP":10949612745.54,"HKSK_MARKET_CAP":1816573584,"PE_TTM":36.290702822512,"PB_TTM":1.464887965719,"REPORT_DATE_SQ":"2023-06-30 00:00:00","REPORT_TYPE_SQ":"2023年中报","OPERATE_INCOME_SQ":3430030000,"DPS_HKD":0.3736597,"OPERATE_INCOME_QOQ_SQ":-0.214041920991,"NET_PROFIT_RATIO_SQ":9.7373783903,"HOLDER_PROFIT_SQ":332603000,"HOLDER_PROFIT_QOQ_SQ":-20.305726195587,"ROE_AVG_SQ":4.852227233908,"PE_TTM_SQ":23.854759738237,"PB_TTM_SQ":1.750430409995,"ROA_SQ":2.985039263547,"START_DATE":"2024-01-01 00:00:00","FISCAL_YEAR":"12-31","CURRENCY":"HKD","IS_CNY_CODE":0,"DPS_HKD_LY":0.3736597,"ORG_TYPE":"一般企业","PREMIUM_INCOME":null,"PREMIUM_INCOME_YOY":null,"NET_INTEREST_INCOME":null,"NET_INTEREST_INCOME_YOY":null,"FEE_COMMISSION_INCOME":null,"FEE_COMMISSION_INCOME_YOY":null,"ACCOUNTS_RECE_TDAYS":1.406147207968,"INVENTORY_TDAYS":1.588266316562,"CURRENT_ASSETS_TDAYS":0.39656682456,"TOTAL_ASSETS_TDAYS":0.289801406672,"PREMIUM_EXPENSE":null,"LOAN_DEPOSIT":null,"LOAN_EQUITY":null,"LOAN_ASSETS":null,"DEPOSIT_EQUITY":null,"DEPOSIT_ASSETS":null,"EQUITY_MULTIPLIER":1.674403710718,"EQUITY_RATIO":0.675844212332},{"SECUCODE":"06680.HK","SECURITY_CODE":"06680","SECURITY_NAME_ABBR":"金力永磁","ORG_CODE":"10323897","STD_REPORT_DATE":"2024-03-31 00:00:00","REPORT_DATE":"2024-03-31 00:00:00","DATE_TYPE_CODE":"003","REPORT_TYPE":"2024年一季报","PER_NETCASH_OPERATE":-0.457462229232,"PER_OI":1.142385487915,"BPS":5.197952370087,"BASIC_EPS":0.08,"DILUTED_EPS":0.08,"OPERATE_INCOME":1536247143.43,"OPERATE_INCOME_YOY":-6.9272192893,"GROSS_PROFIT":154223098.41,"GROSS_PROFIT_YOY":-38.677471305198,"HOLDER_PROFIT":101692621.31,"HOLDER_PROFIT_YOY":-42.9346430064,"GROSS_PROFIT_RATIO":10.038951028782,"EPS_TTM":0.36227860323,"OPERATE_INCOME_QOQ":-1.709660594623,"NET_PROFIT_RATIO":6.652144355,"ROE_AVG":1.436969661361,"GROSS_PROFIT_QOQ":-9.049214735781,"ROA":0.868043438136,"HOLDER_PROFIT_QOQ":-13.573195927571,"ROE_YEARLY":5.747878645444,"ROIC_YEARLY":4.699932494711,"TOTAL_ASSETS":11604351019.75,"TOTAL_LIABILITIES":4456129241.83,"TAX_EBT":10.874509175091,"OCF_SALES":-40.044471333986,"TOTAL_PARENT_EQUITY":7132276381.23,"DEBT_ASSET_RATIO":38.4005036925,"OPERATE_PROFIT":100054895.97,"PRETAX_PROFIT":114662344.84,"NETCASH_OPERATE":-615182046.97,"NETCASH_INVEST":-248411162.25,"NETCASH_FINANCE":55280366.64,"END_CASH":2347082156.47,"DIVI_RATIO":0.936254860965,"DIVIDEND_RATE":4.682452380952,"CURRENT_RATIO":2.416004240479,"COMMON_ACS":null,"CURRENTDEBT_DEBT":78.251330642017,"ISSUED_COMMON_SHARES":1372131923,"HK_COMMON_SHARES":227640800,"PER_SHARES":200,"TOTAL_MARKET_CAP":10949612745.54,"HKSK_MARKET_CAP":1816573584,"PE_TTM":36.290702822512,"PB_TTM":1.464887965719,"REPORT_DATE_SQ":"2023-03-31 00:00:00","REPORT_TYPE_SQ":"2023年一季报","OPERATE_INCOME_SQ":1650586918.86,"DPS_HKD":0.3736597,"OPERATE_INCOME_QOQ_SQ":1.980034463302,"NET_PROFIT_RATIO_SQ":10.834577574,"HOLDER_PROFIT_SQ":178203776.63,"HOLDER_PROFIT_QOQ_SQ":2.045655643266,"ROE_AVG_SQ":2.591795127492,"PE_TTM_SQ":23.854759738237,"PB_TTM_SQ":1.750430409995,"ROA_SQ":1.558555094634,"START_DATE":"2024-01-01 00:00:00","FISCAL_YEAR":"12-31","CURRENCY":"HKD","IS_CNY_CODE":0,"DPS_HKD_LY":0.3736597,"ORG_TYPE":"一般企业","PREMIUM_INCOME":null,"PREMIUM_INCOME_YOY":null,"NET_INTEREST_INCOME":null,"NET_INTEREST_INCOME_YOY":null,"FEE_COMMISSION_INCOME":null,"FEE_COMMISSION_INCOME_YOY":null,"ACCOUNTS_RECE_TDAYS":0.623123061703,"INVENTORY_TDAYS":0.600228684824,"CURRENT_ASSETS_TDAYS":0.178003912111,"TOTAL_ASSETS_TDAYS":0.131133334457,"PREMIUM_EXPENSE":null,"LOAN_DEPOSIT":null,"LOAN_EQUITY":null,"LOAN_ASSETS":null,"DEPOSIT_EQUITY":null,"DEPOSIT_ASSETS":null,"EQUITY_MULTIPLIER":1.623389897554,"EQUITY_RATIO":0.624783589929},{"SECUCODE":"06680.HK","SECURITY_CODE":"06680","SECURITY_NAME_ABBR":"金力永磁","ORG_CODE":"10323897","STD_REPORT_DATE":"2023-12-31 00:00:00","REPORT_DATE":"2023-12-31 00:00:00","DATE_TYPE_CODE":"001","REPORT_TYPE":"2023年年报","PER_NETCASH_OPERATE":1.128642523351,"PER_OI":4.973235466328,"BPS":5.117207669543,"BASIC_EPS":0.42,"DILUTED_EPS":0.42,"OPERATE_INCOME":6687864000,"OPERATE_INCOME_YOY":-6.6616963381,"GROSS_PROFIT":1074921000,"GROSS_PROFIT_YOY":-7.256684049048,"HOLDER_PROFIT":563693000,"HOLDER_PROFIT_YOY":-19.7803573995,"GROSS_PROFIT_RATIO":16.072710210614,"EPS_TTM":0.419173897633,"OPERATE_INCOME_QOQ":-4.48835306445,"NET_PROFIT_RATIO":8.4762339665,"ROE_AVG":8.165715822897,"GROSS_PROFIT_QOQ":4.541347820351,"ROA":4.891807444196,"HOLDER_PROFIT_QOQ":10.480436133236,"ROE_YEARLY":8.165715822897,"ROIC_YEARLY":6.844793799999,"TOTAL_ASSETS":11825956000,"TOTAL_LIABILITIES":4788804000,"TAX_EBT":8.116637356047,"OCF_SALES":22.694331104819,"TOTAL_PARENT_EQUITY":7021484000,"DEBT_ASSET_RATIO":40.4940116469,"OPERATE_PROFIT":668051000,"PRETAX_PROFIT":616955000,"NETCASH_OPERATE":1517766000,"NETCASH_INVEST":-942047000,"NETCASH_FINANCE":-815626000,"END_CASH":3156726000,"DIVI_RATIO":0.809175154305,"DIVIDEND_RATE":4.682452380952,"CURRENT_RATIO":2.218218063174,"COMMON_ACS":null,"CURRENTDEBT_DEBT":83.183546455441,"ISSUED_COMMON_SHARES":1372131923,"HK_COMMON_SHARES":227640800,"PER_SHARES":200,"TOTAL_MARKET_CAP":10949612745.54,"HKSK_MARKET_CAP":1816573584,"PE_TTM":36.290702822512,"PB_TTM":1.464887965719,"REPORT_DATE_SQ":"2022-12-31 00:00:00","REPORT_TYPE_SQ":"2022年年报","OPERATE_INCOME_SQ":7165187000,"DPS_HKD":0.3736597,"OPERATE_INCOME_QOQ_SQ":12.388640435018,"NET_PROFIT_RATIO_SQ":9.8334488688,"HOLDER_PROFIT_SQ":702687000,"HOLDER_PROFIT_QOQ_SQ":-10.886368819471,"ROE_AVG_SQ":14.413722725058,"PE_TTM_SQ":23.854759738237,"PB_TTM_SQ":1.750430409995,"ROA_SQ":8.13707737685,"START_DATE":"2023-01-01 00:00:00","FISCAL_YEAR":"12-31","CURRENCY":"HKD","IS_CNY_CODE":0,"DPS_HKD_LY":0.2847798,"ORG_TYPE":"一般企业","PREMIUM_INCOME":null,"PREMIUM_INCOME_YOY":null,"NET_INTEREST_INCOME":null,"NET_INTEREST_INCOME_YOY":null,"FEE_COMMISSION_INCOME":null,"FEE_COMMISSION_INCOME_YOY":null,"ACCOUNTS_RECE_TDAYS":2.580774421721,"INVENTORY_TDAYS":2.708739501597,"CURRENT_ASSETS_TDAYS":0.744617211596,"TOTAL_ASSETS_TDAYS":0.580382280798,"PREMIUM_EXPENSE":null,"LOAN_DEPOSIT":null,"LOAN_EQUITY":null,"LOAN_ASSETS":null,"DEPOSIT_EQUITY":null,"DEPOSIT_ASSETS":null,"EQUITY_MULTIPLIER":1.680503135359,"EQUITY_RATIO":0.682021635312},{"SECUCODE":"06680.HK","SECURITY_CODE":"06680","SECURITY_NAME_ABBR":"金力永磁","ORG_CODE":"10323897","STD_REPORT_DATE":"2023-09-30 00:00:00","REPORT_DATE":"2023-09-30 00:00:00","DATE_TYPE_CODE":"004","REPORT_TYPE":"2023年三季报","PER_NETCASH_OPERATE":0.608552229195,"PER_OI":3.761821435278,"BPS":5.1583286547,"BASIC_EPS":0.37,"DILUTED_EPS":0.37,"OPERATE_INCOME":5050397446.3,"OPERATE_INCOME_YOY":-3.1273406384,"GROSS_PROFIT":837816312.93,"GROSS_PROFIT_YOY":-13.504004851283,"HOLDER_PROFIT":494265422.45,"HOLDER_PROFIT_YOY":-28.026517596,"GROSS_PROFIT_RATIO":16.589116437634,"EPS_TTM":0.380040500873,"OPERATE_INCOME_QOQ":-3.967334357368,"NET_PROFIT_RATIO":9.8405318376,"ROE_AVG":7.130838513611,"GROSS_PROFIT_QOQ":0.802388807901,"ROA":4.370736666903,"HOLDER_PROFIT_QOQ":-10.715986427675,"ROE_YEARLY":9.507784684815,"ROIC_YEARLY":6.483456902304,"TOTAL_ASSETS":11396576497.07,"TOTAL_LIABILITIES":4313566758.75,"TAX_EBT":7.167932110515,"OCF_SALES":16.177063150516,"TOTAL_PARENT_EQUITY":7077907416.44,"DEBT_ASSET_RATIO":37.849671433,"OPERATE_PROFIT":493297814.65,"PRETAX_PROFIT":535360226.19,"NETCASH_OPERATE":817005984.24,"NETCASH_INVEST":-397732235.4,"NETCASH_FINANCE":-632439062.02,"END_CASH":3186454175.49,"DIVI_RATIO":0.892497253632,"DIVIDEND_RATE":4.682452380952,"CURRENT_RATIO":2.469060074725,"COMMON_ACS":null,"CURRENTDEBT_DEBT":84.869082057997,"ISSUED_COMMON_SHARES":1372131923,"HK_COMMON_SHARES":227640800,"PER_SHARES":200,"TOTAL_MARKET_CAP":10949612745.54,"HKSK_MARKET_CAP":1816573584,"PE_TTM":36.290702822512,"PB_TTM":1.464887965719,"REPORT_DATE_SQ":"2022-09-30 00:00:00","REPORT_TYPE_SQ":"2022年三季报","OPERATE_INCOME_SQ":5213439457.1,"DPS_HKD":0.3736597,"OPERATE_INCOME_QOQ_SQ":14.355640675913,"NET_PROFIT_RATIO_SQ":13.1940255511,"HOLDER_PROFIT_SQ":686732677.01,"HOLDER_PROFIT_QOQ_SQ":13.178157006811,"ROE_AVG_SQ":14.160948750993,"PE_TTM_SQ":23.854759738237,"PB_TTM_SQ":1.750430409995,"ROA_SQ":8.180737014635,"START_DATE":"2023-01-01 00:00:00","FISCAL_YEAR":"12-31","CURRENCY":"HKD","IS_CNY_CODE":0,"DPS_HKD_LY":0.2847798,"ORG_TYPE":"一般企业","PREMIUM_INCOME":null,"PREMIUM_INCOME_YOY":null,"NET_INTEREST_INCOME":null,"NET_INTEREST_INCOME_YOY":null,"FEE_COMMISSION_INCOME":null,"FEE_COMMISSION_INCOME_YOY":null,"ACCOUNTS_RECE_TDAYS":1.903291457169,"INVENTORY_TDAYS":2.165472400582,"CURRENT_ASSETS_TDAYS":0.556030346684,"TOTAL_ASSETS_TDAYS":0.44660128543,"PREMIUM_EXPENSE":null,"LOAN_DEPOSIT":null,"LOAN_EQUITY":null,"LOAN_ASSETS":null,"DEPOSIT_EQUITY":null,"DEPOSIT_ASSETS":null,"EQUITY_MULTIPLIER":1.609001952294,"EQUITY_RATIO":0.609440969619},{"SECUCODE":"06680.HK","SECURITY_CODE":"06680","SECURITY_NAME_ABBR":"金力永磁","ORG_CODE":"10323897","STD_REPORT_DATE":"2023-06-30 00:00:00","REPORT_DATE":"2023-06-30 00:00:00","DATE_TYPE_CODE":"002","REPORT_TYPE":"2023年中报","PER_NETCASH_OPERATE":0.852130134275,"PER_OI":3.751260234696,"BPS":5.046484149178,"BASIC_EPS":0.25,"DILUTED_EPS":0.25,"OPERATE_INCOME":3430030000,"OPERATE_INCOME_YOY":3.8208461355,"GROSS_PROFIT":539211000,"GROSS_PROFIT_YOY":-20.493572673467,"HOLDER_PROFIT":332603000,"HOLDER_PROFIT_YOY":-28.292510451,"GROSS_PROFIT_RATIO":15.720299822451,"EPS_TTM":0.62497526842,"OPERATE_INCOME_QOQ":-0.214041920991,"NET_PROFIT_RATIO":9.7373783903,"ROE_AVG":4.852227233908,"GROSS_PROFIT_QOQ":-8.785619449768,"ROA":2.985039263547,"HOLDER_PROFIT_QOQ":-20.305726195587,"ROE_YEARLY":9.704454467816,"ROIC_YEARLY":8.678909533296,"TOTAL_ASSETS":11064211000,"TOTAL_LIABILITIES":4135955000,"TAX_EBT":7.642043961939,"OCF_SALES":22.715836304639,"TOTAL_PARENT_EQUITY":6924442000,"DEBT_ASSET_RATIO":37.381382188,"OPERATE_PROFIT":389372000,"PRETAX_PROFIT":361631000,"NETCASH_OPERATE":779160000,"NETCASH_INVEST":-225580000,"NETCASH_FINANCE":-411144000,"END_CASH":3548290000,"DIVI_RATIO":0.5427176409,"DIVIDEND_RATE":4.682452380952,"CURRENT_RATIO":2.512771090145,"COMMON_ACS":null,"CURRENTDEBT_DEBT":84.270065801006,"ISSUED_COMMON_SHARES":1372131923,"HK_COMMON_SHARES":227640800,"PER_SHARES":200,"TOTAL_MARKET_CAP":10949612745.54,"HKSK_MARKET_CAP":1816573584,"PE_TTM":36.290702822512,"PB_TTM":1.464887965719,"REPORT_DATE_SQ":"2022-06-30 00:00:00","REPORT_TYPE_SQ":"2022年中报","OPERATE_INCOME_SQ":3303797000,"DPS_HKD":0.3736597,"OPERATE_INCOME_QOQ_SQ":16.256978948405,"NET_PROFIT_RATIO_SQ":14.0426606114,"HOLDER_PROFIT_SQ":463833000,"HOLDER_PROFIT_QOQ_SQ":35.112947758904,"ROE_AVG_SQ":9.788716573822,"PE_TTM_SQ":23.854759738237,"PB_TTM_SQ":1.750430409995,"ROA_SQ":5.696981569955,"START_DATE":"2023-01-01 00:00:00","FISCAL_YEAR":"12-31","CURRENCY":"HKD","IS_CNY_CODE":0,"DPS_HKD_LY":0.2847798,"ORG_TYPE":"一般企业","PREMIUM_INCOME":null,"PREMIUM_INCOME_YOY":null,"NET_INTEREST_INCOME":null,"NET_INTEREST_INCOME_YOY":null,"FEE_COMMISSION_INCOME":null,"FEE_COMMISSION_INCOME_YOY":null,"ACCOUNTS_RECE_TDAYS":1.260554756844,"INVENTORY_TDAYS":1.61309022934,"CURRENT_ASSETS_TDAYS":0.383567057447,"TOTAL_ASSETS_TDAYS":0.307837699153,"PREMIUM_EXPENSE":null,"LOAN_DEPOSIT":null,"LOAN_EQUITY":null,"LOAN_ASSETS":null,"DEPOSIT_EQUITY":null,"DEPOSIT_ASSETS":null,"EQUITY_MULTIPLIER":1.596969136244,"EQUITY_RATIO":0.59729794834},{"SECUCODE":"06680.HK","SECURITY_CODE":"06680","SECURITY_NAME_ABBR":"金力永磁","ORG_CODE":"10323897","STD_REPORT_DATE":"2023-03-31 00:00:00","REPORT_DATE":"2023-03-31 00:00:00","DATE_TYPE_CODE":"003","REPORT_TYPE":"2023年一季报","PER_NETCASH_OPERATE":0.49771658573,"PER_OI":1.969777087155,"BPS":5.077156360256,"BASIC_EPS":0.13,"DILUTED_EPS":0.13,"OPERATE_INCOME":1650586918.86,"OPERATE_INCOME_YOY":9.4035844938,"GROSS_PROFIT":251495007.94,"GROSS_PROFIT_YOY":-13.940341578912,"HOLDER_PROFIT":178203776.63,"HOLDER_PROFIT_YOY":8.7741101608,"GROSS_PROFIT_RATIO":15.23670187049,"EPS_TTM":0.855726776628,"OPERATE_INCOME_QOQ":1.980034463302,"NET_PROFIT_RATIO":10.834577574,"ROE_AVG":2.591795127492,"GROSS_PROFIT_QOQ":-3.514869769324,"ROA":1.558555094634,"HOLDER_PROFIT_QOQ":2.045655643266,"ROE_YEARLY":10.367180509969,"ROIC_YEARLY":9.466837390954,"TOTAL_ASSETS":11647364692.27,"TOTAL_LIABILITIES":4677256556.47,"TAX_EBT":5.898484076448,"OCF_SALES":25.267660436086,"TOTAL_PARENT_EQUITY":6966528319.97,"DEBT_ASSET_RATIO":40.1572087768,"OPERATE_PROFIT":197523059.18,"PRETAX_PROFIT":190043824.9,"NETCASH_OPERATE":417064697.86,"NETCASH_INVEST":-96278102.47,"NETCASH_FINANCE":-46165642.62,"END_CASH":3663252232.84,"DIVI_RATIO":0.396370795635,"DIVIDEND_RATE":4.682452380952,"CURRENT_RATIO":2.17081204025,"COMMON_ACS":null,"CURRENTDEBT_DEBT":93.016834231849,"ISSUED_COMMON_SHARES":1372131923,"HK_COMMON_SHARES":227640800,"PER_SHARES":200,"TOTAL_MARKET_CAP":10949612745.54,"HKSK_MARKET_CAP":1816573584,"PE_TTM":36.290702822512,"PB_TTM":1.464887965719,"REPORT_DATE_SQ":"2022-03-31 00:00:00","REPORT_TYPE_SQ":"2022年一季报","OPERATE_INCOME_SQ":1508713746.9,"DPS_HKD":0.3736597,"OPERATE_INCOME_QOQ_SQ":17.533226932025,"NET_PROFIT_RATIO_SQ":10.8708214469,"HOLDER_PROFIT_SQ":163829220.36,"HOLDER_PROFIT_QOQ_SQ":13.774593452686,"ROE_AVG_SQ":3.495346817933,"PE_TTM_SQ":23.854759738237,"PB_TTM_SQ":1.750430409995,"ROA_SQ":2.08496864737,"START_DATE":"2023-01-01 00:00:00","FISCAL_YEAR":"12-31","CURRENCY":"HKD","IS_CNY_CODE":0,"DPS_HKD_LY":0.2847798,"ORG_TYPE":"一般企业","PREMIUM_INCOME":null,"PREMIUM_INCOME_YOY":null,"NET_INTEREST_INCOME":null,"NET_INTEREST_INCOME_YOY":null,"FEE_COMMISSION_INCOME":null,"FEE_COMMISSION_INCOME_YOY":null,"ACCOUNTS_RECE_TDAYS":0.579613664589,"INVENTORY_TDAYS":0.736570735002,"CURRENT_ASSETS_TDAYS":0.177756027449,"TOTAL_ASSETS_TDAYS":0.144358929994,"PREMIUM_EXPENSE":null,"LOAN_DEPOSIT":null,"LOAN_EQUITY":null,"LOAN_ASSETS":null,"DEPOSIT_EQUITY":null,"DEPOSIT_ASSETS":null,"EQUITY_MULTIPLIER":1.671045049136,"EQUITY_RATIO":0.67138987192},{"SECUCODE":"06680.HK","SECURITY_CODE":"06680","SECURITY_NAME_ABBR":"金力永磁","ORG_CODE":"10323897","STD_REPORT_DATE":"2022-12-31 00:00:00","REPORT_DATE":"2022-12-31 00:00:00","DATE_TYPE_CODE":"001","REPORT_TYPE":"2022年年报","PER_NETCASH_OPERATE":0.370095717103,"PER_OI":8.550789429211,"BPS":4.944750491021,"BASIC_EPS":0.53,"DILUTED_EPS":0.52,"OPERATE_INCOME":7165187000,"OPERATE_INCOME_YOY":75.6142293567,"GROSS_PROFIT":1159028000,"GROSS_PROFIT_YOY":26.678171987422,"HOLDER_PROFIT":702687000,"HOLDER_PROFIT_YOY":55.041877747,"GROSS_PROFIT_RATIO":16.175823464203,"EPS_TTM":0.838572471541,"OPERATE_INCOME_QOQ":12.388640435018,"NET_PROFIT_RATIO":9.8334488688,"ROE_AVG":14.413722725058,"GROSS_PROFIT_QOQ":-4.704504448981,"ROA":8.13707737685,"HOLDER_PROFIT_QOQ":-10.886368819471,"ROE_YEARLY":14.413722725058,"ROIC_YEARLY":11.143580563536,"TOTAL_ASSETS":11220454000,"TOTAL_LIABILITIES":4432680000,"TAX_EBT":8.10100496286,"OCF_SALES":4.328205251307,"TOTAL_PARENT_EQUITY":6784850000,"DEBT_ASSET_RATIO":39.5053533484,"OPERATE_PROFIT":836862000,"PRETAX_PROFIT":766695000,"NETCASH_OPERATE":310124000,"NETCASH_INVEST":-754333000,"NETCASH_FINANCE":2435892000,"END_CASH":3400384000,"DIVI_RATIO":0.404479177184,"DIVIDEND_RATE":4.682452380952,"CURRENT_RATIO":2.219972539066,"COMMON_ACS":null,"CURRENTDEBT_DEBT":92.749645812466,"ISSUED_COMMON_SHARES":1372131923,"HK_COMMON_SHARES":227640800,"PER_SHARES":200,"TOTAL_MARKET_CAP":10949612745.54,"HKSK_MARKET_CAP":1816573584,"PE_TTM":36.290702822512,"PB_TTM":1.464887965719,"REPORT_DATE_SQ":"2021-12-31 00:00:00","REPORT_TYPE_SQ":"2021年年报","OPERATE_INCOME_SQ":4080072000,"DPS_HKD":0.3736597,"OPERATE_INCOME_QOQ_SQ":16.87733338757,"NET_PROFIT_RATIO_SQ":11.1266173734,"HOLDER_PROFIT_SQ":453224000,"HOLDER_PROFIT_QOQ_SQ":6.692404571617,"ROE_AVG_SQ":19.997965892743,"PE_TTM_SQ":23.854759738237,"PB_TTM_SQ":1.750430409995,"ROA_SQ":9.468884703004,"START_DATE":"2022-01-01 00:00:00","FISCAL_YEAR":"12-31","CURRENCY":"HKD","IS_CNY_CODE":0,"DPS_HKD_LY":0.289808,"ORG_TYPE":"一般企业","PREMIUM_INCOME":null,"PREMIUM_INCOME_YOY":null,"NET_INTEREST_INCOME":null,"NET_INTEREST_INCOME_YOY":null,"FEE_COMMISSION_INCOME":null,"FEE_COMMISSION_INCOME_YOY":null,"ACCOUNTS_RECE_TDAYS":3.206860847131,"INVENTORY_TDAYS":3.690033701538,"CURRENT_ASSETS_TDAYS":1.046629830348,"TOTAL_ASSETS_TDAYS":0.829724771322,"PREMIUM_EXPENSE":null,"LOAN_DEPOSIT":null,"LOAN_EQUITY":null,"LOAN_ASSETS":null,"DEPOSIT_EQUITY":null,"DEPOSIT_ASSETS":null,"EQUITY_MULTIPLIER":1.653038831286,"EQUITY_RATIO":0.653320265002},{"SECUCODE":"06680.HK","SECURITY_CODE":"06680","SECURITY_NAME_ABBR":"金力永磁","ORG_CODE":"10323897","STD_REPORT_DATE":"2022-09-30 00:00:00","REPORT_DATE":"2022-09-30 00:00:00","DATE_TYPE_CODE":"004","REPORT_TYPE":"2022年三季报","PER_NETCASH_OPERATE":-0.493899959068,"PER_OI":6.232960953498,"BPS":4.907373786267,"BASIC_EPS":0.5218,"DILUTED_EPS":0.5218,"OPERATE_INCOME":5213439457.1,"OPERATE_INCOME_YOY":78.6559053775,"GROSS_PROFIT":968618618.11,"GROSS_PROFIT_YOY":45.152447618517,"HOLDER_PROFIT":686732677.01,"HOLDER_PROFIT_YOY":95.4123440174,"GROSS_PROFIT_RATIO":18.579262808756,"EPS_TTM":0.942731134308,"OPERATE_INCOME_QOQ":14.355640675913,"NET_PROFIT_RATIO":13.1940255511,"ROE_AVG":14.160948750993,"GROSS_PROFIT_QOQ":5.930041485507,"ROA":8.180737014635,"HOLDER_PROFIT_QOQ":13.178157006811,"ROE_YEARLY":18.881265001324,"ROIC_YEARLY":11.652598533469,"TOTAL_ASSETS":10738233316.69,"TOTAL_LIABILITIES":4002604425.97,"TAX_EBT":7.427613478721,"OCF_SALES":-7.924002135623,"TOTAL_PARENT_EQUITY":6733564230.23,"DEBT_ASSET_RATIO":37.2743290998,"OPERATE_PROFIT":583818159.06,"PRETAX_PROFIT":743053690.1,"NETCASH_OPERATE":-413113053.92,"NETCASH_INVEST":-632588927.81,"NETCASH_FINANCE":2793933430.54,"END_CASH":3165625131.4,"DIVI_RATIO":0.359789860496,"DIVIDEND_RATE":4.682452380952,"CURRENT_RATIO":2.362694817503,"COMMON_ACS":null,"CURRENTDEBT_DEBT":92.259466306743,"ISSUED_COMMON_SHARES":1372131923,"HK_COMMON_SHARES":227640800,"PER_SHARES":200,"TOTAL_MARKET_CAP":10949612745.54,"HKSK_MARKET_CAP":1816573584,"PE_TTM":36.290702822512,"PB_TTM":1.464887965719,"REPORT_DATE_SQ":"2021-09-30 00:00:00","REPORT_TYPE_SQ":"2021年三季报","OPERATE_INCOME_SQ":2918145608.5,"DPS_HKD":0.3736597,"OPERATE_INCOME_QOQ_SQ":11.189744899731,"NET_PROFIT_RATIO_SQ":11.9171665607,"HOLDER_PROFIT_SQ":351427480.42,"HOLDER_PROFIT_QOQ_SQ":13.821366944257,"ROE_AVG_SQ":15.186916211855,"PE_TTM_SQ":23.854759738237,"PB_TTM_SQ":1.750430409995,"ROA_SQ":7.375956200363,"START_DATE":"2022-01-01 00:00:00","FISCAL_YEAR":"12-31","CURRENCY":"HKD","IS_CNY_CODE":0,"DPS_HKD_LY":0.289808,"ORG_TYPE":"一般企业","PREMIUM_INCOME":null,"PREMIUM_INCOME_YOY":null,"NET_INTEREST_INCOME":null,"NET_INTEREST_INCOME_YOY":null,"FEE_COMMISSION_INCOME":null,"FEE_COMMISSION_INCOME_YOY":null,"ACCOUNTS_RECE_TDAYS":2.400908370668,"INVENTORY_TDAYS":2.624795620636,"CURRENT_ASSETS_TDAYS":0.784573097129,"TOTAL_ASSETS_TDAYS":0.621053556472,"PREMIUM_EXPENSE":null,"LOAN_DEPOSIT":null,"LOAN_EQUITY":null,"LOAN_ASSETS":null,"DEPOSIT_EQUITY":null,"DEPOSIT_ASSETS":null,"EQUITY_MULTIPLIER":1.594243609751,"EQUITY_RATIO":0.594425818053}],"count":21},"success":true,"message":"ok","code":0}