{"version":"18f5a942238746c939fc20156d574298","result":{"pages":2,"data":[{"SECUCODE":"06683.HK","SECURITY_CODE":"06683","SECURITY_NAME_ABBR":"巨星传奇","ORG_CODE":"10000264154","STD_REPORT_DATE":"2024-06-30 00:00:00","REPORT_DATE":"2024-06-30 00:00:00","DATE_TYPE_CODE":"002","REPORT_TYPE":"2024年中报","PER_NETCASH_OPERATE":-0.030400611516,"PER_OI":0.31985321691,"BPS":1.066499861195,"BASIC_EPS":0.03,"DILUTED_EPS":0.03,"OPERATE_INCOME":266546000,"OPERATE_INCOME_YOY":76.0681163633,"GROSS_PROFIT":133952000,"GROSS_PROFIT_YOY":44.483394634941,"HOLDER_PROFIT":24963000,"HOLDER_PROFIT_YOY":91.6250863591,"GROSS_PROFIT_RATIO":50.254740269972,"EPS_TTM":0.055740854407,"OPERATE_INCOME_QOQ":26.767670897904,"NET_PROFIT_RATIO":9.5480705019,"ROE_AVG":3.118229268485,"GROSS_PROFIT_QOQ":14.924384709752,"ROA":2.439273445749,"HOLDER_PROFIT_QOQ":34.582065768506,"ROE_YEARLY":6.236458536969,"ROIC_YEARLY":6.577306671567,"TOTAL_ASSETS":1144183000,"TOTAL_LIABILITIES":214545000,"TAX_EBT":30.836752996168,"OCF_SALES":-9.504550809241,"TOTAL_PARENT_EQUITY":916887000,"DEBT_ASSET_RATIO":18.7509340726,"OPERATE_PROFIT":34069000,"PRETAX_PROFIT":36797000,"NETCASH_OPERATE":-25334000,"NETCASH_INVEST":35774000,"NETCASH_FINANCE":202739000,"END_CASH":362679000,"DIVI_RATIO":null,"DIVIDEND_RATE":null,"CURRENT_RATIO":4.506438645176,"COMMON_ACS":5000000000,"CURRENTDEBT_DEBT":98.090377310121,"ISSUED_COMMON_SHARES":859716005,"HK_COMMON_SHARES":859716005,"PER_SHARES":500,"TOTAL_MARKET_CAP":3782750422,"HKSK_MARKET_CAP":3782750422,"PE_TTM":73.72529125037,"PB_TTM":3.765393832774,"REPORT_DATE_SQ":"2023-06-30 00:00:00","REPORT_TYPE_SQ":"2023年中报","OPERATE_INCOME_SQ":151388000,"DPS_HKD":null,"OPERATE_INCOME_QOQ_SQ":7.662200681666,"NET_PROFIT_RATIO_SQ":10.8529077602,"HOLDER_PROFIT_SQ":13027000,"HOLDER_PROFIT_QOQ_SQ":-2.45905711305,"ROE_AVG_SQ":6.082707451515,"PE_TTM_SQ":103.014886323561,"PB_TTM_SQ":31.578994768234,"ROA_SQ":2.353602220086,"START_DATE":"2024-01-01 00:00:00","FISCAL_YEAR":"12-31","CURRENCY":"HKD","IS_CNY_CODE":0,"DPS_HKD_LY":null,"ORG_TYPE":"一般企业","PREMIUM_INCOME":null,"PREMIUM_INCOME_YOY":null,"NET_INTEREST_INCOME":null,"NET_INTEREST_INCOME_YOY":null,"FEE_COMMISSION_INCOME":null,"FEE_COMMISSION_INCOME_YOY":null,"ACCOUNTS_RECE_TDAYS":0.822731243267,"INVENTORY_TDAYS":6.236782690499,"CURRENT_ASSETS_TDAYS":0.319011796612,"TOTAL_ASSETS_TDAYS":0.260456908172,"PREMIUM_EXPENSE":null,"LOAN_DEPOSIT":null,"LOAN_EQUITY":null,"LOAN_ASSETS":null,"DEPOSIT_EQUITY":null,"DEPOSIT_ASSETS":null,"EQUITY_MULTIPLIER":1.230783380197,"EQUITY_RATIO":0.233992847537},{"SECUCODE":"06683.HK","SECURITY_CODE":"06683","SECURITY_NAME_ABBR":"巨星传奇","ORG_CODE":"10000264154","STD_REPORT_DATE":"2023-12-31 00:00:00","REPORT_DATE":"2023-12-31 00:00:00","DATE_TYPE_CODE":"001","REPORT_TYPE":"2023年年报","PER_NETCASH_OPERATE":-0.148192857477,"PER_OI":0.536500444264,"BPS":0.795860488837,"BASIC_EPS":0.05,"DILUTED_EPS":0.04,"OPERATE_INCOME":430213000,"OPERATE_INCOME_YOY":25.0048669648,"GROSS_PROFIT":276333000,"GROSS_PROFIT_YOY":24.011793849965,"HOLDER_PROFIT":34515000,"HOLDER_PROFIT_YOY":-42.8455513421,"GROSS_PROFIT_RATIO":64.231671288408,"EPS_TTM":0.043042197316,"OPERATE_INCOME_QOQ":16.108407754361,"NET_PROFIT_RATIO":9.6256970384,"ROE_AVG":7.52160705024,"GROSS_PROFIT_QOQ":14.54122660123,"ROA":4.736390339493,"HOLDER_PROFIT_QOQ":-41.404658427271,"ROE_YEARLY":7.52160705024,"ROIC_YEARLY":6.157680508885,"TOTAL_ASSETS":902574000,"TOTAL_LIABILITIES":210985000,"TAX_EBT":38.061264171827,"OCF_SALES":-27.622131362837,"TOTAL_PARENT_EQUITY":684214000,"DEBT_ASSET_RATIO":23.375922639,"OPERATE_PROFIT":64517000,"PRETAX_PROFIT":66858000,"NETCASH_OPERATE":-118834000,"NETCASH_INVEST":-139665000,"NETCASH_FINANCE":218579000,"END_CASH":145823000,"DIVI_RATIO":null,"DIVIDEND_RATE":null,"CURRENT_RATIO":3.545924675682,"COMMON_ACS":5000000000,"CURRENTDEBT_DEBT":96.600232243998,"ISSUED_COMMON_SHARES":859716005,"HK_COMMON_SHARES":859716005,"PER_SHARES":500,"TOTAL_MARKET_CAP":3920304982.8,"HKSK_MARKET_CAP":3920304982.8,"PE_TTM":76.406210932201,"PB_TTM":3.902317244875,"REPORT_DATE_SQ":"2022-12-31 00:00:00","REPORT_TYPE_SQ":"2022年年报","OPERATE_INCOME_SQ":344157000,"DPS_HKD":null,"OPERATE_INCOME_QOQ_SQ":6.133506852357,"NET_PROFIT_RATIO_SQ":18.8570913856,"HOLDER_PROFIT_SQ":60389000,"HOLDER_PROFIT_QOQ_SQ":24.004599683772,"ROE_AVG_SQ":29.987362294948,"PE_TTM_SQ":103.633966169255,"PB_TTM_SQ":31.768772381024,"ROA_SQ":11.749095553694,"START_DATE":"2023-01-01 00:00:00","FISCAL_YEAR":"12-31","CURRENCY":"HKD","IS_CNY_CODE":0,"DPS_HKD_LY":null,"ORG_TYPE":"一般企业","PREMIUM_INCOME":null,"PREMIUM_INCOME_YOY":null,"NET_INTEREST_INCOME":null,"NET_INTEREST_INCOME_YOY":null,"FEE_COMMISSION_INCOME":null,"FEE_COMMISSION_INCOME_YOY":null,"ACCOUNTS_RECE_TDAYS":2.209268169937,"INVENTORY_TDAYS":6.241330358954,"CURRENT_ASSETS_TDAYS":0.75548796603,"TOTAL_ASSETS_TDAYS":0.590368447667,"PREMIUM_EXPENSE":null,"LOAN_DEPOSIT":null,"LOAN_EQUITY":null,"LOAN_ASSETS":null,"DEPOSIT_EQUITY":null,"DEPOSIT_ASSETS":null,"EQUITY_MULTIPLIER":1.305072810585,"EQUITY_RATIO":0.308361126782},{"SECUCODE":"06683.HK","SECURITY_CODE":"06683","SECURITY_NAME_ABBR":"巨星传奇","ORG_CODE":"10000264154","STD_REPORT_DATE":"2023-06-30 00:00:00","REPORT_DATE":"2023-06-30 00:00:00","DATE_TYPE_CODE":"002","REPORT_TYPE":"2023年中报","PER_NETCASH_OPERATE":-0.023309373962,"PER_OI":0.27884310591,"BPS":0.226571331541,"BASIC_EPS":0.02,"DILUTED_EPS":0.02,"OPERATE_INCOME":151388000,"OPERATE_INCOME_YOY":21.0929626134,"GROSS_PROFIT":92711000,"GROSS_PROFIT_YOY":24.801109211571,"HOLDER_PROFIT":13027000,"HOLDER_PROFIT_YOY":-10.2329106946,"GROSS_PROFIT_RATIO":61.240653156129,"EPS_TTM":0.108495880192,"OPERATE_INCOME_QOQ":7.662200681666,"NET_PROFIT_RATIO":10.8529077602,"ROE_AVG":6.082707451515,"GROSS_PROFIT_QOQ":8.268260721274,"ROA":2.353602220086,"HOLDER_PROFIT_QOQ":-2.45905711305,"ROE_YEARLY":12.16541490303,"ROIC_YEARLY":6.357859597064,"TOTAL_ASSETS":552119000,"TOTAL_LIABILITIES":353557000,"TAX_EBT":28.055348776109,"OCF_SALES":-8.359315137263,"TOTAL_PARENT_EQUITY":194787000,"DEBT_ASSET_RATIO":64.036376216,"OPERATE_PROFIT":22734000,"PRETAX_PROFIT":22837000,"NETCASH_OPERATE":-12655000,"NETCASH_INVEST":-3709000,"NETCASH_FINANCE":-68964000,"END_CASH":100423000,"DIVI_RATIO":null,"DIVIDEND_RATE":null,"CURRENT_RATIO":1.189842035662,"COMMON_ACS":5000000000,"CURRENTDEBT_DEBT":97.315284381302,"ISSUED_COMMON_SHARES":859716005,"HK_COMMON_SHARES":859716005,"PER_SHARES":500,"TOTAL_MARKET_CAP":3920304982.8,"HKSK_MARKET_CAP":3920304982.8,"PE_TTM":76.406210932201,"PB_TTM":3.902317244875,"REPORT_DATE_SQ":"2022-06-30 00:00:00","REPORT_TYPE_SQ":"2022年中报","OPERATE_INCOME_SQ":125018000,"DPS_HKD":null,"OPERATE_INCOME_QOQ_SQ":-11.243345331125,"NET_PROFIT_RATIO_SQ":13.0733174423,"HOLDER_PROFIT_SQ":14512000,"HOLDER_PROFIT_QOQ_SQ":11.569566313089,"ROE_AVG_SQ":8.174277949108,"PE_TTM_SQ":103.633966169255,"PB_TTM_SQ":31.768772381024,"ROA_SQ":2.980620421727,"START_DATE":"2023-01-01 00:00:00","FISCAL_YEAR":"12-31","CURRENCY":"HKD","IS_CNY_CODE":0,"DPS_HKD_LY":null,"ORG_TYPE":"一般企业","PREMIUM_INCOME":null,"PREMIUM_INCOME_YOY":null,"NET_INTEREST_INCOME":null,"NET_INTEREST_INCOME_YOY":null,"FEE_COMMISSION_INCOME":null,"FEE_COMMISSION_INCOME_YOY":null,"ACCOUNTS_RECE_TDAYS":2.023065307159,"INVENTORY_TDAYS":2.304990866773,"CURRENT_ASSETS_TDAYS":0.366742491963,"TOTAL_ASSETS_TDAYS":0.273514341671,"PREMIUM_EXPENSE":null,"LOAN_DEPOSIT":null,"LOAN_EQUITY":null,"LOAN_ASSETS":null,"DEPOSIT_EQUITY":null,"DEPOSIT_ASSETS":null,"EQUITY_MULTIPLIER":2.780587423576,"EQUITY_RATIO":1.81509546325},{"SECUCODE":"06683.HK","SECURITY_CODE":"06683","SECURITY_NAME_ABBR":"巨星传奇","ORG_CODE":"10000264154","STD_REPORT_DATE":"2022-12-31 00:00:00","REPORT_DATE":"2022-12-31 00:00:00","DATE_TYPE_CODE":"001","REPORT_TYPE":"2022年年报","PER_NETCASH_OPERATE":0.010071178158,"PER_OI":0.630767326895,"BPS":0.271650171268,"BASIC_EPS":0.08,"DILUTED_EPS":0.08,"OPERATE_INCOME":344157000,"OPERATE_INCOME_YOY":-5.7994498351,"GROSS_PROFIT":222828000,"GROSS_PROFIT_YOY":-2.002797055176,"HOLDER_PROFIT":60389000,"HOLDER_PROFIT_YOY":38.3513940755,"GROSS_PROFIT_RATIO":64.746031607667,"EPS_TTM":0.110680323526,"OPERATE_INCOME_QOQ":6.133506852357,"NET_PROFIT_RATIO":18.8570913856,"ROE_AVG":29.987362294948,"GROSS_PROFIT_QOQ":11.400074990626,"ROA":11.749095553694,"HOLDER_PROFIT_QOQ":24.004599683772,"ROE_YEARLY":29.987362294948,"ROIC_YEARLY":18.962553126016,"TOTAL_ASSETS":554865000,"TOTAL_LIABILITIES":320754000,"TAX_EBT":30.320599540467,"OCF_SALES":1.596655015008,"TOTAL_PARENT_EQUITY":233542000,"DEBT_ASSET_RATIO":57.8075748155,"OPERATE_PROFIT":92035000,"PRETAX_PROFIT":93138000,"NETCASH_OPERATE":5495000,"NETCASH_INVEST":-24863000,"NETCASH_FINANCE":-11387000,"END_CASH":182633000,"DIVI_RATIO":null,"DIVIDEND_RATE":null,"CURRENT_RATIO":1.340432726992,"COMMON_ACS":5000000000,"CURRENTDEBT_DEBT":96.801910498388,"ISSUED_COMMON_SHARES":859716005,"HK_COMMON_SHARES":859716005,"PER_SHARES":500,"TOTAL_MARKET_CAP":3808541902.15,"HKSK_MARKET_CAP":3808541902.15,"PE_TTM":74.227963690713,"PB_TTM":3.791066972543,"REPORT_DATE_SQ":"2021-12-31 00:00:00","REPORT_TYPE_SQ":"2021年年报","OPERATE_INCOME_SQ":365345000,"DPS_HKD":null,"OPERATE_INCOME_QOQ_SQ":17.412361327146,"NET_PROFIT_RATIO_SQ":11.7398623219,"HOLDER_PROFIT_SQ":43649000,"HOLDER_PROFIT_QOQ_SQ":118.146833924734,"ROE_AVG_SQ":28.386824049686,"PE_TTM_SQ":107.719893150839,"PB_TTM_SQ":33.021304625437,"ROA_SQ":10.922667494123,"START_DATE":"2022-01-01 00:00:00","FISCAL_YEAR":"12-31","CURRENCY":"HKD","IS_CNY_CODE":0,"DPS_HKD_LY":null,"ORG_TYPE":"一般企业","PREMIUM_INCOME":null,"PREMIUM_INCOME_YOY":null,"NET_INTEREST_INCOME":null,"NET_INTEREST_INCOME_YOY":null,"FEE_COMMISSION_INCOME":null,"FEE_COMMISSION_INCOME_YOY":null,"ACCOUNTS_RECE_TDAYS":6.006020732261,"INVENTORY_TDAYS":4.551145954462,"CURRENT_ASSETS_TDAYS":0.891170175991,"TOTAL_ASSETS_TDAYS":0.669581128761,"PREMIUM_EXPENSE":null,"LOAN_DEPOSIT":null,"LOAN_EQUITY":null,"LOAN_ASSETS":null,"DEPOSIT_EQUITY":null,"DEPOSIT_ASSETS":null,"EQUITY_MULTIPLIER":2.370093673514,"EQUITY_RATIO":1.373431759598},{"SECUCODE":"06683.HK","SECURITY_CODE":"06683","SECURITY_NAME_ABBR":"巨星传奇","ORG_CODE":"10000264154","STD_REPORT_DATE":"2022-06-30 00:00:00","REPORT_DATE":"2022-06-30 00:00:00","DATE_TYPE_CODE":"002","REPORT_TYPE":"2022年中报","PER_NETCASH_OPERATE":0.018738935263,"PER_OI":0.220801527684,"BPS":0.216169059223,"BASIC_EPS":0.03,"DILUTED_EPS":0.03,"OPERATE_INCOME":125018000,"OPERATE_INCOME_YOY":-24.7310274241,"GROSS_PROFIT":74287000,"GROSS_PROFIT_YOY":-26.91452520562,"HOLDER_PROFIT":14512000,"HOLDER_PROFIT_YOY":53.3713802579,"GROSS_PROFIT_RATIO":59.421043369755,"EPS_TTM":0.086010123316,"OPERATE_INCOME_QOQ":-11.243345331125,"NET_PROFIT_RATIO":13.0733174423,"ROE_AVG":8.174277949108,"GROSS_PROFIT_QOQ":-12.031295353194,"ROA":2.980620421727,"HOLDER_PROFIT_QOQ":11.569566313089,"ROE_YEARLY":16.348555898216,"ROIC_YEARLY":10.455839891349,"TOTAL_ASSETS":500645000,"TOTAL_LIABILITIES":316993000,"TAX_EBT":25.904433765527,"OCF_SALES":8.486777903982,"TOTAL_PARENT_EQUITY":185844000,"DEBT_ASSET_RATIO":63.3169211717,"OPERATE_PROFIT":22026000,"PRETAX_PROFIT":22058000,"NETCASH_OPERATE":10610000,"NETCASH_INVEST":-5272000,"NETCASH_FINANCE":-5849000,"END_CASH":212930000,"DIVI_RATIO":null,"DIVIDEND_RATE":null,"CURRENT_RATIO":1.245831316892,"COMMON_ACS":5000000000,"CURRENTDEBT_DEBT":95.823251617544,"ISSUED_COMMON_SHARES":859716005,"HK_COMMON_SHARES":859716005,"PER_SHARES":500,"TOTAL_MARKET_CAP":3920304982.8,"HKSK_MARKET_CAP":3920304982.8,"PE_TTM":76.406210932201,"PB_TTM":3.902317244875,"REPORT_DATE_SQ":"2021-06-30 00:00:00","REPORT_TYPE_SQ":"2021年中报","OPERATE_INCOME_SQ":166095000,"DPS_HKD":null,"OPERATE_INCOME_QOQ_SQ":-31.903252915018,"NET_PROFIT_RATIO_SQ":4.9929257353,"HOLDER_PROFIT_SQ":9462000,"HOLDER_PROFIT_QOQ_SQ":-74.368466898955,"ROE_AVG_SQ":6.938476204444,"PE_TTM_SQ":103.633966169255,"PB_TTM_SQ":31.768772381024,"ROA_SQ":2.233853432584,"START_DATE":"2022-01-01 00:00:00","FISCAL_YEAR":"12-31","CURRENCY":"HKD","IS_CNY_CODE":0,"DPS_HKD_LY":null,"ORG_TYPE":"一般企业","PREMIUM_INCOME":null,"PREMIUM_INCOME_YOY":null,"NET_INTEREST_INCOME":null,"NET_INTEREST_INCOME_YOY":null,"FEE_COMMISSION_INCOME":null,"FEE_COMMISSION_INCOME_YOY":null,"ACCOUNTS_RECE_TDAYS":1.843094183295,"INVENTORY_TDAYS":2.165677694771,"CURRENT_ASSETS_TDAYS":0.340371659563,"TOTAL_ASSETS_TDAYS":0.256774534098,"PREMIUM_EXPENSE":null,"LOAN_DEPOSIT":null,"LOAN_EQUITY":null,"LOAN_ASSETS":null,"DEPOSIT_EQUITY":null,"DEPOSIT_ASSETS":null,"EQUITY_MULTIPLIER":2.726052534142,"EQUITY_RATIO":1.705694022944},{"SECUCODE":"06683.HK","SECURITY_CODE":"06683","SECURITY_NAME_ABBR":"巨星传奇","ORG_CODE":"10000264154","STD_REPORT_DATE":"2021-12-31 00:00:00","REPORT_DATE":"2021-12-31 00:00:00","DATE_TYPE_CODE":"001","REPORT_TYPE":"2021年年报","PER_NETCASH_OPERATE":-0.015578519605,"PER_OI":0.612981609605,"BPS":0.196833604371,"BASIC_EPS":0.09,"DILUTED_EPS":0.09,"OPERATE_INCOME":365345000,"OPERATE_INCOME_YOY":-20.0460012605,"GROSS_PROFIT":227382000,"GROSS_PROFIT_YOY":-2.32270425149,"HOLDER_PROFIT":43649000,"HOLDER_PROFIT_YOY":-44.0856220537,"GROSS_PROFIT_RATIO":62.237611025195,"EPS_TTM":0.073234981395,"OPERATE_INCOME_QOQ":17.412361327146,"NET_PROFIT_RATIO":11.7398623219,"ROE_AVG":28.386824049686,"GROSS_PROFIT_QOQ":12.368978962506,"ROA":10.922667494123,"HOLDER_PROFIT_QOQ":118.146833924734,"ROE_YEARLY":28.386824049686,"ROIC_YEARLY":18.428263228334,"TOTAL_ASSETS":473112000,"TOTAL_LIABILITIES":307918000,"TAX_EBT":33.658664851822,"OCF_SALES":-2.541433439626,"TOTAL_PARENT_EQUITY":169221000,"DEBT_ASSET_RATIO":65.0835320178,"OPERATE_PROFIT":73594000,"PRETAX_PROFIT":64652000,"NETCASH_OPERATE":-9285000,"NETCASH_INVEST":-42943000,"NETCASH_FINANCE":143615000,"END_CASH":211873000,"DIVI_RATIO":null,"DIVIDEND_RATE":null,"CURRENT_RATIO":1.220444219053,"COMMON_ACS":5000000000,"CURRENTDEBT_DEBT":94.777830461357,"ISSUED_COMMON_SHARES":859716005,"HK_COMMON_SHARES":859716005,"PER_SHARES":500,"TOTAL_MARKET_CAP":3920304982.8,"HKSK_MARKET_CAP":3920304982.8,"PE_TTM":76.406210932201,"PB_TTM":3.902317244875,"REPORT_DATE_SQ":"2020-12-31 00:00:00","REPORT_TYPE_SQ":"2020年年报","OPERATE_INCOME_SQ":456944000,"DPS_HKD":null,"OPERATE_INCOME_QOQ_SQ":427.740370733961,"NET_PROFIT_RATIO_SQ":16.5514811443,"HOLDER_PROFIT_SQ":78064000,"HOLDER_PROFIT_QOQ_SQ":231.35532068424,"ROE_AVG_SQ":94.716024217717,"PE_TTM_SQ":103.633966169255,"PB_TTM_SQ":31.768772381024,"ROA_SQ":30.390943137667,"START_DATE":"2021-01-01 00:00:00","FISCAL_YEAR":"12-31","CURRENCY":"HKD","IS_CNY_CODE":0,"DPS_HKD_LY":null,"ORG_TYPE":"一般企业","PREMIUM_INCOME":null,"PREMIUM_INCOME_YOY":null,"NET_INTEREST_INCOME":null,"NET_INTEREST_INCOME_YOY":null,"FEE_COMMISSION_INCOME":null,"FEE_COMMISSION_INCOME_YOY":null,"ACCOUNTS_RECE_TDAYS":5.87853384608,"INVENTORY_TDAYS":5.677840195897,"CURRENT_ASSETS_TDAYS":1.187559626646,"TOTAL_ASSETS_TDAYS":0.914234451108,"PREMIUM_EXPENSE":null,"LOAN_DEPOSIT":null,"LOAN_EQUITY":null,"LOAN_ASSETS":null,"DEPOSIT_EQUITY":null,"DEPOSIT_ASSETS":null,"EQUITY_MULTIPLIER":2.863978110586,"EQUITY_RATIO":1.819620496274},{"SECUCODE":"06683.HK","SECURITY_CODE":"06683","SECURITY_NAME_ABBR":"巨星传奇","ORG_CODE":"10000264154","STD_REPORT_DATE":"2021-06-30 00:00:00","REPORT_DATE":"2021-06-30 00:00:00","DATE_TYPE_CODE":"002","REPORT_TYPE":"2021年中报","PER_NETCASH_OPERATE":0.085955030553,"PER_OI":0.282365870921,"BPS":0.156366752763,"BASIC_EPS":0.02,"DILUTED_EPS":0.02,"OPERATE_INCOME":166095000,"OPERATE_INCOME_YOY":-46.7430861723,"GROSS_PROFIT":101644000,"GROSS_PROFIT_YOY":-23.043609933374,"HOLDER_PROFIT":9462000,"HOLDER_PROFIT_YOY":-85.9857517366,"GROSS_PROFIT_RATIO":61.196303320389,"EPS_TTM":0.034015826553,"OPERATE_INCOME_QOQ":-31.903252915018,"NET_PROFIT_RATIO":4.9929257353,"ROE_AVG":6.938476204444,"GROSS_PROFIT_QOQ":-13.074500942914,"ROA":2.233853432584,"HOLDER_PROFIT_QOQ":-74.368466898955,"ROE_YEARLY":13.876952408888,"ROIC_YEARLY":7.024016539325,"TOTAL_ASSETS":521021000,"TOTAL_LIABILITIES":391062000,"TAX_EBT":53.940572063316,"OCF_SALES":30.44101267347,"TOTAL_PARENT_EQUITY":134431000,"DEBT_ASSET_RATIO":75.0568595124,"OPERATE_PROFIT":21595000,"PRETAX_PROFIT":18005000,"NETCASH_OPERATE":50561000,"NETCASH_INVEST":-158949000,"NETCASH_FINANCE":182977000,"END_CASH":195108000,"DIVI_RATIO":null,"DIVIDEND_RATE":null,"CURRENT_RATIO":1.166430979799,"COMMON_ACS":5000000000,"CURRENTDEBT_DEBT":94.573494739965,"ISSUED_COMMON_SHARES":859716005,"HK_COMMON_SHARES":859716005,"PER_SHARES":500,"TOTAL_MARKET_CAP":3920304982.8,"HKSK_MARKET_CAP":3920304982.8,"PE_TTM":76.406210932201,"PB_TTM":3.902317244875,"REPORT_DATE_SQ":"2020-06-30 00:00:00","REPORT_TYPE_SQ":"2020年中报","OPERATE_INCOME_SQ":311875000,"DPS_HKD":null,"OPERATE_INCOME_QOQ_SQ":0,"NET_PROFIT_RATIO_SQ":21.0969138277,"HOLDER_PROFIT_SQ":67517000,"HOLDER_PROFIT_QOQ_SQ":0,"ROE_AVG_SQ":null,"PE_TTM_SQ":103.633966169255,"PB_TTM_SQ":31.768772381024,"ROA_SQ":null,"START_DATE":"2021-01-01 00:00:00","FISCAL_YEAR":"12-31","CURRENCY":"HKD","IS_CNY_CODE":0,"DPS_HKD_LY":null,"ORG_TYPE":"一般企业","PREMIUM_INCOME":null,"PREMIUM_INCOME_YOY":null,"NET_INTEREST_INCOME":null,"NET_INTEREST_INCOME_YOY":null,"FEE_COMMISSION_INCOME":null,"FEE_COMMISSION_INCOME_YOY":null,"ACCOUNTS_RECE_TDAYS":3.436898628096,"INVENTORY_TDAYS":2.390482725368,"CURRENT_ASSETS_TDAYS":0.481079899031,"TOTAL_ASSETS_TDAYS":0.392128393453,"PREMIUM_EXPENSE":null,"LOAN_DEPOSIT":null,"LOAN_EQUITY":null,"LOAN_ASSETS":null,"DEPOSIT_EQUITY":null,"DEPOSIT_ASSETS":null,"EQUITY_MULTIPLIER":4.009118260378,"EQUITY_RATIO":2.909016521487},{"SECUCODE":"06683.HK","SECURITY_CODE":"06683","SECURITY_NAME_ABBR":"巨星传奇","ORG_CODE":"10000264154","STD_REPORT_DATE":"2020-12-31 00:00:00","REPORT_DATE":"2020-12-31 00:00:00","DATE_TYPE_CODE":"001","REPORT_TYPE":"2020年年报","PER_NETCASH_OPERATE":0.595311938806,"PER_OI":0.828198307111,"BPS":0.160877544672,"BASIC_EPS":0.16,"DILUTED_EPS":0.16,"OPERATE_INCOME":456944000,"OPERATE_INCOME_YOY":427.740370734,"GROSS_PROFIT":232789000,"GROSS_PROFIT_YOY":311.193542119301,"HOLDER_PROFIT":78064000,"HOLDER_PROFIT_YOY":231.3553206842,"GROSS_PROFIT_RATIO":50.944754718303,"EPS_TTM":0.141488831556,"OPERATE_INCOME_QOQ":427.740370733961,"NET_PROFIT_RATIO":16.5514811443,"ROE_AVG":94.716024217717,"GROSS_PROFIT_QOQ":311.193542119301,"ROA":30.390943137667,"HOLDER_PROFIT_QOQ":231.35532068424,"ROE_YEARLY":94.716024217717,"ROIC_YEARLY":42.469595210311,"TOTAL_ASSETS":326125000,"TOTAL_LIABILITIES":191105000,"TAX_EBT":33.564357305365,"OCF_SALES":71.880361707343,"TOTAL_PARENT_EQUITY":138309000,"DEBT_ASSET_RATIO":58.5986968187,"OPERATE_PROFIT":113806000,"PRETAX_PROFIT":113841000,"NETCASH_OPERATE":328453000,"NETCASH_INVEST":-197722000,"NETCASH_FINANCE":-39030000,"END_CASH":120962000,"DIVI_RATIO":null,"DIVIDEND_RATE":null,"CURRENT_RATIO":1.381976148825,"COMMON_ACS":5000000000,"CURRENTDEBT_DEBT":98.11150937966,"ISSUED_COMMON_SHARES":859716005,"HK_COMMON_SHARES":859716005,"PER_SHARES":500,"TOTAL_MARKET_CAP":3920304982.8,"HKSK_MARKET_CAP":3920304982.8,"PE_TTM":76.406210932201,"PB_TTM":3.902317244875,"REPORT_DATE_SQ":"2019-12-31 00:00:00","REPORT_TYPE_SQ":"2019年年报","OPERATE_INCOME_SQ":86585000,"DPS_HKD":null,"OPERATE_INCOME_QOQ_SQ":-8.551783865994,"NET_PROFIT_RATIO_SQ":26.2389559393,"HOLDER_PROFIT_SQ":23559000,"HOLDER_PROFIT_QOQ_SQ":155.10557661072,"ROE_AVG_SQ":184.638896508484,"PE_TTM_SQ":103.633966169255,"PB_TTM_SQ":31.768772381024,"ROA_SQ":16.099031010401,"START_DATE":"2020-01-01 00:00:00","FISCAL_YEAR":"12-31","CURRENCY":"HKD","IS_CNY_CODE":0,"DPS_HKD_LY":null,"ORG_TYPE":"一般企业","PREMIUM_INCOME":null,"PREMIUM_INCOME_YOY":null,"NET_INTEREST_INCOME":null,"NET_INTEREST_INCOME_YOY":null,"FEE_COMMISSION_INCOME":null,"FEE_COMMISSION_INCOME_YOY":null,"ACCOUNTS_RECE_TDAYS":8.2053565817,"INVENTORY_TDAYS":11.316101673524,"CURRENT_ASSETS_TDAYS":2.089421749111,"TOTAL_ASSETS_TDAYS":1.77891974804,"PREMIUM_EXPENSE":null,"LOAN_DEPOSIT":null,"LOAN_EQUITY":null,"LOAN_ASSETS":null,"DEPOSIT_EQUITY":null,"DEPOSIT_ASSETS":null,"EQUITY_MULTIPLIER":2.415382906236,"EQUITY_RATIO":1.381724978129},{"SECUCODE":"06683.HK","SECURITY_CODE":"06683","SECURITY_NAME_ABBR":"巨星传奇","ORG_CODE":"10000264154","STD_REPORT_DATE":"2020-06-30 00:00:00","REPORT_DATE":"2020-06-30 00:00:00","DATE_TYPE_CODE":"002","REPORT_TYPE":"2020年中报","PER_NETCASH_OPERATE":null,"PER_OI":null,"BPS":null,"BASIC_EPS":0.14,"DILUTED_EPS":0.14,"OPERATE_INCOME":311875000,"OPERATE_INCOME_YOY":null,"GROSS_PROFIT":132080000,"GROSS_PROFIT_YOY":null,"HOLDER_PROFIT":67517000,"HOLDER_PROFIT_YOY":null,"GROSS_PROFIT_RATIO":42.350300601202,"EPS_TTM":null,"OPERATE_INCOME_QOQ":0,"NET_PROFIT_RATIO":21.0969138277,"ROE_AVG":null,"GROSS_PROFIT_QOQ":0,"ROA":null,"HOLDER_PROFIT_QOQ":0,"ROE_YEARLY":null,"ROIC_YEARLY":null,"TOTAL_ASSETS":null,"TOTAL_LIABILITIES":null,"TAX_EBT":31.113042203679,"OCF_SALES":80.944288577154,"TOTAL_PARENT_EQUITY":null,"DEBT_ASSET_RATIO":null,"OPERATE_PROFIT":null,"PRETAX_PROFIT":95513000,"NETCASH_OPERATE":252445000,"NETCASH_INVEST":-253555000,"NETCASH_FINANCE":-23483000,"END_CASH":4708000,"DIVI_RATIO":null,"DIVIDEND_RATE":null,"CURRENT_RATIO":null,"COMMON_ACS":5000000000,"CURRENTDEBT_DEBT":null,"ISSUED_COMMON_SHARES":859716005,"HK_COMMON_SHARES":859716005,"PER_SHARES":500,"TOTAL_MARKET_CAP":3920304982.8,"HKSK_MARKET_CAP":3920304982.8,"PE_TTM":76.406210932201,"PB_TTM":3.902317244875,"REPORT_DATE_SQ":"2019-06-30 00:00:00","REPORT_TYPE_SQ":"2019年中报","OPERATE_INCOME_SQ":null,"DPS_HKD":null,"OPERATE_INCOME_QOQ_SQ":0,"NET_PROFIT_RATIO_SQ":null,"HOLDER_PROFIT_SQ":null,"HOLDER_PROFIT_QOQ_SQ":0,"ROE_AVG_SQ":null,"PE_TTM_SQ":103.633966169255,"PB_TTM_SQ":31.768772381024,"ROA_SQ":null,"START_DATE":"2020-01-01 00:00:00","FISCAL_YEAR":"12-31","CURRENCY":"HKD","IS_CNY_CODE":0,"DPS_HKD_LY":null,"ORG_TYPE":"一般企业","PREMIUM_INCOME":null,"PREMIUM_INCOME_YOY":null,"NET_INTEREST_INCOME":null,"NET_INTEREST_INCOME_YOY":null,"FEE_COMMISSION_INCOME":null,"FEE_COMMISSION_INCOME_YOY":null,"ACCOUNTS_RECE_TDAYS":null,"INVENTORY_TDAYS":null,"CURRENT_ASSETS_TDAYS":3.498847273564,"TOTAL_ASSETS_TDAYS":3.324769331635,"PREMIUM_EXPENSE":null,"LOAN_DEPOSIT":null,"LOAN_EQUITY":null,"LOAN_ASSETS":null,"DEPOSIT_EQUITY":null,"DEPOSIT_ASSETS":null,"EQUITY_MULTIPLIER":null,"EQUITY_RATIO":null}],"count":11},"success":true,"message":"ok","code":0}