{"version":"c008b77f9c18a9b46e5551c1b6e80d93","result":{"pages":2,"data":[{"SECUCODE":"06682.HK","SECURITY_CODE":"06682","SECURITY_NAME_ABBR":"第四范式","ORG_CODE":"10000071947","STD_REPORT_DATE":"2024-06-30 00:00:00","REPORT_DATE":"2024-06-30 00:00:00","DATE_TYPE_CODE":"002","REPORT_TYPE":"2024年中报","PER_NETCASH_OPERATE":-0.863473429813,"PER_OI":4.007428036014,"BPS":10.494744483272,"BASIC_EPS":-0.33,"DILUTED_EPS":-0.33,"OPERATE_INCOME":1866600000,"OPERATE_INCOME_YOY":27.1435811087,"GROSS_PROFIT":789946000,"GROSS_PROFIT_YOY":12.115711323467,"HOLDER_PROFIT":-151598000,"HOLDER_PROFIT_YOY":66.7597814361,"GROSS_PROFIT_RATIO":42.320047144541,"EPS_TTM":-1.297265814035,"OPERATE_INCOME_QOQ":9.47865224343,"NET_PROFIT_RATIO":-9.0288224579,"ROE_AVG":-2.879579834128,"GROSS_PROFIT_QOQ":4.312348071378,"ROA":-2.202305812646,"HOLDER_PROFIT_QOQ":33.505480804255,"ROE_YEARLY":-5.759159668255,"ROIC_YEARLY":-6.508293246269,"TOTAL_ASSETS":6619933000,"TOTAL_LIABILITIES":1416306000,"TAX_EBT":-3.006484814776,"OCF_SALES":-21.546823100825,"TOTAL_PARENT_EQUITY":5180053000,"DEBT_ASSET_RATIO":21.3945669843,"OPERATE_PROFIT":-189120000,"PRETAX_PROFIT":-163613000,"NETCASH_OPERATE":-402193000,"NETCASH_INVEST":-385497000,"NETCASH_FINANCE":-12014000,"END_CASH":1181736000,"DIVI_RATIO":null,"DIVIDEND_RATE":null,"CURRENT_RATIO":3.465732505681,"COMMON_ACS":null,"CURRENTDEBT_DEBT":99.083601989965,"ISSUED_COMMON_SHARES":493585433,"HK_COMMON_SHARES":294716196,"PER_SHARES":100,"TOTAL_MARKET_CAP":28455200212.45,"HKSK_MARKET_CAP":16990388699.4,"PE_TTM":-42.206128022278,"PB_TTM":5.013557222271,"REPORT_DATE_SQ":"2023-06-30 00:00:00","REPORT_TYPE_SQ":"2023年中报","OPERATE_INCOME_SQ":1468104000,"DPS_HKD":null,"OPERATE_INCOME_QOQ_SQ":7.635172013574,"NET_PROFIT_RATIO_SQ":-32.5370682186,"HOLDER_PROFIT_SQ":-456068000,"HOLDER_PROFIT_QOQ_SQ":8.27404991585,"ROE_AVG_SQ":24.820493228308,"PE_TTM_SQ":-11.093965130799,"PB_TTM_SQ":-8.149659878735,"ROA_SQ":-7.062045608283,"START_DATE":"2024-01-01 00:00:00","FISCAL_YEAR":"12-31","CURRENCY":"HKD","IS_CNY_CODE":0,"DPS_HKD_LY":null,"ORG_TYPE":"一般企业","PREMIUM_INCOME":null,"PREMIUM_INCOME_YOY":null,"NET_INTEREST_INCOME":null,"NET_INTEREST_INCOME_YOY":null,"FEE_COMMISSION_INCOME":null,"FEE_COMMISSION_INCOME_YOY":null,"ACCOUNTS_RECE_TDAYS":1.032983701979,"INVENTORY_TDAYS":4.233644896563,"CURRENT_ASSETS_TDAYS":0.354864154101,"TOTAL_ASSETS_TDAYS":0.271166112342,"PREMIUM_EXPENSE":null,"LOAN_DEPOSIT":null,"LOAN_EQUITY":null,"LOAN_ASSETS":null,"DEPOSIT_EQUITY":null,"DEPOSIT_ASSETS":null,"EQUITY_MULTIPLIER":1.272176695217,"EQUITY_RATIO":0.273415349225},{"SECUCODE":"06682.HK","SECURITY_CODE":"06682","SECURITY_NAME_ABBR":"第四范式","ORG_CODE":"10000071947","STD_REPORT_DATE":"2023-12-31 00:00:00","REPORT_DATE":"2023-12-31 00:00:00","DATE_TYPE_CODE":"001","REPORT_TYPE":"2023年年报","PER_NETCASH_OPERATE":-2.143521048901,"PER_OI":9.024499708155,"BPS":10.837276877253,"BASIC_EPS":-2.8,"DILUTED_EPS":-2.8,"OPERATE_INCOME":4204142000,"OPERATE_INCOME_YOY":36.3813514209,"GROSS_PROFIT":1979548000,"GROSS_PROFIT_YOY":33.155303952656,"HOLDER_PROFIT":-908717000,"HOLDER_PROFIT_YOY":44.7553858995,"GROSS_PROFIT_RATIO":47.085659808827,"EPS_TTM":-1.95062780974,"OPERATE_INCOME_QOQ":20.375706116821,"NET_PROFIT_RATIO":-21.8967151918,"ROE_AVG":-48.151472680498,"GROSS_PROFIT_QOQ":19.089037576959,"ROA":-13.106881467228,"HOLDER_PROFIT_QOQ":40.770175372273,"ROE_YEARLY":-48.151472680498,"ROIC_YEARLY":-18.448278487257,"TOTAL_ASSETS":7147274000,"TOTAL_LIABILITIES":1694760000,"TAX_EBT":1.102243269172,"OCF_SALES":-23.752242431393,"TOTAL_PARENT_EQUITY":5349122000,"DEBT_ASSET_RATIO":23.7119774616,"OPERATE_PROFIT":-545434000,"PRETAX_PROFIT":-930829000,"NETCASH_OPERATE":-998578000,"NETCASH_INVEST":723408000,"NETCASH_FINANCE":930719000,"END_CASH":1977891000,"DIVI_RATIO":null,"DIVIDEND_RATE":null,"CURRENT_RATIO":3.442489121504,"COMMON_ACS":null,"CURRENTDEBT_DEBT":96.954731053365,"ISSUED_COMMON_SHARES":493585433,"HK_COMMON_SHARES":294716196,"PER_SHARES":100,"TOTAL_MARKET_CAP":25172857083,"HKSK_MARKET_CAP":15030525996,"PE_TTM":-37.33759807695,"PB_TTM":4.435237091689,"REPORT_DATE_SQ":"2022-12-31 00:00:00","REPORT_TYPE_SQ":"2022年年报","OPERATE_INCOME_SQ":3082637000,"DPS_HKD":null,"OPERATE_INCOME_QOQ_SQ":34.706028356708,"NET_PROFIT_RATIO_SQ":-53.6365780337,"HOLDER_PROFIT_SQ":-1644897000,"HOLDER_PROFIT_QOQ_SQ":-40.899224620276,"ROE_AVG_SQ":170.833339824368,"PE_TTM_SQ":-11.970903403372,"PB_TTM_SQ":-8.793861349701,"ROA_SQ":-24.983877175518,"START_DATE":"2023-01-01 00:00:00","FISCAL_YEAR":"12-31","CURRENCY":"HKD","IS_CNY_CODE":0,"DPS_HKD_LY":null,"ORG_TYPE":"一般企业","PREMIUM_INCOME":null,"PREMIUM_INCOME_YOY":null,"NET_INTEREST_INCOME":null,"NET_INTEREST_INCOME_YOY":null,"FEE_COMMISSION_INCOME":null,"FEE_COMMISSION_INCOME_YOY":null,"ACCOUNTS_RECE_TDAYS":2.519828293048,"INVENTORY_TDAYS":6.896533123351,"CURRENT_ASSETS_TDAYS":0.795132681393,"TOTAL_ASSETS_TDAYS":0.606384505466,"PREMIUM_EXPENSE":null,"LOAN_DEPOSIT":null,"LOAN_EQUITY":null,"LOAN_ASSETS":null,"DEPOSIT_EQUITY":null,"DEPOSIT_ASSETS":null,"EQUITY_MULTIPLIER":1.310821760384,"EQUITY_RATIO":0.316829565675},{"SECUCODE":"06682.HK","SECURITY_CODE":"06682","SECURITY_NAME_ABBR":"第四范式","ORG_CODE":"10000071947","STD_REPORT_DATE":"2023-06-30 00:00:00","REPORT_DATE":"2023-06-30 00:00:00","DATE_TYPE_CODE":"002","REPORT_TYPE":"2023年中报","PER_NETCASH_OPERATE":-1.937064835695,"PER_OI":3.294187338023,"BPS":-4.25502630261,"BASIC_EPS":-1.66,"DILUTED_EPS":-1.66,"OPERATE_INCOME":1468104000,"OPERATE_INCOME_YOY":38.7328202725,"GROSS_PROFIT":704581000,"GROSS_PROFIT_YOY":33.194892104691,"HOLDER_PROFIT":-456068000,"HOLDER_PROFIT_YOY":19.5282517826,"GROSS_PROFIT_RATIO":47.992580907075,"EPS_TTM":-3.442545409669,"OPERATE_INCOME_QOQ":7.635172013574,"NET_PROFIT_RATIO":-32.5370682186,"ROE_AVG":24.820493228308,"GROSS_PROFIT_QOQ":8.407746829763,"ROA":-7.062045608283,"HOLDER_PROFIT_QOQ":8.27404991585,"ROE_YEARLY":49.640986456617,"ROIC_YEARLY":-20.206550155171,"TOTAL_ASSETS":6197047000,"TOTAL_LIABILITIES":8203632000,"TAX_EBT":0.780993606653,"OCF_SALES":-58.802509903931,"TOTAL_PARENT_EQUITY":-2100219000,"DEBT_ASSET_RATIO":132.3796963296,"OPERATE_PROFIT":-252953000,"PRETAX_PROFIT":-481438000,"NETCASH_OPERATE":-863282000,"NETCASH_INVEST":1175511000,"NETCASH_FINANCE":-76534000,"END_CASH":1562856000,"DIVI_RATIO":null,"DIVIDEND_RATE":null,"CURRENT_RATIO":1.005953338728,"COMMON_ACS":null,"CURRENTDEBT_DEBT":62.499232047464,"ISSUED_COMMON_SHARES":493585433,"HK_COMMON_SHARES":294716196,"PER_SHARES":100,"TOTAL_MARKET_CAP":25172857083,"HKSK_MARKET_CAP":15030525996,"PE_TTM":-37.33759807695,"PB_TTM":4.435237091689,"REPORT_DATE_SQ":"2022-06-30 00:00:00","REPORT_TYPE_SQ":"2022年中报","OPERATE_INCOME_SQ":1058224000,"DPS_HKD":null,"OPERATE_INCOME_QOQ_SQ":13.377880191181,"NET_PROFIT_RATIO_SQ":-55.169604923,"HOLDER_PROFIT_SQ":-566743000,"HOLDER_PROFIT_QOQ_SQ":34.6218614458,"ROE_AVG_SQ":89.370707334323,"PE_TTM_SQ":-11.970903403372,"PB_TTM_SQ":-8.793861349701,"ROA_SQ":-8.964344088596,"START_DATE":"2023-01-01 00:00:00","FISCAL_YEAR":"12-31","CURRENCY":"HKD","IS_CNY_CODE":0,"DPS_HKD_LY":null,"ORG_TYPE":"一般企业","PREMIUM_INCOME":null,"PREMIUM_INCOME_YOY":null,"NET_INTEREST_INCOME":null,"NET_INTEREST_INCOME_YOY":null,"FEE_COMMISSION_INCOME":null,"FEE_COMMISSION_INCOME_YOY":null,"ACCOUNTS_RECE_TDAYS":1.002319235178,"INVENTORY_TDAYS":1.757554552182,"CURRENT_ASSETS_TDAYS":0.29140906349,"TOTAL_ASSETS_TDAYS":0.227330516627,"PREMIUM_EXPENSE":null,"LOAN_DEPOSIT":null,"LOAN_EQUITY":null,"LOAN_ASSETS":null,"DEPOSIT_EQUITY":null,"DEPOSIT_ASSETS":null,"EQUITY_MULTIPLIER":-3.088355090859,"EQUITY_RATIO":-3.906084079803},{"SECUCODE":"06682.HK","SECURITY_CODE":"06682","SECURITY_NAME_ABBR":"第四范式","ORG_CODE":"10000071947","STD_REPORT_DATE":"2023-03-31 00:00:00","REPORT_DATE":"2023-03-31 00:00:00","DATE_TYPE_CODE":"003","REPORT_TYPE":"2023年一季报","PER_NETCASH_OPERATE":-1.034882703376,"PER_OI":1.445922385648,"BPS":-3.913498800521,"BASIC_EPS":-1.06,"DILUTED_EPS":-1.06,"OPERATE_INCOME":644397000,"OPERATE_INCOME_YOY":33.6199692698,"GROSS_PROFIT":281562000,"GROSS_PROFIT_YOY":19.872788269955,"HOLDER_PROFIT":-291344000,"HOLDER_PROFIT_YOY":-10.5141374523,"GROSS_PROFIT_RATIO":43.6938719454,"EPS_TTM":-3.753076862666,"OPERATE_INCOME_QOQ":5.259652693457,"NET_PROFIT_RATIO":-47.1597477952,"ROE_AVG":16.61804071347,"GROSS_PROFIT_QOQ":3.139819432467,"ROA":-4.490229061882,"HOLDER_PROFIT_QOQ":-1.685090312646,"ROE_YEARLY":66.472162853879,"ROIC_YEARLY":-23.288328088822,"TOTAL_ASSETS":6257815000,"TOTAL_LIABILITIES":8086710000,"TAX_EBT":1.216364688368,"OCF_SALES":-71.572493354252,"TOTAL_PARENT_EQUITY":-1931646000,"DEBT_ASSET_RATIO":129.2257760896,"OPERATE_PROFIT":-124831000,"PRETAX_PROFIT":-307638000,"NETCASH_OPERATE":-461211000,"NETCASH_INVEST":623973000,"NETCASH_FINANCE":-64130000,"END_CASH":1425288000,"DIVI_RATIO":null,"DIVIDEND_RATE":null,"CURRENT_RATIO":0.569050071991,"COMMON_ACS":null,"CURRENTDEBT_DEBT":98.424946609932,"ISSUED_COMMON_SHARES":493585433,"HK_COMMON_SHARES":294716196,"PER_SHARES":100,"TOTAL_MARKET_CAP":25172857083,"HKSK_MARKET_CAP":15030525996,"PE_TTM":-37.33759807695,"PB_TTM":4.435237091689,"REPORT_DATE_SQ":"2022-03-31 00:00:00","REPORT_TYPE_SQ":"2022年一季报","OPERATE_INCOME_SQ":482261000,"DPS_HKD":null,"OPERATE_INCOME_QOQ_SQ":0,"NET_PROFIT_RATIO_SQ":-55.6030862956,"HOLDER_PROFIT_SQ":-263626000,"HOLDER_PROFIT_QOQ_SQ":0,"ROE_AVG_SQ":null,"PE_TTM_SQ":-11.970903403372,"PB_TTM_SQ":-8.793861349701,"ROA_SQ":null,"START_DATE":"2023-01-01 00:00:00","FISCAL_YEAR":"12-31","CURRENCY":"HKD","IS_CNY_CODE":0,"DPS_HKD_LY":null,"ORG_TYPE":"一般企业","PREMIUM_INCOME":null,"PREMIUM_INCOME_YOY":null,"NET_INTEREST_INCOME":null,"NET_INTEREST_INCOME_YOY":null,"FEE_COMMISSION_INCOME":null,"FEE_COMMISSION_INCOME_YOY":null,"ACCOUNTS_RECE_TDAYS":0.431440249867,"INVENTORY_TDAYS":0.957055360365,"CURRENT_ASSETS_TDAYS":0.136417417224,"TOTAL_ASSETS_TDAYS":0.099315247158,"PREMIUM_EXPENSE":null,"LOAN_DEPOSIT":null,"LOAN_EQUITY":null,"LOAN_ASSETS":null,"DEPOSIT_EQUITY":null,"DEPOSIT_ASSETS":null,"EQUITY_MULTIPLIER":-3.421637108743,"EQUITY_RATIO":-4.186434781528},{"SECUCODE":"06682.HK","SECURITY_CODE":"06682","SECURITY_NAME_ABBR":"第四范式","ORG_CODE":"10000071947","STD_REPORT_DATE":"2022-12-31 00:00:00","REPORT_DATE":"2022-12-31 00:00:00","DATE_TYPE_CODE":"001","REPORT_TYPE":"2022年年报","PER_NETCASH_OPERATE":-1.781079080479,"PER_OI":7.042711317642,"BPS":-3.190353472202,"BASIC_EPS":-6.15,"DILUTED_EPS":-6.15,"OPERATE_INCOME":3082637000,"OPERATE_INCOME_YOY":52.7268394406,"GROSS_PROFIT":1486646000,"GROSS_PROFIT_YOY":55.91871837227,"HOLDER_PROFIT":-1644897000,"HOLDER_PROFIT_YOY":7.882709706,"GROSS_PROFIT_RATIO":48.226437300273,"EPS_TTM":-3.757995092596,"OPERATE_INCOME_QOQ":34.706028356708,"NET_PROFIT_RATIO":-53.6365780337,"ROE_AVG":170.833339824368,"GROSS_PROFIT_QOQ":30.917317519711,"ROA":-24.983877175518,"HOLDER_PROFIT_QOQ":-40.899224620276,"ROE_YEARLY":170.833339824368,"ROIC_YEARLY":-31.904265692863,"TOTAL_ASSETS":6718984000,"TOTAL_LIABILITIES":8179995000,"TAX_EBT":0.701041502762,"OCF_SALES":-25.289678933978,"TOTAL_PARENT_EQUITY":-1574712000,"DEBT_ASSET_RATIO":121.7445226838,"OPERATE_PROFIT":-1025902000,"PRETAX_PROFIT":-1665094000,"NETCASH_OPERATE":-779589000,"NETCASH_INVEST":822387000,"NETCASH_FINANCE":-9014000,"END_CASH":1326818000,"DIVI_RATIO":null,"DIVIDEND_RATE":null,"CURRENT_RATIO":3.17074235273,"COMMON_ACS":null,"CURRENTDEBT_DEBT":18.962224304538,"ISSUED_COMMON_SHARES":493585433,"HK_COMMON_SHARES":294716196,"PER_SHARES":100,"TOTAL_MARKET_CAP":25172857083,"HKSK_MARKET_CAP":15030525996,"PE_TTM":-37.33759807695,"PB_TTM":4.435237091689,"REPORT_DATE_SQ":"2021-12-31 00:00:00","REPORT_TYPE_SQ":"2021年年报","OPERATE_INCOME_SQ":2018399000,"DPS_HKD":null,"OPERATE_INCOME_QOQ_SQ":17.829000753069,"NET_PROFIT_RATIO_SQ":-89.282049783,"HOLDER_PROFIT_SQ":-1785655000,"HOLDER_PROFIT_QOQ_SQ":-7.852203062241,"ROE_AVG_SQ":233.564894143007,"PE_TTM_SQ":-11.970903403372,"PB_TTM_SQ":-8.793861349701,"ROA_SQ":-42.190661846803,"START_DATE":"2022-01-01 00:00:00","FISCAL_YEAR":"12-31","CURRENCY":"HKD","IS_CNY_CODE":0,"DPS_HKD_LY":null,"ORG_TYPE":"一般企业","PREMIUM_INCOME":null,"PREMIUM_INCOME_YOY":null,"NET_INTEREST_INCOME":null,"NET_INTEREST_INCOME_YOY":null,"FEE_COMMISSION_INCOME":null,"FEE_COMMISSION_INCOME_YOY":null,"ACCOUNTS_RECE_TDAYS":2.714115724047,"INVENTORY_TDAYS":5.973344361876,"CURRENT_ASSETS_TDAYS":0.615672723126,"TOTAL_ASSETS_TDAYS":0.468213050329,"PREMIUM_EXPENSE":null,"LOAN_DEPOSIT":null,"LOAN_EQUITY":null,"LOAN_ASSETS":null,"DEPOSIT_EQUITY":null,"DEPOSIT_ASSETS":null,"EQUITY_MULTIPLIER":-4.598859283055,"EQUITY_RATIO":-5.194597488303},{"SECUCODE":"06682.HK","SECURITY_CODE":"06682","SECURITY_NAME_ABBR":"第四范式","ORG_CODE":"10000071947","STD_REPORT_DATE":"2022-06-30 00:00:00","REPORT_DATE":"2022-06-30 00:00:00","DATE_TYPE_CODE":"002","REPORT_TYPE":"2022年中报","PER_NETCASH_OPERATE":-0.813929898151,"PER_OI":2.417659342115,"BPS":-1.858393580266,"BASIC_EPS":-2.12,"DILUTED_EPS":-2.12,"OPERATE_INCOME":1058224000,"OPERATE_INCOME_YOY":34.2574584023,"GROSS_PROFIT":528985000,"GROSS_PROFIT_YOY":52.489629546352,"HOLDER_PROFIT":-566743000,"HOLDER_PROFIT_YOY":52.172375672,"GROSS_PROFIT_RATIO":49.987998760187,"EPS_TTM":-2.667151010039,"OPERATE_INCOME_QOQ":13.377880191181,"NET_PROFIT_RATIO":-55.169604923,"ROE_AVG":89.370707334323,"GROSS_PROFIT_QOQ":19.097092215318,"ROA":-8.964344088596,"HOLDER_PROFIT_QOQ":34.6218614458,"ROE_YEARLY":178.741414668646,"ROIC_YEARLY":-23.390860220601,"TOTAL_ASSETS":6195699000,"TOTAL_LIABILITIES":7016908000,"TAX_EBT":0.771976341016,"OCF_SALES":-33.666029120489,"TOTAL_PARENT_EQUITY":-917276000,"DEBT_ASSET_RATIO":113.2545012274,"OPERATE_PROFIT":-276321000,"PRETAX_PROFIT":-588360000,"NETCASH_OPERATE":-356262000,"NETCASH_INVEST":490051000,"NETCASH_FINANCE":-5701000,"END_CASH":1420922000,"DIVI_RATIO":null,"DIVIDEND_RATE":null,"CURRENT_RATIO":5.99523733332,"COMMON_ACS":null,"CURRENTDEBT_DEBT":11.044551246789,"ISSUED_COMMON_SHARES":493585433,"HK_COMMON_SHARES":294716196,"PER_SHARES":100,"TOTAL_MARKET_CAP":25172857083,"HKSK_MARKET_CAP":15030525996,"PE_TTM":-37.33759807695,"PB_TTM":4.435237091689,"REPORT_DATE_SQ":"2021-06-30 00:00:00","REPORT_TYPE_SQ":"2021年中报","OPERATE_INCOME_SQ":788205000,"DPS_HKD":null,"OPERATE_INCOME_QOQ_SQ":52.309076899892,"NET_PROFIT_RATIO_SQ":-150.6501481214,"HOLDER_PROFIT_SQ":-1184970000,"HOLDER_PROFIT_QOQ_SQ":-106.390982458481,"ROE_AVG_SQ":253.675715019695,"PE_TTM_SQ":-11.970903403372,"PB_TTM_SQ":-8.793861349701,"ROA_SQ":-28.653986614018,"START_DATE":"2022-01-01 00:00:00","FISCAL_YEAR":"12-31","CURRENCY":"HKD","IS_CNY_CODE":0,"DPS_HKD_LY":null,"ORG_TYPE":"一般企业","PREMIUM_INCOME":null,"PREMIUM_INCOME_YOY":null,"NET_INTEREST_INCOME":null,"NET_INTEREST_INCOME_YOY":null,"FEE_COMMISSION_INCOME":null,"FEE_COMMISSION_INCOME_YOY":null,"ACCOUNTS_RECE_TDAYS":1.338133408192,"INVENTORY_TDAYS":2.523406061068,"CURRENT_ASSETS_TDAYS":0.217251184056,"TOTAL_ASSETS_TDAYS":0.1673824654,"PREMIUM_EXPENSE":null,"LOAN_DEPOSIT":null,"LOAN_EQUITY":null,"LOAN_ASSETS":null,"DEPOSIT_EQUITY":null,"DEPOSIT_ASSETS":null,"EQUITY_MULTIPLIER":-7.544606793146,"EQUITY_RATIO":-7.649723747269},{"SECUCODE":"06682.HK","SECURITY_CODE":"06682","SECURITY_NAME_ABBR":"第四范式","ORG_CODE":"10000071947","STD_REPORT_DATE":"2022-03-31 00:00:00","REPORT_DATE":"2022-03-31 00:00:00","DATE_TYPE_CODE":"003","REPORT_TYPE":"2022年一季报","PER_NETCASH_OPERATE":null,"PER_OI":null,"BPS":null,"BASIC_EPS":-0.99,"DILUTED_EPS":-0.99,"OPERATE_INCOME":482261000,"OPERATE_INCOME_YOY":null,"GROSS_PROFIT":234884000,"GROSS_PROFIT_YOY":null,"HOLDER_PROFIT":-263626000,"HOLDER_PROFIT_YOY":null,"GROSS_PROFIT_RATIO":48.704747014583,"EPS_TTM":-4.079576245242,"OPERATE_INCOME_QOQ":0,"NET_PROFIT_RATIO":-55.6030862956,"ROE_AVG":null,"GROSS_PROFIT_QOQ":0,"ROA":null,"HOLDER_PROFIT_QOQ":0,"ROE_YEARLY":null,"ROIC_YEARLY":null,"TOTAL_ASSETS":null,"TOTAL_LIABILITIES":null,"TAX_EBT":2.917696978035,"OCF_SALES":-35.129110585347,"TOTAL_PARENT_EQUITY":null,"DEBT_ASSET_RATIO":null,"OPERATE_PROFIT":-122895000,"PRETAX_PROFIT":-276211000,"NETCASH_OPERATE":-169414000,"NETCASH_INVEST":-140776000,"NETCASH_FINANCE":-21210000,"END_CASH":961253000,"DIVI_RATIO":null,"DIVIDEND_RATE":null,"CURRENT_RATIO":null,"COMMON_ACS":null,"CURRENTDEBT_DEBT":null,"ISSUED_COMMON_SHARES":493585433,"HK_COMMON_SHARES":294716196,"PER_SHARES":100,"TOTAL_MARKET_CAP":25172857083,"HKSK_MARKET_CAP":15030525996,"PE_TTM":-37.33759807695,"PB_TTM":4.435237091689,"REPORT_DATE_SQ":"2021-03-31 00:00:00","REPORT_TYPE_SQ":"2021年一季报","OPERATE_INCOME_SQ":null,"DPS_HKD":null,"OPERATE_INCOME_QOQ_SQ":0,"NET_PROFIT_RATIO_SQ":null,"HOLDER_PROFIT_SQ":null,"HOLDER_PROFIT_QOQ_SQ":0,"ROE_AVG_SQ":null,"PE_TTM_SQ":-11.970903403372,"PB_TTM_SQ":-8.793861349701,"ROA_SQ":null,"START_DATE":"2022-01-01 00:00:00","FISCAL_YEAR":"12-31","CURRENCY":"HKD","IS_CNY_CODE":0,"DPS_HKD_LY":null,"ORG_TYPE":"一般企业","PREMIUM_INCOME":null,"PREMIUM_INCOME_YOY":null,"NET_INTEREST_INCOME":null,"NET_INTEREST_INCOME_YOY":null,"FEE_COMMISSION_INCOME":null,"FEE_COMMISSION_INCOME_YOY":null,"ACCOUNTS_RECE_TDAYS":null,"INVENTORY_TDAYS":null,"CURRENT_ASSETS_TDAYS":0.189280993933,"TOTAL_ASSETS_TDAYS":0.149568811249,"PREMIUM_EXPENSE":null,"LOAN_DEPOSIT":null,"LOAN_EQUITY":null,"LOAN_ASSETS":null,"DEPOSIT_EQUITY":null,"DEPOSIT_ASSETS":null,"EQUITY_MULTIPLIER":null,"EQUITY_RATIO":null},{"SECUCODE":"06682.HK","SECURITY_CODE":"06682","SECURITY_NAME_ABBR":"第四范式","ORG_CODE":"10000071947","STD_REPORT_DATE":"2021-12-31 00:00:00","REPORT_DATE":"2021-12-31 00:00:00","DATE_TYPE_CODE":"001","REPORT_TYPE":"2021年年报","PER_NETCASH_OPERATE":-1.759189958557,"PER_OI":4.611312159303,"BPS":-0.711165639283,"BASIC_EPS":-7.63,"DILUTED_EPS":-7.63,"OPERATE_INCOME":2018399000,"OPERATE_INCOME_YOY":114.2132879379,"GROSS_PROFIT":953475000,"GROSS_PROFIT_YOY":121.875109078851,"HOLDER_PROFIT":-1785655000,"HOLDER_PROFIT_YOY":-138.1984926299,"GROSS_PROFIT_RATIO":47.239173225908,"EPS_TTM":-4.079576245242,"OPERATE_INCOME_QOQ":17.829000753069,"NET_PROFIT_RATIO":-89.282049783,"ROE_AVG":233.564894143007,"GROSS_PROFIT_QOQ":22.048549331435,"ROA":-42.190661846803,"HOLDER_PROFIT_QOQ":-7.852203062241,"ROE_YEARLY":233.564894143007,"ROIC_YEARLY":-60.466112456191,"TOTAL_ASSETS":6448684000,"TOTAL_LIABILITIES":6696697000,"TAX_EBT":-0.578724439764,"OCF_SALES":-38.149444188191,"TOTAL_PARENT_EQUITY":-351021000,"DEBT_ASSET_RATIO":103.8459474832,"OPERATE_PROFIT":-1172806000,"PRETAX_PROFIT":-1791699000,"NETCASH_OPERATE":-770008000,"NETCASH_INVEST":-3199611000,"NETCASH_FINANCE":4210015000,"END_CASH":1292686000,"DIVI_RATIO":null,"DIVIDEND_RATE":null,"CURRENT_RATIO":6.732055545207,"COMMON_ACS":null,"CURRENTDEBT_DEBT":11.303079712282,"ISSUED_COMMON_SHARES":493585433,"HK_COMMON_SHARES":294716196,"PER_SHARES":100,"TOTAL_MARKET_CAP":25172857083,"HKSK_MARKET_CAP":15030525996,"PE_TTM":-37.33759807695,"PB_TTM":4.435237091689,"REPORT_DATE_SQ":"2020-12-31 00:00:00","REPORT_TYPE_SQ":"2020年年报","OPERATE_INCOME_SQ":942238000,"DPS_HKD":null,"OPERATE_INCOME_QOQ_SQ":105.049203730866,"NET_PROFIT_RATIO_SQ":-79.62001108,"HOLDER_PROFIT_SQ":-749650000,"HOLDER_PROFIT_QOQ_SQ":-4.61556066628,"ROE_AVG_SQ":82.111221739183,"PE_TTM_SQ":-11.970903403372,"PB_TTM_SQ":-8.793861349701,"ROA_SQ":-44.196057993435,"START_DATE":"2021-01-01 00:00:00","FISCAL_YEAR":"12-31","CURRENCY":"HKD","IS_CNY_CODE":0,"DPS_HKD_LY":null,"ORG_TYPE":"一般企业","PREMIUM_INCOME":null,"PREMIUM_INCOME_YOY":null,"NET_INTEREST_INCOME":null,"NET_INTEREST_INCOME_YOY":null,"FEE_COMMISSION_INCOME":null,"FEE_COMMISSION_INCOME_YOY":null,"ACCOUNTS_RECE_TDAYS":3.87773337688,"INVENTORY_TDAYS":10.014095963514,"CURRENT_ASSETS_TDAYS":0.58520797958,"TOTAL_ASSETS_TDAYS":0.476898335238,"PREMIUM_EXPENSE":null,"LOAN_DEPOSIT":null,"LOAN_EQUITY":null,"LOAN_ASSETS":null,"DEPOSIT_EQUITY":null,"DEPOSIT_ASSETS":null,"EQUITY_MULTIPLIER":-26.001395088421,"EQUITY_RATIO":-19.07776742702},{"SECUCODE":"06682.HK","SECURITY_CODE":"06682","SECURITY_NAME_ABBR":"第四范式","ORG_CODE":"10000071947","STD_REPORT_DATE":"2021-09-30 00:00:00","REPORT_DATE":"2021-09-30 00:00:00","DATE_TYPE_CODE":"004","REPORT_TYPE":"2021年三季报","PER_NETCASH_OPERATE":-1.148138248048,"PER_OI":3.072073492253,"BPS":-0.034295987823,"BASIC_EPS":-6.61,"DILUTED_EPS":-6.61,"OPERATE_INCOME":1344665000,"OPERATE_INCOME_YOY":134.2977071438,"GROSS_PROFIT":623095000,"GROSS_PROFIT_YOY":129.413042517783,"HOLDER_PROFIT":-1473263000,"HOLDER_PROFIT_YOY":-159.7142771519,"GROSS_PROFIT_RATIO":46.338307310743,"EPS_TTM":-3.782561810896,"OPERATE_INCOME_QOQ":19.362642967736,"NET_PROFIT_RATIO":-109.8823870629,"ROE_AVG":246.581324255137,"GROSS_PROFIT_QOQ":18.349643993334,"ROA":-34.075209968631,"HOLDER_PROFIT_QOQ":-7.008744772849,"ROE_YEARLY":328.775099006849,"ROIC_YEARLY":-46.645540082991,"TOTAL_ASSETS":6631116000,"TOTAL_LIABILITIES":6553602000,"TAX_EBT":-0.501094081485,"OCF_SALES":-37.373397835149,"TOTAL_PARENT_EQUITY":-16928000,"DEBT_ASSET_RATIO":98.8310564918,"OPERATE_PROFIT":null,"PRETAX_PROFIT":-1470183000,"NETCASH_OPERATE":-502547000,"NETCASH_INVEST":-3735738000,"NETCASH_FINANCE":4258952000,"END_CASH":1073140000,"DIVI_RATIO":null,"DIVIDEND_RATE":null,"CURRENT_RATIO":7.074998387159,"COMMON_ACS":null,"CURRENTDEBT_DEBT":11.826015678096,"ISSUED_COMMON_SHARES":493585433,"HK_COMMON_SHARES":294716196,"PER_SHARES":100,"TOTAL_MARKET_CAP":25172857083,"HKSK_MARKET_CAP":15030525996,"PE_TTM":-37.33759807695,"PB_TTM":4.435237091689,"REPORT_DATE_SQ":"2020-09-30 00:00:00","REPORT_TYPE_SQ":"2020年三季报","OPERATE_INCOME_SQ":573913000,"DPS_HKD":null,"OPERATE_INCOME_QOQ_SQ":0,"NET_PROFIT_RATIO_SQ":-98.9362499194,"HOLDER_PROFIT_SQ":-567263000,"HOLDER_PROFIT_QOQ_SQ":0,"ROE_AVG_SQ":null,"PE_TTM_SQ":-11.970903403372,"PB_TTM_SQ":-8.793861349701,"ROA_SQ":null,"START_DATE":"2021-01-01 00:00:00","FISCAL_YEAR":"12-31","CURRENCY":"HKD","IS_CNY_CODE":0,"DPS_HKD_LY":null,"ORG_TYPE":"一般企业","PREMIUM_INCOME":null,"PREMIUM_INCOME_YOY":null,"NET_INTEREST_INCOME":null,"NET_INTEREST_INCOME_YOY":null,"FEE_COMMISSION_INCOME":null,"FEE_COMMISSION_INCOME_YOY":null,"ACCOUNTS_RECE_TDAYS":2.361186471333,"INVENTORY_TDAYS":7.854763563529,"CURRENT_ASSETS_TDAYS":0.36912556388,"TOTAL_ASSETS_TDAYS":0.311008572213,"PREMIUM_EXPENSE":null,"LOAN_DEPOSIT":null,"LOAN_EQUITY":null,"LOAN_ASSETS":null,"DEPOSIT_EQUITY":null,"DEPOSIT_ASSETS":null,"EQUITY_MULTIPLIER":85.547333381392,"EQUITY_RATIO":-387.145675803403}],"count":15},"success":true,"message":"ok","code":0}