{"version":"f3e3d2c9860f15ce1c9dc6c418a2101e","result":{"pages":1,"data":[{"SECUCODE":"06689.HK","SECURITY_CODE":"06689","SECURITY_NAME_ABBR":"洪九果品","ORG_CODE":"10371231","STD_REPORT_DATE":"2023-06-30 00:00:00","REPORT_DATE":"2023-06-30 00:00:00","DATE_TYPE_CODE":"002","REPORT_TYPE":"2023年中报","PER_NETCASH_OPERATE":-0.221257803214,"PER_OI":6.02475999985,"BPS":4.660901300242,"BASIC_EPS":0.57,"DILUTED_EPS":0.57,"OPERATE_INCOME":8537485000,"OPERATE_INCOME_YOY":19.3681884862,"GROSS_PROFIT":1312593000,"GROSS_PROFIT_YOY":-3.013427162887,"HOLDER_PROFIT":803669000,"HOLDER_PROFIT_YOY":-6.2620355348,"GROSS_PROFIT_RATIO":15.374469179155,"EPS_TTM":0.986916346389,"OPERATE_INCOME_QOQ":9.185721790179,"NET_PROFIT_RATIO":9.4048305795,"ROE_AVG":11.598378704342,"GROSS_PROFIT_QOQ":-1.583263519059,"ROA":7.635306517556,"HOLDER_PROFIT_QOQ":-3.69697579007,"ROE_YEARLY":23.196757408683,"ROIC_YEARLY":15.808326531544,"TOTAL_ASSETS":11288591000,"TOTAL_LIABILITIES":3798057000,"TAX_EBT":15.212582061861,"OCF_SALES":-3.672474973602,"TOTAL_PARENT_EQUITY":7485717000,"DEBT_ASSET_RATIO":33.6450935285,"OPERATE_PROFIT":1004187000,"PRETAX_PROFIT":946999000,"NETCASH_OPERATE":-313537000,"NETCASH_INVEST":1153000,"NETCASH_FINANCE":718673000,"END_CASH":556504000,"DIVI_RATIO":null,"DIVIDEND_RATE":null,"CURRENT_RATIO":2.9320371221,"COMMON_ACS":null,"CURRENTDEBT_DEBT":98.646834420863,"ISSUED_COMMON_SHARES":1606066406,"HK_COMMON_SHARES":1136394185,"PER_SHARES":100,"TOTAL_MARKET_CAP":2794555546.44,"HKSK_MARKET_CAP":1977325881.9,"PE_TTM":1.869428903273,"PB_TTM":0.344192055712,"REPORT_DATE_SQ":"2022-06-30 00:00:00","REPORT_TYPE_SQ":"2022年中报","OPERATE_INCOME_SQ":7152228000,"DPS_HKD":null,"OPERATE_INCOME_QOQ_SQ":16.876473846394,"NET_PROFIT_RATIO_SQ":12.0076009881,"HOLDER_PROFIT_SQ":857357000,"HOLDER_PROFIT_QOQ_SQ":292.192321935564,"ROE_AVG_SQ":17.728481735998,"PE_TTM_SQ":4.168611577412,"PB_TTM_SQ":0.767508721932,"ROA_SQ":12.416693803297,"START_DATE":"2023-01-01 00:00:00","FISCAL_YEAR":"12-31","CURRENCY":"HKD","IS_CNY_CODE":0,"DPS_HKD_LY":null,"ORG_TYPE":"一般企业","PREMIUM_INCOME":null,"PREMIUM_INCOME_YOY":null,"NET_INTEREST_INCOME":null,"NET_INTEREST_INCOME_YOY":null,"FEE_COMMISSION_INCOME":null,"FEE_COMMISSION_INCOME_YOY":null,"ACCOUNTS_RECE_TDAYS":0.891800326836,"INVENTORY_TDAYS":31.242100711336,"CURRENT_ASSETS_TDAYS":0.834316395125,"TOTAL_ASSETS_TDAYS":0.811108987208,"PREMIUM_EXPENSE":null,"LOAN_DEPOSIT":null,"LOAN_EQUITY":null,"LOAN_ASSETS":null,"DEPOSIT_EQUITY":null,"DEPOSIT_ASSETS":null,"EQUITY_MULTIPLIER":1.507047561629,"EQUITY_RATIO":0.507373842746},{"SECUCODE":"06689.HK","SECURITY_CODE":"06689","SECURITY_NAME_ABBR":"洪九果品","ORG_CODE":"10371231","STD_REPORT_DATE":"2022-12-31 00:00:00","REPORT_DATE":"2022-12-31 00:00:00","DATE_TYPE_CODE":"001","REPORT_TYPE":"2022年年报","PER_NETCASH_OPERATE":-3.901512022619,"PER_OI":32.266907708572,"BPS":3.967819746552,"BASIC_EPS":3.17,"DILUTED_EPS":3.17,"OPERATE_INCOME":15080546000,"OPERATE_INCOME_YOY":46.6968622989,"GROSS_PROFIT":2575882000,"GROSS_PROFIT_YOY":59.68510341262,"HOLDER_PROFIT":1452214000,"HOLDER_PROFIT_YOY":397.9542991949,"GROSS_PROFIT_RATIO":17.0808271796,"EPS_TTM":3.107212106982,"OPERATE_INCOME_QOQ":25.514449119716,"NET_PROFIT_RATIO":9.6451812819,"ROE_AVG":26.944907917008,"GROSS_PROFIT_QOQ":21.65542073876,"ROA":18.71540874029,"HOLDER_PROFIT_QOQ":26.966865831886,"ROE_YEARLY":26.944907917008,"ROIC_YEARLY":19.207228683647,"TOTAL_ASSETS":9762797000,"TOTAL_LIABILITIES":3384659000,"TAX_EBT":14.956684532312,"OCF_SALES":-12.091372553752,"TOTAL_PARENT_EQUITY":6372582000,"DEBT_ASSET_RATIO":34.6689478435,"OPERATE_PROFIT":1787606000,"PRETAX_PROFIT":1710359000,"NETCASH_OPERATE":-1823445000,"NETCASH_INVEST":-5133000,"NETCASH_FINANCE":1717747000,"END_CASH":149177000,"DIVI_RATIO":null,"DIVIDEND_RATE":null,"CURRENT_RATIO":2.852271626407,"COMMON_ACS":null,"CURRENTDEBT_DEBT":98.202802704792,"ISSUED_COMMON_SHARES":1606066406,"HK_COMMON_SHARES":1136394185,"PER_SHARES":100,"TOTAL_MARKET_CAP":2794555546.44,"HKSK_MARKET_CAP":1977325881.9,"PE_TTM":1.869428903273,"PB_TTM":0.344192055712,"REPORT_DATE_SQ":"2021-12-31 00:00:00","REPORT_TYPE_SQ":"2021年年报","OPERATE_INCOME_SQ":10280074000,"DPS_HKD":null,"OPERATE_INCOME_QOQ_SQ":16.927951744136,"NET_PROFIT_RATIO_SQ":2.8447460592,"HOLDER_PROFIT_SQ":291636000,"HOLDER_PROFIT_QOQ_SQ":3579.94952681388,"ROE_AVG_SQ":6.618234252487,"PE_TTM_SQ":4.673572258181,"PB_TTM_SQ":0.860480139279,"ROA_SQ":6.187298615402,"START_DATE":"2022-01-01 00:00:00","FISCAL_YEAR":"12-31","CURRENCY":"HKD","IS_CNY_CODE":0,"DPS_HKD_LY":null,"ORG_TYPE":"一般企业","PREMIUM_INCOME":null,"PREMIUM_INCOME_YOY":null,"NET_INTEREST_INCOME":null,"NET_INTEREST_INCOME_YOY":null,"FEE_COMMISSION_INCOME":null,"FEE_COMMISSION_INCOME_YOY":null,"ACCOUNTS_RECE_TDAYS":2.134579516507,"INVENTORY_TDAYS":44.751094203495,"CURRENT_ASSETS_TDAYS":1.998969004112,"TOTAL_ASSETS_TDAYS":1.943505450414,"PREMIUM_EXPENSE":null,"LOAN_DEPOSIT":null,"LOAN_EQUITY":null,"LOAN_ASSETS":null,"DEPOSIT_EQUITY":null,"DEPOSIT_ASSETS":null,"EQUITY_MULTIPLIER":1.530665689578,"EQUITY_RATIO":0.531128355822},{"SECUCODE":"06689.HK","SECURITY_CODE":"06689","SECURITY_NAME_ABBR":"洪九果品","ORG_CODE":"10371231","STD_REPORT_DATE":"2022-06-30 00:00:00","REPORT_DATE":"2022-06-30 00:00:00","DATE_TYPE_CODE":"002","REPORT_TYPE":"2022年中报","PER_NETCASH_OPERATE":-1.664412435938,"PER_OI":15.786004052318,"BPS":3.278527575403,"BASIC_EPS":0.63,"DILUTED_EPS":0.63,"OPERATE_INCOME":7152228000,"OPERATE_INCOME_YOY":32.0253542623,"GROSS_PROFIT":1353376000,"GROSS_PROFIT_YOY":59.386092392341,"HOLDER_PROFIT":857357000,"HOLDER_PROFIT_YOY":16327.6106533819,"GROSS_PROFIT_RATIO":18.922439273468,"EPS_TTM":2.524475030569,"OPERATE_INCOME_QOQ":16.876473846394,"NET_PROFIT_RATIO":12.0076009881,"ROE_AVG":17.728481735998,"GROSS_PROFIT_QOQ":31.260162878828,"ROA":12.416693803297,"HOLDER_PROFIT_QOQ":292.192321935564,"ROE_YEARLY":35.456963471996,"ROIC_YEARLY":26.032803615322,"TOTAL_ASSETS":8053631000,"TOTAL_LIABILITIES":2783531000,"TAX_EBT":17.14261456662,"OCF_SALES":-10.543595646,"TOTAL_PARENT_EQUITY":5265533000,"DEBT_ASSET_RATIO":34.5624352544,"OPERATE_PROFIT":1063949000,"PRETAX_PROFIT":1036493000,"NETCASH_OPERATE":-754102000,"NETCASH_INVEST":4330000,"NETCASH_FINANCE":896934000,"END_CASH":389049000,"DIVI_RATIO":null,"DIVIDEND_RATE":null,"CURRENT_RATIO":2.869581470042,"COMMON_ACS":null,"CURRENTDEBT_DEBT":98.701182059765,"ISSUED_COMMON_SHARES":1606066406,"HK_COMMON_SHARES":1136394185,"PER_SHARES":100,"TOTAL_MARKET_CAP":2794555546.44,"HKSK_MARKET_CAP":1977325881.9,"PE_TTM":1.869428903273,"PB_TTM":0.344192055712,"REPORT_DATE_SQ":"2021-06-30 00:00:00","REPORT_TYPE_SQ":"2021年中报","OPERATE_INCOME_SQ":5417314000,"DPS_HKD":null,"OPERATE_INCOME_QOQ_SQ":52.334194650822,"NET_PROFIT_RATIO_SQ":0.102449295,"HOLDER_PROFIT_SQ":5219000,"HOLDER_PROFIT_QOQ_SQ":206.339389253962,"ROE_AVG_SQ":null,"PE_TTM_SQ":4.673572258181,"PB_TTM_SQ":0.860480139279,"ROA_SQ":0.117347351759,"START_DATE":"2022-01-01 00:00:00","FISCAL_YEAR":"12-31","CURRENCY":"HKD","IS_CNY_CODE":0,"DPS_HKD_LY":null,"ORG_TYPE":"一般企业","PREMIUM_INCOME":null,"PREMIUM_INCOME_YOY":null,"NET_INTEREST_INCOME":null,"NET_INTEREST_INCOME_YOY":null,"FEE_COMMISSION_INCOME":null,"FEE_COMMISSION_INCOME_YOY":null,"ACCOUNTS_RECE_TDAYS":1.152537560416,"INVENTORY_TDAYS":26.249304595217,"CURRENT_ASSETS_TDAYS":1.060242521263,"TOTAL_ASSETS_TDAYS":1.035823176196,"PREMIUM_EXPENSE":null,"LOAN_DEPOSIT":null,"LOAN_EQUITY":null,"LOAN_ASSETS":null,"DEPOSIT_EQUITY":null,"DEPOSIT_ASSETS":null,"EQUITY_MULTIPLIER":1.528174228194,"EQUITY_RATIO":0.528632334087},{"SECUCODE":"06689.HK","SECURITY_CODE":"06689","SECURITY_NAME_ABBR":"洪九果品","ORG_CODE":"10371231","STD_REPORT_DATE":"2021-12-31 00:00:00","REPORT_DATE":"2021-12-31 00:00:00","DATE_TYPE_CODE":"001","REPORT_TYPE":"2021年年报","PER_NETCASH_OPERATE":-2.166579852298,"PER_OI":22.689613617202,"BPS":2.743692903069,"BASIC_EPS":1.5,"DILUTED_EPS":1.5,"OPERATE_INCOME":10280074000,"OPERATE_INCOME_YOY":78.1212536111,"GROSS_PROFIT":1613101000,"GROSS_PROFIT_YOY":68.527809004024,"HOLDER_PROFIT":291636000,"HOLDER_PROFIT_YOY":11173.1349052957,"GROSS_PROFIT_RATIO":15.691531014271,"EPS_TTM":0.643682930382,"OPERATE_INCOME_QOQ":16.927951744136,"NET_PROFIT_RATIO":2.8447460592,"ROE_AVG":6.618234252487,"GROSS_PROFIT_QOQ":18.12077440784,"ROA":6.187298615402,"HOLDER_PROFIT_QOQ":3579.94952681388,"ROE_YEARLY":6.618234252487,"ROIC_YEARLY":6.623747838065,"TOTAL_ASSETS":5756116000,"TOTAL_LIABILITIES":1346453000,"TAX_EBT":41.457155154294,"OCF_SALES":-9.548773676143,"TOTAL_PARENT_EQUITY":4406553000,"DEBT_ASSET_RATIO":23.3916932876,"OPERATE_PROFIT":1325819000,"PRETAX_PROFIT":499535000,"NETCASH_OPERATE":-981621000,"NETCASH_INVEST":128932000,"NETCASH_FINANCE":720885000,"END_CASH":239534000,"DIVI_RATIO":null,"DIVIDEND_RATE":null,"CURRENT_RATIO":4.276094137455,"COMMON_ACS":null,"CURRENTDEBT_DEBT":97.399909243026,"ISSUED_COMMON_SHARES":1606066406,"HK_COMMON_SHARES":1136394185,"PER_SHARES":100,"TOTAL_MARKET_CAP":2794555546.44,"HKSK_MARKET_CAP":1977325881.9,"PE_TTM":1.869428903273,"PB_TTM":0.344192055712,"REPORT_DATE_SQ":"2020-12-31 00:00:00","REPORT_TYPE_SQ":"2020年年报","OPERATE_INCOME_SQ":5771391000,"DPS_HKD":null,"OPERATE_INCOME_QOQ_SQ":177.778280471118,"NET_PROFIT_RATIO_SQ":0.0477181324,"HOLDER_PROFIT_SQ":2587000,"HOLDER_PROFIT_QOQ_SQ":-98.414216272213,"ROE_AVG_SQ":null,"PE_TTM_SQ":4.673572258181,"PB_TTM_SQ":0.860480139279,"ROA_SQ":0.091633396282,"START_DATE":"2021-01-01 00:00:00","FISCAL_YEAR":"12-31","CURRENCY":"HKD","IS_CNY_CODE":0,"DPS_HKD_LY":null,"ORG_TYPE":"一般企业","PREMIUM_INCOME":null,"PREMIUM_INCOME_YOY":null,"NET_INTEREST_INCOME":null,"NET_INTEREST_INCOME_YOY":null,"FEE_COMMISSION_INCOME":null,"FEE_COMMISSION_INCOME_YOY":null,"ACCOUNTS_RECE_TDAYS":2.54999308555,"INVENTORY_TDAYS":53.518168261349,"CURRENT_ASSETS_TDAYS":2.240856314842,"TOTAL_ASSETS_TDAYS":2.181002606895,"PREMIUM_EXPENSE":null,"LOAN_DEPOSIT":null,"LOAN_EQUITY":null,"LOAN_ASSETS":null,"DEPOSIT_EQUITY":null,"DEPOSIT_ASSETS":null,"EQUITY_MULTIPLIER":1.30534147394,"EQUITY_RATIO":0.305556973898},{"SECUCODE":"06689.HK","SECURITY_CODE":"06689","SECURITY_NAME_ABBR":"洪九果品","ORG_CODE":"10371231","STD_REPORT_DATE":"2021-06-30 00:00:00","REPORT_DATE":"2021-06-30 00:00:00","DATE_TYPE_CODE":"002","REPORT_TYPE":"2021年中报","PER_NETCASH_OPERATE":-1.639974926833,"PER_OI":11.956797344363,"BPS":null,"BASIC_EPS":0.01,"DILUTED_EPS":0.01,"OPERATE_INCOME":5417314000,"OPERATE_INCOME_YOY":126.0130676961,"GROSS_PROFIT":849118000,"GROSS_PROFIT_YOY":92.695386165532,"HOLDER_PROFIT":5219000,"HOLDER_PROFIT_YOY":4485.7142857143,"GROSS_PROFIT_RATIO":15.674151433718,"EPS_TTM":0.017491623885,"OPERATE_INCOME_QOQ":52.334194650822,"NET_PROFIT_RATIO":0.102449295,"ROE_AVG":null,"GROSS_PROFIT_QOQ":42.674148428914,"ROA":0.117347351759,"HOLDER_PROFIT_QOQ":206.339389253962,"ROE_YEARLY":null,"ROIC_YEARLY":0.259729369363,"TOTAL_ASSETS":5224151000,"TOTAL_LIABILITIES":5221506000,"TAX_EBT":94.865437455477,"OCF_SALES":-13.715837774956,"TOTAL_PARENT_EQUITY":null,"DEBT_ASSET_RATIO":99.9493697636,"OPERATE_PROFIT":718971000,"PRETAX_PROFIT":108091000,"NETCASH_OPERATE":-743030000,"NETCASH_INVEST":144397000,"NETCASH_FINANCE":701318000,"END_CASH":476207000,"DIVI_RATIO":null,"DIVIDEND_RATE":null,"CURRENT_RATIO":0.984541295645,"COMMON_ACS":null,"CURRENTDEBT_DEBT":99.01915271188,"ISSUED_COMMON_SHARES":1606066406,"HK_COMMON_SHARES":1136394185,"PER_SHARES":100,"TOTAL_MARKET_CAP":2794555546.44,"HKSK_MARKET_CAP":1977325881.9,"PE_TTM":1.869428903273,"PB_TTM":0.344192055712,"REPORT_DATE_SQ":"2020-06-30 00:00:00","REPORT_TYPE_SQ":"2020年中报","OPERATE_INCOME_SQ":2396903000,"DPS_HKD":null,"OPERATE_INCOME_QOQ_SQ":0,"NET_PROFIT_RATIO_SQ":-0.0172305679,"HOLDER_PROFIT_SQ":-119000,"HOLDER_PROFIT_QOQ_SQ":0,"ROE_AVG_SQ":null,"PE_TTM_SQ":4.673572258181,"PB_TTM_SQ":0.860480139279,"ROA_SQ":null,"START_DATE":"2021-01-01 00:00:00","FISCAL_YEAR":"12-31","CURRENCY":"HKD","IS_CNY_CODE":0,"DPS_HKD_LY":null,"ORG_TYPE":"一般企业","PREMIUM_INCOME":null,"PREMIUM_INCOME_YOY":null,"NET_INTEREST_INCOME":null,"NET_INTEREST_INCOME_YOY":null,"FEE_COMMISSION_INCOME":null,"FEE_COMMISSION_INCOME_YOY":null,"ACCOUNTS_RECE_TDAYS":1.467884802244,"INVENTORY_TDAYS":35.217176116872,"CURRENT_ASSETS_TDAYS":1.251453254508,"TOTAL_ASSETS_TDAYS":1.218063712484,"PREMIUM_EXPENSE":null,"LOAN_DEPOSIT":null,"LOAN_EQUITY":null,"LOAN_ASSETS":null,"DEPOSIT_EQUITY":null,"DEPOSIT_ASSETS":null,"EQUITY_MULTIPLIER":1975.10434693544,"EQUITY_RATIO":null},{"SECUCODE":"06689.HK","SECURITY_CODE":"06689","SECURITY_NAME_ABBR":"洪九果品","ORG_CODE":"10371231","STD_REPORT_DATE":"2020-12-31 00:00:00","REPORT_DATE":"2020-12-31 00:00:00","DATE_TYPE_CODE":"001","REPORT_TYPE":"2020年年报","PER_NETCASH_OPERATE":-1.775354577839,"PER_OI":12.738296613798,"BPS":null,"BASIC_EPS":0.01,"DILUTED_EPS":0.01,"OPERATE_INCOME":5771391000,"OPERATE_INCOME_YOY":177.7782804711,"GROSS_PROFIT":957172000,"GROSS_PROFIT_YOY":143.592405965287,"HOLDER_PROFIT":2587000,"HOLDER_PROFIT_YOY":-98.4142162722,"GROSS_PROFIT_RATIO":16.584771331556,"EPS_TTM":0.005709884037,"OPERATE_INCOME_QOQ":177.778280471118,"NET_PROFIT_RATIO":0.0477181324,"ROE_AVG":null,"GROSS_PROFIT_QOQ":143.592405965287,"ROA":0.091633396282,"HOLDER_PROFIT_QOQ":-98.414216272213,"ROE_YEARLY":null,"ROIC_YEARLY":0.101655407423,"TOTAL_ASSETS":3670809000,"TOTAL_LIABILITIES":3668451000,"TAX_EBT":97.7995813292,"OCF_SALES":-13.937142709617,"TOTAL_PARENT_EQUITY":null,"DEBT_ASSET_RATIO":99.9357634788,"OPERATE_PROFIT":790339000,"PRETAX_PROFIT":125158000,"NETCASH_OPERATE":-804367000,"NETCASH_INVEST":73379000,"NETCASH_FINANCE":932852000,"END_CASH":376153000,"DIVI_RATIO":null,"DIVIDEND_RATE":null,"CURRENT_RATIO":0.984690839761,"COMMON_ACS":null,"CURRENTDEBT_DEBT":98.753751924177,"ISSUED_COMMON_SHARES":1606066406,"HK_COMMON_SHARES":1136394185,"PER_SHARES":100,"TOTAL_MARKET_CAP":2794555546.44,"HKSK_MARKET_CAP":1977325881.9,"PE_TTM":1.869428903273,"PB_TTM":0.344192055712,"REPORT_DATE_SQ":"2019-12-31 00:00:00","REPORT_TYPE_SQ":"2019年年报","OPERATE_INCOME_SQ":2077697000,"DPS_HKD":null,"OPERATE_INCOME_QOQ_SQ":69.479528977232,"NET_PROFIT_RATIO_SQ":7.8495565041,"HOLDER_PROFIT_SQ":163137000,"HOLDER_PROFIT_QOQ_SQ":45.570953090562,"ROE_AVG_SQ":null,"PE_TTM_SQ":4.673572258181,"PB_TTM_SQ":0.860480139279,"ROA_SQ":10.59813590472,"START_DATE":"2020-01-01 00:00:00","FISCAL_YEAR":"12-31","CURRENCY":"HKD","IS_CNY_CODE":0,"DPS_HKD_LY":null,"ORG_TYPE":"一般企业","PREMIUM_INCOME":null,"PREMIUM_INCOME_YOY":null,"NET_INTEREST_INCOME":null,"NET_INTEREST_INCOME_YOY":null,"FEE_COMMISSION_INCOME":null,"FEE_COMMISSION_INCOME_YOY":null,"ACCOUNTS_RECE_TDAYS":2.67624891463,"INVENTORY_TDAYS":56.118608405751,"CURRENT_ASSETS_TDAYS":2.114064573319,"TOTAL_ASSETS_TDAYS":2.04426810437,"PREMIUM_EXPENSE":null,"LOAN_DEPOSIT":null,"LOAN_EQUITY":null,"LOAN_ASSETS":null,"DEPOSIT_EQUITY":null,"DEPOSIT_ASSETS":null,"EQUITY_MULTIPLIER":1556.74681835042,"EQUITY_RATIO":null},{"SECUCODE":"06689.HK","SECURITY_CODE":"06689","SECURITY_NAME_ABBR":"洪九果品","ORG_CODE":"10371231","STD_REPORT_DATE":"2020-06-30 00:00:00","REPORT_DATE":"2020-06-30 00:00:00","DATE_TYPE_CODE":"002","REPORT_TYPE":"2020年中报","PER_NETCASH_OPERATE":null,"PER_OI":null,"BPS":null,"BASIC_EPS":0,"DILUTED_EPS":0,"OPERATE_INCOME":2396903000,"OPERATE_INCOME_YOY":null,"GROSS_PROFIT":440653000,"GROSS_PROFIT_YOY":null,"HOLDER_PROFIT":-119000,"HOLDER_PROFIT_YOY":null,"GROSS_PROFIT_RATIO":18.384265028664,"EPS_TTM":1.239360328193,"OPERATE_INCOME_QOQ":0,"NET_PROFIT_RATIO":-0.0172305679,"ROE_AVG":null,"GROSS_PROFIT_QOQ":0,"ROA":null,"HOLDER_PROFIT_QOQ":0,"ROE_YEARLY":null,"ROIC_YEARLY":null,"TOTAL_ASSETS":null,"TOTAL_LIABILITIES":null,"TAX_EBT":100.75603639226,"OCF_SALES":-21.060885651192,"TOTAL_PARENT_EQUITY":null,"DEBT_ASSET_RATIO":null,"OPERATE_PROFIT":null,"PRETAX_PROFIT":54627000,"NETCASH_OPERATE":-504809000,"NETCASH_INVEST":156944000,"NETCASH_FINANCE":371144000,"END_CASH":198783000,"DIVI_RATIO":null,"DIVIDEND_RATE":null,"CURRENT_RATIO":null,"COMMON_ACS":null,"CURRENTDEBT_DEBT":null,"ISSUED_COMMON_SHARES":1606066406,"HK_COMMON_SHARES":1136394185,"PER_SHARES":100,"TOTAL_MARKET_CAP":2794555546.44,"HKSK_MARKET_CAP":1977325881.9,"PE_TTM":1.869428903273,"PB_TTM":0.344192055712,"REPORT_DATE_SQ":"2019-06-30 00:00:00","REPORT_TYPE_SQ":"2019年中报","OPERATE_INCOME_SQ":null,"DPS_HKD":null,"OPERATE_INCOME_QOQ_SQ":0,"NET_PROFIT_RATIO_SQ":null,"HOLDER_PROFIT_SQ":null,"HOLDER_PROFIT_QOQ_SQ":0,"ROE_AVG_SQ":null,"PE_TTM_SQ":4.673572258181,"PB_TTM_SQ":0.860480139279,"ROA_SQ":null,"START_DATE":"2020-01-01 00:00:00","FISCAL_YEAR":"12-31","CURRENCY":"HKD","IS_CNY_CODE":0,"DPS_HKD_LY":null,"ORG_TYPE":"一般企业","PREMIUM_INCOME":null,"PREMIUM_INCOME_YOY":null,"NET_INTEREST_INCOME":null,"NET_INTEREST_INCOME_YOY":null,"FEE_COMMISSION_INCOME":null,"FEE_COMMISSION_INCOME_YOY":null,"ACCOUNTS_RECE_TDAYS":null,"INVENTORY_TDAYS":null,"CURRENT_ASSETS_TDAYS":2.532756245895,"TOTAL_ASSETS_TDAYS":2.426501464868,"PREMIUM_EXPENSE":null,"LOAN_DEPOSIT":null,"LOAN_EQUITY":null,"LOAN_ASSETS":null,"DEPOSIT_EQUITY":null,"DEPOSIT_ASSETS":null,"EQUITY_MULTIPLIER":null,"EQUITY_RATIO":null},{"SECUCODE":"06689.HK","SECURITY_CODE":"06689","SECURITY_NAME_ABBR":"洪九果品","ORG_CODE":"10371231","STD_REPORT_DATE":"2019-12-31 00:00:00","REPORT_DATE":"2019-12-31 00:00:00","DATE_TYPE_CODE":"001","REPORT_TYPE":"2019年年报","PER_NETCASH_OPERATE":-3.416918635569,"PER_OI":15.784372863329,"BPS":null,"BASIC_EPS":0.47,"DILUTED_EPS":0.45,"OPERATE_INCOME":2077697000,"OPERATE_INCOME_YOY":69.4795289772,"GROSS_PROFIT":392940000,"GROSS_PROFIT_YOY":83.20333080011,"HOLDER_PROFIT":163137000,"HOLDER_PROFIT_YOY":45.5709530906,"GROSS_PROFIT_RATIO":18.912286055185,"EPS_TTM":1.239360328193,"OPERATE_INCOME_QOQ":69.479528977232,"NET_PROFIT_RATIO":7.8495565041,"ROE_AVG":null,"GROSS_PROFIT_QOQ":83.20333080011,"ROA":10.59813590472,"HOLDER_PROFIT_QOQ":45.570953090562,"ROE_YEARLY":null,"ROIC_YEARLY":11.953819335296,"TOTAL_ASSETS":1975604000,"TOTAL_LIABILITIES":1973390000,"TAX_EBT":23.053332830075,"OCF_SALES":-21.647477952753,"TOTAL_PARENT_EQUITY":null,"DEBT_ASSET_RATIO":99.8879330068,"OPERATE_PROFIT":279526000,"PRETAX_PROFIT":211952000,"NETCASH_OPERATE":-449769000,"NETCASH_INVEST":-157275000,"NETCASH_FINANCE":611422000,"END_CASH":175944000,"DIVI_RATIO":null,"DIVIDEND_RATE":null,"CURRENT_RATIO":0.961296197728,"COMMON_ACS":null,"CURRENTDEBT_DEBT":99.773891628112,"ISSUED_COMMON_SHARES":1606066406,"HK_COMMON_SHARES":1136394185,"PER_SHARES":100,"TOTAL_MARKET_CAP":2794555546.44,"HKSK_MARKET_CAP":1977325881.9,"PE_TTM":1.869428903273,"PB_TTM":0.344192055712,"REPORT_DATE_SQ":"2018-12-31 00:00:00","REPORT_TYPE_SQ":"2018年年报","OPERATE_INCOME_SQ":1225928000,"DPS_HKD":null,"OPERATE_INCOME_QOQ_SQ":null,"NET_PROFIT_RATIO_SQ":9.1489059716,"HOLDER_PROFIT_SQ":112067000,"HOLDER_PROFIT_QOQ_SQ":null,"ROE_AVG_SQ":32.587184027869,"PE_TTM_SQ":4.673572258181,"PB_TTM_SQ":0.860480139279,"ROA_SQ":10.160254724867,"START_DATE":"2019-01-01 00:00:00","FISCAL_YEAR":"12-31","CURRENCY":"HKD","IS_CNY_CODE":0,"DPS_HKD_LY":null,"ORG_TYPE":"一般企业","PREMIUM_INCOME":null,"PREMIUM_INCOME_YOY":null,"NET_INTEREST_INCOME":null,"NET_INTEREST_INCOME_YOY":null,"FEE_COMMISSION_INCOME":null,"FEE_COMMISSION_INCOME_YOY":null,"ACCOUNTS_RECE_TDAYS":1.951744120782,"INVENTORY_TDAYS":38.33000409519,"CURRENT_ASSETS_TDAYS":1.407478336034,"TOTAL_ASSETS_TDAYS":1.349768303624,"PREMIUM_EXPENSE":null,"LOAN_DEPOSIT":null,"LOAN_EQUITY":null,"LOAN_ASSETS":null,"DEPOSIT_EQUITY":null,"DEPOSIT_ASSETS":null,"EQUITY_MULTIPLIER":892.323396430702,"EQUITY_RATIO":null},{"SECUCODE":"06689.HK","SECURITY_CODE":"06689","SECURITY_NAME_ABBR":"洪九果品","ORG_CODE":"10371231","STD_REPORT_DATE":"2018-12-31 00:00:00","REPORT_DATE":"2018-12-31 00:00:00","DATE_TYPE_CODE":"001","REPORT_TYPE":"2018年年报","PER_NETCASH_OPERATE":-4.286219178585,"PER_OI":11.253860135495,"BPS":0.214125019187,"BASIC_EPS":0.42,"DILUTED_EPS":0.34,"OPERATE_INCOME":1225928000,"OPERATE_INCOME_YOY":null,"GROSS_PROFIT":214483000,"GROSS_PROFIT_YOY":null,"HOLDER_PROFIT":112067000,"HOLDER_PROFIT_YOY":null,"GROSS_PROFIT_RATIO":17.495562545272,"EPS_TTM":1.028760533901,"OPERATE_INCOME_QOQ":null,"NET_PROFIT_RATIO":9.1489059716,"ROE_AVG":32.587184027869,"GROSS_PROFIT_QOQ":null,"ROA":10.160254724867,"HOLDER_PROFIT_QOQ":null,"ROE_YEARLY":32.587184027869,"ROIC_YEARLY":12.024253010704,"TOTAL_ASSETS":1102994000,"TOTAL_LIABILITIES":757007000,"TAX_EBT":18.990697136914,"OCF_SALES":-38.086657617739,"TOTAL_PARENT_EQUITY":343899000,"DEBT_ASSET_RATIO":68.6320143174,"OPERATE_PROFIT":null,"PRETAX_PROFIT":138452000,"NETCASH_OPERATE":-466915000,"NETCASH_INVEST":168233000,"NETCASH_FINANCE":458476000,"END_CASH":168898000,"DIVI_RATIO":null,"DIVIDEND_RATE":null,"CURRENT_RATIO":1.404686596921,"COMMON_ACS":null,"CURRENTDEBT_DEBT":99.650861881066,"ISSUED_COMMON_SHARES":1606066406,"HK_COMMON_SHARES":1136394185,"PER_SHARES":100,"TOTAL_MARKET_CAP":2794555546.44,"HKSK_MARKET_CAP":1977325881.9,"PE_TTM":1.869428903273,"PB_TTM":0.344192055712,"REPORT_DATE_SQ":"2017-12-31 00:00:00","REPORT_TYPE_SQ":"2017年年报","OPERATE_INCOME_SQ":null,"DPS_HKD":null,"OPERATE_INCOME_QOQ_SQ":null,"NET_PROFIT_RATIO_SQ":null,"HOLDER_PROFIT_SQ":null,"HOLDER_PROFIT_QOQ_SQ":null,"ROE_AVG_SQ":null,"PE_TTM_SQ":4.673572258181,"PB_TTM_SQ":0.860480139279,"ROA_SQ":null,"START_DATE":"2018-01-01 00:00:00","FISCAL_YEAR":"12-31","CURRENCY":"HKD","IS_CNY_CODE":0,"DPS_HKD_LY":null,"ORG_TYPE":"一般企业","PREMIUM_INCOME":null,"PREMIUM_INCOME_YOY":null,"NET_INTEREST_INCOME":null,"NET_INTEREST_INCOME_YOY":null,"FEE_COMMISSION_INCOME":null,"FEE_COMMISSION_INCOME_YOY":null,"ACCOUNTS_RECE_TDAYS":1.645264888442,"INVENTORY_TDAYS":64.744911022916,"CURRENT_ASSETS_TDAYS":2.313846618443,"TOTAL_ASSETS_TDAYS":2.222909644114,"PREMIUM_EXPENSE":null,"LOAN_DEPOSIT":null,"LOAN_EQUITY":null,"LOAN_ASSETS":null,"DEPOSIT_EQUITY":null,"DEPOSIT_ASSETS":null,"EQUITY_MULTIPLIER":3.18796370962,"EQUITY_RATIO":2.201248040849}],"count":9},"success":true,"message":"ok","code":0}