{"version":"7e0a5a5762376c941a82f9146c770b5f","result":{"pages":1,"data":[{"SECUCODE":"06681.HK","SECURITY_CODE":"06681","SECURITY_NAME_ABBR":"脑动极光-B","ORG_CODE":"10000592521","STD_REPORT_DATE":"2024-06-30 00:00:00","REPORT_DATE":"2024-06-30 00:00:00","DATE_TYPE_CODE":"002","REPORT_TYPE":"2024年中报","PER_NETCASH_OPERATE":-0.05382658236,"PER_OI":0.03697882716,"BPS":-0.324701210951,"BASIC_EPS":-0.13,"DILUTED_EPS":-0.13,"OPERATE_INCOME":51887000,"OPERATE_INCOME_YOY":112.5471079797,"GROSS_PROFIT":24520000,"GROSS_PROFIT_YOY":102.59439808312,"HOLDER_PROFIT":-114328000,"HOLDER_PROFIT_YOY":51.2662139755,"GROSS_PROFIT_RATIO":47.256538246574,"EPS_TTM":-0.17019796152,"OPERATE_INCOME_QOQ":14.729762481823,"NET_PROFIT_RATIO":-220.4579181683,"ROE_AVG":30.762276335262,"GROSS_PROFIT_QOQ":16.174780610113,"ROA":-32.034475560431,"HOLDER_PROFIT_QOQ":24.227165570436,"ROE_YEARLY":61.524552670523,"ROIC_YEARLY":-76.16217971671,"TOTAL_ASSETS":318927000,"TOTAL_LIABILITIES":730193000,"TAX_EBT":null,"OCF_SALES":-145.560545030547,"TOTAL_PARENT_EQUITY":-411162000,"DEBT_ASSET_RATIO":228.9530205972,"OPERATE_PROFIT":-103485000,"PRETAX_PROFIT":-114389000,"NETCASH_OPERATE":-75527000,"NETCASH_INVEST":86002000,"NETCASH_FINANCE":-12190000,"END_CASH":55906000,"DIVI_RATIO":null,"DIVIDEND_RATE":null,"CURRENT_RATIO":0.715522090407,"COMMON_ACS":500000000000,"CURRENTDEBT_DEBT":53.563920771632,"ISSUED_COMMON_SHARES":1266278000,"HK_COMMON_SHARES":1266278000,"PER_SHARES":1000,"TOTAL_MARKET_CAP":7471040200,"HKSK_MARKET_CAP":7471040200,"PE_TTM":-27.975162278244,"PB_TTM":-16.583898730272,"REPORT_DATE_SQ":"2023-06-30 00:00:00","REPORT_TYPE_SQ":"2023年中报","OPERATE_INCOME_SQ":24412000,"DPS_HKD":null,"OPERATE_INCOME_QOQ_SQ":0,"NET_PROFIT_RATIO_SQ":-960.8798951335,"HOLDER_PROFIT_SQ":-234597000,"HOLDER_PROFIT_QOQ_SQ":0,"ROE_AVG_SQ":null,"PE_TTM_SQ":null,"PB_TTM_SQ":null,"ROA_SQ":null,"START_DATE":"2024-01-01 00:00:00","FISCAL_YEAR":"12-31","CURRENCY":"HKD","IS_CNY_CODE":0,"DPS_HKD_LY":null,"ORG_TYPE":"一般企业","PREMIUM_INCOME":null,"PREMIUM_INCOME_YOY":null,"NET_INTEREST_INCOME":null,"NET_INTEREST_INCOME_YOY":null,"FEE_COMMISSION_INCOME":null,"FEE_COMMISSION_INCOME_YOY":null,"ACCOUNTS_RECE_TDAYS":0.577494337691,"INVENTORY_TDAYS":null,"CURRENT_ASSETS_TDAYS":0.178128631482,"TOTAL_ASSETS_TDAYS":0.145386329981,"PREMIUM_EXPENSE":null,"LOAN_DEPOSIT":null,"LOAN_EQUITY":null,"LOAN_ASSETS":null,"DEPOSIT_EQUITY":null,"DEPOSIT_ASSETS":null,"EQUITY_MULTIPLIER":-0.775476212476,"EQUITY_RATIO":-1.775925304381},{"SECUCODE":"06681.HK","SECURITY_CODE":"06681","SECURITY_NAME_ABBR":"脑动极光-B","ORG_CODE":"10000592521","STD_REPORT_DATE":"2024-03-31 00:00:00","REPORT_DATE":"2024-03-31 00:00:00","DATE_TYPE_CODE":"003","REPORT_TYPE":"2024年一季报","PER_NETCASH_OPERATE":-0.028817052,"PER_OI":0.018364698,"BPS":-0.290876884855,"BASIC_EPS":-0.06,"DILUTED_EPS":-0.06,"OPERATE_INCOME":25884000,"OPERATE_INCOME_YOY":145.0208254449,"GROSS_PROFIT":11813000,"GROSS_PROFIT_YOY":111.361603149043,"HOLDER_PROFIT":-51547000,"HOLDER_PROFIT_YOY":46.0009009103,"GROSS_PROFIT_RATIO":45.638232112502,"EPS_TTM":-0.2236138245,"OPERATE_INCOME_QOQ":22.797619047619,"NET_PROFIT_RATIO":-199.3818575182,"ROE_AVG":14.717853323987,"GROSS_PROFIT_QOQ":19.411177644711,"ROA":-13.698215142259,"HOLDER_PROFIT_QOQ":12.228927573848,"ROE_YEARLY":58.871413295949,"ROIC_YEARLY":-63.068320853521,"TOTAL_ASSETS":357755000,"TOTAL_LIABILITIES":726190000,"TAX_EBT":null,"OCF_SALES":-156.915469015608,"TOTAL_PARENT_EQUITY":-368331000,"DEBT_ASSET_RATIO":202.9852832246,"OPERATE_PROFIT":-41460000,"PRETAX_PROFIT":-51608000,"NETCASH_OPERATE":-40616000,"NETCASH_INVEST":27389000,"NETCASH_FINANCE":-3039000,"END_CASH":41323000,"DIVI_RATIO":null,"DIVIDEND_RATE":null,"CURRENT_RATIO":0.736682015861,"COMMON_ACS":500000000000,"CURRENTDEBT_DEBT":53.828887756648,"ISSUED_COMMON_SHARES":1266278000,"HK_COMMON_SHARES":1266278000,"PER_SHARES":1000,"TOTAL_MARKET_CAP":null,"HKSK_MARKET_CAP":null,"PE_TTM":null,"PB_TTM":null,"REPORT_DATE_SQ":"2023-03-31 00:00:00","REPORT_TYPE_SQ":"2023年一季报","OPERATE_INCOME_SQ":10564000,"DPS_HKD":null,"OPERATE_INCOME_QOQ_SQ":84.908334071384,"NET_PROFIT_RATIO_SQ":-903.6444528588,"HOLDER_PROFIT_SQ":-95459000,"HOLDER_PROFIT_QOQ_SQ":57.882344980217,"ROE_AVG_SQ":8.600200457223,"PE_TTM_SQ":null,"PB_TTM_SQ":null,"ROA_SQ":-21.716030242607,"START_DATE":"2024-01-01 00:00:00","FISCAL_YEAR":"12-31","CURRENCY":"HKD","IS_CNY_CODE":0,"DPS_HKD_LY":null,"ORG_TYPE":"一般企业","PREMIUM_INCOME":null,"PREMIUM_INCOME_YOY":null,"NET_INTEREST_INCOME":null,"NET_INTEREST_INCOME_YOY":null,"FEE_COMMISSION_INCOME":null,"FEE_COMMISSION_INCOME_YOY":null,"ACCOUNTS_RECE_TDAYS":0.306344904312,"INVENTORY_TDAYS":null,"CURRENT_ASSETS_TDAYS":0.087639433682,"TOTAL_ASSETS_TDAYS":0.068784720884,"PREMIUM_EXPENSE":null,"LOAN_DEPOSIT":null,"LOAN_EQUITY":null,"LOAN_ASSETS":null,"DEPOSIT_EQUITY":null,"DEPOSIT_ASSETS":null,"EQUITY_MULTIPLIER":-0.971012525954,"EQUITY_RATIO":-1.971569050664},{"SECUCODE":"06681.HK","SECURITY_CODE":"06681","SECURITY_NAME_ABBR":"脑动极光-B","ORG_CODE":"10000592521","STD_REPORT_DATE":"2023-12-31 00:00:00","REPORT_DATE":"2023-12-31 00:00:00","DATE_TYPE_CODE":"001","REPORT_TYPE":"2023年年报","PER_NETCASH_OPERATE":-0.09694233144,"PER_OI":0.047595744,"BPS":-0.262294693582,"BASIC_EPS":-0.62,"DILUTED_EPS":-0.62,"OPERATE_INCOME":67200000,"OPERATE_INCOME_YOY":495.1642901426,"GROSS_PROFIT":32064000,"GROSS_PROFIT_YOY":872.520473157416,"HOLDER_PROFIT":-359083000,"HOLDER_PROFIT_YOY":28.533869902,"GROSS_PROFIT_RATIO":47.714285714286,"EPS_TTM":-0.25432771641,"OPERATE_INCOME_QOQ":221.869910911007,"NET_PROFIT_RATIO":-534.3988095238,"ROE_AVG":50.349172830911,"GROSS_PROFIT_QOQ":284.460431654676,"ROA":-88.341603706045,"HOLDER_PROFIT_QOQ":-69.682120394479,"ROE_YEARLY":50.349172830911,"ROIC_YEARLY":-103.038650649151,"TOTAL_ASSETS":394854000,"TOTAL_LIABILITIES":727035000,"TAX_EBT":null,"OCF_SALES":-203.678571428571,"TOTAL_PARENT_EQUITY":-332138000,"DEBT_ASSET_RATIO":184.1275509429,"OPERATE_PROFIT":-338900000,"PRETAX_PROFIT":-359116000,"NETCASH_OPERATE":-136872000,"NETCASH_INVEST":102553000,"NETCASH_FINANCE":63527000,"END_CASH":57577000,"DIVI_RATIO":null,"DIVIDEND_RATE":null,"CURRENT_RATIO":0.770595961756,"COMMON_ACS":500000000000,"CURRENTDEBT_DEBT":54.033712269698,"ISSUED_COMMON_SHARES":1266278000,"HK_COMMON_SHARES":1266278000,"PER_SHARES":1000,"TOTAL_MARKET_CAP":null,"HKSK_MARKET_CAP":null,"PE_TTM":null,"PB_TTM":null,"REPORT_DATE_SQ":"2022-12-31 00:00:00","REPORT_TYPE_SQ":"2022年年报","OPERATE_INCOME_SQ":11291000,"DPS_HKD":null,"OPERATE_INCOME_QOQ_SQ":391.12657677251,"NET_PROFIT_RATIO_SQ":-4450.1018510318,"HOLDER_PROFIT_SQ":-502452000,"HOLDER_PROFIT_QOQ_SQ":27.998658712565,"ROE_AVG_SQ":56.59792037686,"PE_TTM_SQ":null,"PB_TTM_SQ":null,"ROA_SQ":-127.301979006468,"START_DATE":"2023-01-01 00:00:00","FISCAL_YEAR":"12-31","CURRENCY":"HKD","IS_CNY_CODE":0,"DPS_HKD_LY":null,"ORG_TYPE":"一般企业","PREMIUM_INCOME":null,"PREMIUM_INCOME_YOY":null,"NET_INTEREST_INCOME":null,"NET_INTEREST_INCOME_YOY":null,"FEE_COMMISSION_INCOME":null,"FEE_COMMISSION_INCOME_YOY":null,"ACCOUNTS_RECE_TDAYS":1.403992603968,"INVENTORY_TDAYS":null,"CURRENT_ASSETS_TDAYS":0.220364716723,"TOTAL_ASSETS_TDAYS":0.165325447572,"PREMIUM_EXPENSE":null,"LOAN_DEPOSIT":null,"LOAN_EQUITY":null,"LOAN_ASSETS":null,"DEPOSIT_EQUITY":null,"DEPOSIT_ASSETS":null,"EQUITY_MULTIPLIER":-1.188671236464,"EQUITY_RATIO":-2.188954591164},{"SECUCODE":"06681.HK","SECURITY_CODE":"06681","SECURITY_NAME_ABBR":"脑动极光-B","ORG_CODE":"10000592521","STD_REPORT_DATE":"2023-06-30 00:00:00","REPORT_DATE":"2023-06-30 00:00:00","DATE_TYPE_CODE":"002","REPORT_TYPE":"2023年中报","PER_NETCASH_OPERATE":null,"PER_OI":null,"BPS":null,"BASIC_EPS":-0.76,"DILUTED_EPS":-0.76,"OPERATE_INCOME":24412000,"OPERATE_INCOME_YOY":null,"GROSS_PROFIT":12103000,"GROSS_PROFIT_YOY":null,"HOLDER_PROFIT":-234597000,"HOLDER_PROFIT_YOY":null,"GROSS_PROFIT_RATIO":49.578076355891,"EPS_TTM":-0.000030397074,"OPERATE_INCOME_QOQ":0,"NET_PROFIT_RATIO":-960.8798951335,"ROE_AVG":null,"GROSS_PROFIT_QOQ":0,"ROA":null,"HOLDER_PROFIT_QOQ":0,"ROE_YEARLY":null,"ROIC_YEARLY":null,"TOTAL_ASSETS":null,"TOTAL_LIABILITIES":null,"TAX_EBT":null,"OCF_SALES":-270.383417991152,"TOTAL_PARENT_EQUITY":null,"DEBT_ASSET_RATIO":null,"OPERATE_PROFIT":-224608000,"PRETAX_PROFIT":-234570000,"NETCASH_OPERATE":-66006000,"NETCASH_INVEST":11166000,"NETCASH_FINANCE":57199000,"END_CASH":30871000,"DIVI_RATIO":null,"DIVIDEND_RATE":null,"CURRENT_RATIO":null,"COMMON_ACS":500000000000,"CURRENTDEBT_DEBT":null,"ISSUED_COMMON_SHARES":1266278000,"HK_COMMON_SHARES":1266278000,"PER_SHARES":1000,"TOTAL_MARKET_CAP":null,"HKSK_MARKET_CAP":null,"PE_TTM":null,"PB_TTM":null,"REPORT_DATE_SQ":"2022-06-30 00:00:00","REPORT_TYPE_SQ":"2022年中报","OPERATE_INCOME_SQ":null,"DPS_HKD":null,"OPERATE_INCOME_QOQ_SQ":0,"NET_PROFIT_RATIO_SQ":null,"HOLDER_PROFIT_SQ":null,"HOLDER_PROFIT_QOQ_SQ":0,"ROE_AVG_SQ":null,"PE_TTM_SQ":null,"PB_TTM_SQ":null,"ROA_SQ":null,"START_DATE":"2023-01-01 00:00:00","FISCAL_YEAR":"12-31","CURRENCY":"HKD","IS_CNY_CODE":0,"DPS_HKD_LY":null,"ORG_TYPE":"一般企业","PREMIUM_INCOME":null,"PREMIUM_INCOME_YOY":null,"NET_INTEREST_INCOME":null,"NET_INTEREST_INCOME_YOY":null,"FEE_COMMISSION_INCOME":null,"FEE_COMMISSION_INCOME_YOY":null,"ACCOUNTS_RECE_TDAYS":null,"INVENTORY_TDAYS":null,"CURRENT_ASSETS_TDAYS":0.158945744106,"TOTAL_ASSETS_TDAYS":0.116779242647,"PREMIUM_EXPENSE":null,"LOAN_DEPOSIT":null,"LOAN_EQUITY":null,"LOAN_ASSETS":null,"DEPOSIT_EQUITY":null,"DEPOSIT_ASSETS":null,"EQUITY_MULTIPLIER":null,"EQUITY_RATIO":null},{"SECUCODE":"06681.HK","SECURITY_CODE":"06681","SECURITY_NAME_ABBR":"脑动极光-B","ORG_CODE":"10000592521","STD_REPORT_DATE":"2023-03-31 00:00:00","REPORT_DATE":"2023-03-31 00:00:00","DATE_TYPE_CODE":"003","REPORT_TYPE":"2023年一季报","PER_NETCASH_OPERATE":-0.000003978375,"PER_OI":0.000001517405,"BPS":-0.888976986096,"BASIC_EPS":-0.32,"DILUTED_EPS":-0.32,"OPERATE_INCOME":10564000,"OPERATE_INCOME_YOY":981.2691914023,"GROSS_PROFIT":5589000,"GROSS_PROFIT_YOY":923.626373626374,"HOLDER_PROFIT":-95459000,"HOLDER_PROFIT_YOY":75.288254938,"GROSS_PROFIT_RATIO":52.906096175691,"EPS_TTM":-0.000030397074,"OPERATE_INCOME_QOQ":84.908334071384,"NET_PROFIT_RATIO":-903.6444528588,"ROE_AVG":8.600200457223,"GROSS_PROFIT_QOQ":152.957233848954,"ROA":-21.716030242607,"HOLDER_PROFIT_QOQ":57.882344980217,"ROE_YEARLY":34.400801828891,"ROIC_YEARLY":-104.514673921969,"TOTAL_ASSETS":461069000,"TOTAL_LIABILITIES":1586773000,"TAX_EBT":null,"OCF_SALES":-262.182885270731,"TOTAL_PARENT_EQUITY":-1125692000,"DEBT_ASSET_RATIO":344.1508754655,"OPERATE_PROFIT":-90508000,"PRETAX_PROFIT":-95461000,"NETCASH_OPERATE":-27697000,"NETCASH_INVEST":-2490000,"NETCASH_FINANCE":61561000,"END_CASH":59532000,"DIVI_RATIO":null,"DIVIDEND_RATE":null,"CURRENT_RATIO":9.655864108064,"COMMON_ACS":500000000000,"CURRENTDEBT_DEBT":2.174097996374,"ISSUED_COMMON_SHARES":1266278000,"HK_COMMON_SHARES":1266278000,"PER_SHARES":1000,"TOTAL_MARKET_CAP":null,"HKSK_MARKET_CAP":null,"PE_TTM":null,"PB_TTM":null,"REPORT_DATE_SQ":"2022-03-31 00:00:00","REPORT_TYPE_SQ":"2022年一季报","OPERATE_INCOME_SQ":977000,"DPS_HKD":null,"OPERATE_INCOME_QOQ_SQ":0,"NET_PROFIT_RATIO_SQ":-39538.3828045036,"HOLDER_PROFIT_SQ":-386290000,"HOLDER_PROFIT_QOQ_SQ":0,"ROE_AVG_SQ":null,"PE_TTM_SQ":null,"PB_TTM_SQ":null,"ROA_SQ":null,"START_DATE":"2023-01-01 00:00:00","FISCAL_YEAR":"12-31","CURRENCY":"HKD","IS_CNY_CODE":0,"DPS_HKD_LY":null,"ORG_TYPE":"一般企业","PREMIUM_INCOME":null,"PREMIUM_INCOME_YOY":null,"NET_INTEREST_INCOME":null,"NET_INTEREST_INCOME_YOY":null,"FEE_COMMISSION_INCOME":null,"FEE_COMMISSION_INCOME_YOY":null,"ACCOUNTS_RECE_TDAYS":null,"INVENTORY_TDAYS":null,"CURRENT_ASSETS_TDAYS":0.032997960274,"TOTAL_ASSETS_TDAYS":0.024032112581,"PREMIUM_EXPENSE":null,"LOAN_DEPOSIT":null,"LOAN_EQUITY":null,"LOAN_ASSETS":null,"DEPOSIT_EQUITY":null,"DEPOSIT_ASSETS":null,"EQUITY_MULTIPLIER":-0.409582803295,"EQUITY_RATIO":-1.409597829602},{"SECUCODE":"06681.HK","SECURITY_CODE":"06681","SECURITY_NAME_ABBR":"脑动极光-B","ORG_CODE":"10000592521","STD_REPORT_DATE":"2022-12-31 00:00:00","REPORT_DATE":"2022-12-31 00:00:00","DATE_TYPE_CODE":"001","REPORT_TYPE":"2022年年报","PER_NETCASH_OPERATE":-0.000015828351,"PER_OI":0.000001775108,"BPS":-0.864133310379,"BASIC_EPS":-1.79,"DILUTED_EPS":-1.79,"OPERATE_INCOME":11291000,"OPERATE_INCOME_YOY":391.1265767725,"GROSS_PROFIT":3297000,"GROSS_PROFIT_YOY":152.837423312883,"HOLDER_PROFIT":-502452000,"HOLDER_PROFIT_YOY":27.9986587126,"GROSS_PROFIT_RATIO":29.200247985121,"EPS_TTM":-0.000078992713,"OPERATE_INCOME_QOQ":391.12657677251,"NET_PROFIT_RATIO":-4450.1018510318,"ROE_AVG":56.59792037686,"GROSS_PROFIT_QOQ":152.837423312883,"ROA":-127.301979006468,"HOLDER_PROFIT_QOQ":27.998658712565,"ROE_YEARLY":56.59792037686,"ROIC_YEARLY":-246.768133665336,"TOTAL_ASSETS":418088000,"TOTAL_LIABILITIES":1512331000,"TAX_EBT":null,"OCF_SALES":-891.683641838632,"TOTAL_PARENT_EQUITY":-1094233000,"DEBT_ASSET_RATIO":361.7255218997,"OPERATE_PROFIT":-483238000,"PRETAX_PROFIT":-502461000,"NETCASH_OPERATE":-100680000,"NETCASH_INVEST":-334462000,"NETCASH_FINANCE":139647000,"END_CASH":28251000,"DIVI_RATIO":null,"DIVIDEND_RATE":null,"CURRENT_RATIO":8.623396311165,"COMMON_ACS":500000000000,"CURRENTDEBT_DEBT":2.355370616618,"ISSUED_COMMON_SHARES":1266278000,"HK_COMMON_SHARES":1266278000,"PER_SHARES":1000,"TOTAL_MARKET_CAP":null,"HKSK_MARKET_CAP":null,"PE_TTM":null,"PB_TTM":null,"REPORT_DATE_SQ":"2021-12-31 00:00:00","REPORT_TYPE_SQ":"2021年年报","OPERATE_INCOME_SQ":2299000,"DPS_HKD":null,"OPERATE_INCOME_QOQ_SQ":null,"NET_PROFIT_RATIO_SQ":-30353.9799913006,"HOLDER_PROFIT_SQ":-697837000,"HOLDER_PROFIT_QOQ_SQ":null,"ROE_AVG_SQ":102.430127950141,"PE_TTM_SQ":null,"PB_TTM_SQ":null,"ROA_SQ":-187.945262296053,"START_DATE":"2022-01-01 00:00:00","FISCAL_YEAR":"12-31","CURRENCY":"HKD","IS_CNY_CODE":0,"DPS_HKD_LY":null,"ORG_TYPE":"一般企业","PREMIUM_INCOME":null,"PREMIUM_INCOME_YOY":null,"NET_INTEREST_INCOME":null,"NET_INTEREST_INCOME_YOY":null,"FEE_COMMISSION_INCOME":null,"FEE_COMMISSION_INCOME_YOY":null,"ACCOUNTS_RECE_TDAYS":0.624709527498,"INVENTORY_TDAYS":null,"CURRENT_ASSETS_TDAYS":0.034855542899,"TOTAL_ASSETS_TDAYS":0.028607043956,"PREMIUM_EXPENSE":null,"LOAN_DEPOSIT":null,"LOAN_EQUITY":null,"LOAN_ASSETS":null,"DEPOSIT_EQUITY":null,"DEPOSIT_ASSETS":null,"EQUITY_MULTIPLIER":-0.382079666034,"EQUITY_RATIO":-1.382092296613},{"SECUCODE":"06681.HK","SECURITY_CODE":"06681","SECURITY_NAME_ABBR":"脑动极光-B","ORG_CODE":"10000592521","STD_REPORT_DATE":"2022-03-31 00:00:00","REPORT_DATE":"2022-03-31 00:00:00","DATE_TYPE_CODE":"003","REPORT_TYPE":"2022年一季报","PER_NETCASH_OPERATE":null,"PER_OI":null,"BPS":null,"BASIC_EPS":null,"DILUTED_EPS":null,"OPERATE_INCOME":977000,"OPERATE_INCOME_YOY":null,"GROSS_PROFIT":546000,"GROSS_PROFIT_YOY":null,"HOLDER_PROFIT":-386290000,"HOLDER_PROFIT_YOY":null,"GROSS_PROFIT_RATIO":55.885363357216,"EPS_TTM":-0.000113067328,"OPERATE_INCOME_QOQ":0,"NET_PROFIT_RATIO":-39538.3828045036,"ROE_AVG":null,"GROSS_PROFIT_QOQ":0,"ROA":null,"HOLDER_PROFIT_QOQ":0,"ROE_YEARLY":null,"ROIC_YEARLY":null,"TOTAL_ASSETS":null,"TOTAL_LIABILITIES":null,"TAX_EBT":null,"OCF_SALES":-2624.76970317298,"TOTAL_PARENT_EQUITY":null,"DEBT_ASSET_RATIO":null,"OPERATE_PROFIT":-381569000,"PRETAX_PROFIT":-386290000,"NETCASH_OPERATE":-25644000,"NETCASH_INVEST":-94760000,"NETCASH_FINANCE":-2438000,"END_CASH":200898000,"DIVI_RATIO":null,"DIVIDEND_RATE":null,"CURRENT_RATIO":null,"COMMON_ACS":500000000000,"CURRENTDEBT_DEBT":null,"ISSUED_COMMON_SHARES":1266278000,"HK_COMMON_SHARES":1266278000,"PER_SHARES":1000,"TOTAL_MARKET_CAP":null,"HKSK_MARKET_CAP":null,"PE_TTM":null,"PB_TTM":null,"REPORT_DATE_SQ":"2021-03-31 00:00:00","REPORT_TYPE_SQ":"2021年一季报","OPERATE_INCOME_SQ":null,"DPS_HKD":null,"OPERATE_INCOME_QOQ_SQ":null,"NET_PROFIT_RATIO_SQ":null,"HOLDER_PROFIT_SQ":null,"HOLDER_PROFIT_QOQ_SQ":null,"ROE_AVG_SQ":null,"PE_TTM_SQ":null,"PB_TTM_SQ":null,"ROA_SQ":null,"START_DATE":"2022-01-01 00:00:00","FISCAL_YEAR":"12-31","CURRENCY":"HKD","IS_CNY_CODE":0,"DPS_HKD_LY":null,"ORG_TYPE":"一般企业","PREMIUM_INCOME":null,"PREMIUM_INCOME_YOY":null,"NET_INTEREST_INCOME":null,"NET_INTEREST_INCOME_YOY":null,"FEE_COMMISSION_INCOME":null,"FEE_COMMISSION_INCOME_YOY":null,"ACCOUNTS_RECE_TDAYS":null,"INVENTORY_TDAYS":null,"CURRENT_ASSETS_TDAYS":0.005735250954,"TOTAL_ASSETS_TDAYS":0.005262619244,"PREMIUM_EXPENSE":null,"LOAN_DEPOSIT":null,"LOAN_EQUITY":null,"LOAN_ASSETS":null,"DEPOSIT_EQUITY":null,"DEPOSIT_ASSETS":null,"EQUITY_MULTIPLIER":null,"EQUITY_RATIO":null},{"SECUCODE":"06681.HK","SECURITY_CODE":"06681","SECURITY_NAME_ABBR":"脑动极光-B","ORG_CODE":"10000592521","STD_REPORT_DATE":"2021-12-31 00:00:00","REPORT_DATE":"2021-12-31 00:00:00","DATE_TYPE_CODE":"001","REPORT_TYPE":"2021年年报","PER_NETCASH_OPERATE":-0.000007972622,"PER_OI":3.72496E-7,"BPS":-0.538018507784,"BASIC_EPS":-4.64,"DILUTED_EPS":-4.64,"OPERATE_INCOME":2299000,"OPERATE_INCOME_YOY":null,"GROSS_PROFIT":1304000,"GROSS_PROFIT_YOY":null,"HOLDER_PROFIT":-697837000,"HOLDER_PROFIT_YOY":null,"GROSS_PROFIT_RATIO":56.720313179643,"EPS_TTM":-0.000113067328,"OPERATE_INCOME_QOQ":null,"NET_PROFIT_RATIO":-30353.9799913006,"ROE_AVG":102.430127950141,"GROSS_PROFIT_QOQ":null,"ROA":-187.945262296053,"HOLDER_PROFIT_QOQ":null,"ROE_YEARLY":102.430127950141,"ROIC_YEARLY":-1467.30797535693,"TOTAL_ASSETS":371298000,"TOTAL_LIABILITIES":1052580000,"TAX_EBT":null,"OCF_SALES":-2140.32187907786,"TOTAL_PARENT_EQUITY":-681281000,"DEBT_ASSET_RATIO":283.486579513,"OPERATE_PROFIT":-691447000,"PRETAX_PROFIT":-697838000,"NETCASH_OPERATE":-49206000,"NETCASH_INVEST":-21476000,"NETCASH_FINANCE":393609000,"END_CASH":323740000,"DIVI_RATIO":null,"DIVIDEND_RATE":null,"CURRENT_RATIO":1.925522355162,"COMMON_ACS":500000000000,"CURRENTDEBT_DEBT":16.810028691406,"ISSUED_COMMON_SHARES":1266278000,"HK_COMMON_SHARES":1266278000,"PER_SHARES":1000,"TOTAL_MARKET_CAP":null,"HKSK_MARKET_CAP":null,"PE_TTM":null,"PB_TTM":null,"REPORT_DATE_SQ":"2020-12-31 00:00:00","REPORT_TYPE_SQ":"2020年年报","OPERATE_INCOME_SQ":null,"DPS_HKD":null,"OPERATE_INCOME_QOQ_SQ":null,"NET_PROFIT_RATIO_SQ":null,"HOLDER_PROFIT_SQ":null,"HOLDER_PROFIT_QOQ_SQ":null,"ROE_AVG_SQ":null,"PE_TTM_SQ":null,"PB_TTM_SQ":null,"ROA_SQ":null,"START_DATE":"2021-01-01 00:00:00","FISCAL_YEAR":"12-31","CURRENCY":"HKD","IS_CNY_CODE":0,"DPS_HKD_LY":null,"ORG_TYPE":"一般企业","PREMIUM_INCOME":null,"PREMIUM_INCOME_YOY":null,"NET_INTEREST_INCOME":null,"NET_INTEREST_INCOME_YOY":null,"FEE_COMMISSION_INCOME":null,"FEE_COMMISSION_INCOME_YOY":null,"ACCOUNTS_RECE_TDAYS":0.139553235401,"INVENTORY_TDAYS":null,"CURRENT_ASSETS_TDAYS":0.013495744056,"TOTAL_ASSETS_TDAYS":0.012383584075,"PREMIUM_EXPENSE":null,"LOAN_DEPOSIT":null,"LOAN_EQUITY":null,"LOAN_ASSETS":null,"DEPOSIT_EQUITY":null,"DEPOSIT_ASSETS":null,"EQUITY_MULTIPLIER":-0.544998987203,"EQUITY_RATIO":-1.545001254989}],"count":8},"success":true,"message":"ok","code":0}