{"version":"8d15170ede7bcc1203dfe6007881cffe","result":{"pages":2,"data":[{"SECUCODE":"06699.HK","SECURITY_CODE":"06699","SECURITY_NAME_ABBR":"时代天使","ORG_CODE":"10000168693","STD_REPORT_DATE":"2024-06-30 00:00:00","REPORT_DATE":"2024-06-30 00:00:00","DATE_TYPE_CODE":"002","REPORT_TYPE":"2024年中报","PER_NETCASH_OPERATE":-0.763510601441,"PER_OI":5.09096497051,"BPS":19.009797511047,"BASIC_EPS":0.13,"DILUTED_EPS":0.13,"OPERATE_INCOME":861498000,"OPERATE_INCOME_YOY":39.7789167798,"GROSS_PROFIT":537866000,"GROSS_PROFIT_YOY":47.066817233525,"HOLDER_PROFIT":22479000,"HOLDER_PROFIT_YOY":-30.4228054971,"GROSS_PROFIT_RATIO":62.433807159158,"EPS_TTM":0.257923125884,"OPERATE_INCOME_QOQ":16.610782248607,"NET_PROFIT_RATIO":1.7093481355,"ROE_AVG":0.684037779554,"GROSS_PROFIT_QOQ":18.696074342465,"ROA":0.456375615465,"HOLDER_PROFIT_QOQ":-18.380551659654,"ROE_YEARLY":1.368075559107,"ROIC_YEARLY":2.126968544681,"TOTAL_ASSETS":5094442000,"TOTAL_LIABILITIES":1805739000,"TAX_EBT":15.990644075532,"OCF_SALES":-14.997365054823,"TOTAL_PARENT_EQUITY":3232147000,"DEBT_ASSET_RATIO":35.445275459,"OPERATE_PROFIT":3681000,"PRETAX_PROFIT":17529000,"NETCASH_OPERATE":-129202000,"NETCASH_INVEST":-1903454000,"NETCASH_FINANCE":288512000,"END_CASH":949215000,"DIVI_RATIO":3.864880268425,"DIVIDEND_RATE":1.864406779661,"CURRENT_RATIO":2.918335178242,"COMMON_ACS":500000000,"CURRENTDEBT_DEBT":74.692798903939,"ISSUED_COMMON_SHARES":170025325,"HK_COMMON_SHARES":170025325,"PER_SHARES":200,"TOTAL_MARKET_CAP":10031494175,"HKSK_MARKET_CAP":10031494175,"PE_TTM":206.424053252007,"PB_TTM":2.832650898502,"REPORT_DATE_SQ":"2023-06-30 00:00:00","REPORT_TYPE_SQ":"2023年中报","OPERATE_INCOME_SQ":616329000,"DPS_HKD":1.1,"OPERATE_INCOME_QOQ_SQ":3.575079585353,"NET_PROFIT_RATIO_SQ":4.7537922116,"HOLDER_PROFIT_SQ":32308000,"HOLDER_PROFIT_QOQ_SQ":-19.645805754487,"ROE_AVG_SQ":0.927640162443,"PE_TTM_SQ":52.269020458947,"PB_TTM_SQ":2.689801172482,"ROA_SQ":0.704253597561,"START_DATE":"2024-01-01 00:00:00","FISCAL_YEAR":"12-31","CURRENCY":"HKD","IS_CNY_CODE":0,"DPS_HKD_LY":1.1,"ORG_TYPE":"一般企业","PREMIUM_INCOME":null,"PREMIUM_INCOME_YOY":null,"NET_INTEREST_INCOME":null,"NET_INTEREST_INCOME_YOY":null,"FEE_COMMISSION_INCOME":null,"FEE_COMMISSION_INCOME_YOY":null,"ACCOUNTS_RECE_TDAYS":3.22503214745,"INVENTORY_TDAYS":2.955948303421,"CURRENT_ASSETS_TDAYS":0.225083093477,"TOTAL_ASSETS_TDAYS":0.174903990378,"PREMIUM_EXPENSE":null,"LOAN_DEPOSIT":null,"LOAN_EQUITY":null,"LOAN_ASSETS":null,"DEPOSIT_EQUITY":null,"DEPOSIT_ASSETS":null,"EQUITY_MULTIPLIER":1.549073297284,"EQUITY_RATIO":0.558680963459},{"SECUCODE":"06699.HK","SECURITY_CODE":"06699","SECURITY_NAME_ABBR":"时代天使","ORG_CODE":"10000168693","STD_REPORT_DATE":"2023-12-31 00:00:00","REPORT_DATE":"2023-12-31 00:00:00","DATE_TYPE_CODE":"001","REPORT_TYPE":"2023年年报","PER_NETCASH_OPERATE":0.980923558407,"PER_OI":8.728458558629,"BPS":19.645879224169,"BASIC_EPS":0.32,"DILUTED_EPS":0.32,"OPERATE_INCOME":1475963000,"OPERATE_INCOME_YOY":16.2444691921,"GROSS_PROFIT":920712000,"GROSS_PROFIT_YOY":17.185149359162,"HOLDER_PROFIT":53475000,"HOLDER_PROFIT_YOY":-74.9860838896,"GROSS_PROFIT_RATIO":62.380425525572,"EPS_TTM":0.31623714241,"OPERATE_INCOME_QOQ":12.232082907827,"NET_PROFIT_RATIO":3.2960853355,"ROE_AVG":1.539499497845,"GROSS_PROFIT_QOQ":12.278665014682,"ROA":1.157109003996,"HOLDER_PROFIT_QOQ":-68.870428799292,"ROE_YEARLY":1.539499497845,"ROIC_YEARLY":3.764251890573,"TOTAL_ASSETS":4756654000,"TOTAL_LIABILITIES":1349044000,"TAX_EBT":20.444473516378,"OCF_SALES":11.238222096353,"TOTAL_PARENT_EQUITY":3340297000,"DEBT_ASSET_RATIO":28.3611967572,"OPERATE_PROFIT":-26960000,"PRETAX_PROFIT":61151000,"NETCASH_OPERATE":165872000,"NETCASH_INVEST":-981706000,"NETCASH_FINANCE":-187061000,"END_CASH":2689541000,"DIVI_RATIO":3.152197722265,"DIVIDEND_RATE":1.833333333333,"CURRENT_RATIO":4.230249380331,"COMMON_ACS":500000000,"CURRENTDEBT_DEBT":65.164590628623,"ISSUED_COMMON_SHARES":170025325,"HK_COMMON_SHARES":170025325,"PER_SHARES":200,"TOTAL_MARKET_CAP":10201519500,"HKSK_MARKET_CAP":10201519500,"PE_TTM":209.92276601899,"PB_TTM":2.88066193068,"REPORT_DATE_SQ":"2022-12-31 00:00:00","REPORT_TYPE_SQ":"2022年年报","OPERATE_INCOME_SQ":1269706000,"DPS_HKD":1.1,"OPERATE_INCOME_QOQ_SQ":-0.146119267296,"NET_PROFIT_RATIO_SQ":16.7879020813,"HOLDER_PROFIT_SQ":213781000,"HOLDER_PROFIT_QOQ_SQ":-19.021735013144,"ROE_AVG_SQ":6.173435235833,"PE_TTM_SQ":51.006265866324,"PB_TTM_SQ":2.624818918099,"ROA_SQ":4.956060893564,"START_DATE":"2023-01-01 00:00:00","FISCAL_YEAR":"12-31","CURRENCY":"HKD","IS_CNY_CODE":0,"DPS_HKD_LY":0.68,"ORG_TYPE":"一般企业","PREMIUM_INCOME":null,"PREMIUM_INCOME_YOY":null,"NET_INTEREST_INCOME":null,"NET_INTEREST_INCOME_YOY":null,"FEE_COMMISSION_INCOME":null,"FEE_COMMISSION_INCOME_YOY":null,"ACCOUNTS_RECE_TDAYS":10.103764705077,"INVENTORY_TDAYS":5.32750291441,"CURRENT_ASSETS_TDAYS":0.388943041869,"TOTAL_ASSETS_TDAYS":0.319373553411,"PREMIUM_EXPENSE":null,"LOAN_DEPOSIT":null,"LOAN_EQUITY":null,"LOAN_ASSETS":null,"DEPOSIT_EQUITY":null,"DEPOSIT_ASSETS":null,"EQUITY_MULTIPLIER":1.395891548622,"EQUITY_RATIO":0.403869476277},{"SECUCODE":"06699.HK","SECURITY_CODE":"06699","SECURITY_NAME_ABBR":"时代天使","ORG_CODE":"10000168693","STD_REPORT_DATE":"2023-06-30 00:00:00","REPORT_DATE":"2023-06-30 00:00:00","DATE_TYPE_CODE":"002","REPORT_TYPE":"2023年中报","PER_NETCASH_OPERATE":-0.548051381506,"PER_OI":3.630988421775,"BPS":19.755092366387,"BASIC_EPS":0.19,"DILUTED_EPS":0.19,"OPERATE_INCOME":616329000,"OPERATE_INCOME_YOY":7.9506284417,"GROSS_PROFIT":365729000,"GROSS_PROFIT_YOY":10.360445993452,"HOLDER_PROFIT":32308000,"HOLDER_PROFIT_YOY":-56.5209199672,"GROSS_PROFIT_RATIO":59.339898009018,"EPS_TTM":1.012021912111,"OPERATE_INCOME_QOQ":3.575079585353,"NET_PROFIT_RATIO":4.7537922116,"ROE_AVG":0.927640162443,"GROSS_PROFIT_QOQ":4.36991688834,"ROA":0.704253597561,"HOLDER_PROFIT_QOQ":-19.645805754487,"ROE_YEARLY":1.855280324887,"ROIC_YEARLY":6.708530961912,"TOTAL_ASSETS":4688895000,"TOTAL_LIABILITIES":1260238000,"TAX_EBT":17.620761401338,"OCF_SALES":-15.093724293356,"TOTAL_PARENT_EQUITY":3358866000,"DEBT_ASSET_RATIO":26.8770787147,"OPERATE_PROFIT":-16341000,"PRETAX_PROFIT":35566000,"NETCASH_OPERATE":-93027000,"NETCASH_INVEST":-595938000,"NETCASH_FINANCE":-26797000,"END_CASH":3028317000,"DIVI_RATIO":0.985000411622,"DIVIDEND_RATE":1.833333333333,"CURRENT_RATIO":4.589365316114,"COMMON_ACS":500000000,"CURRENTDEBT_DEBT":65.915882555517,"ISSUED_COMMON_SHARES":170025325,"HK_COMMON_SHARES":170025325,"PER_SHARES":200,"TOTAL_MARKET_CAP":10201519500,"HKSK_MARKET_CAP":10201519500,"PE_TTM":209.92276601899,"PB_TTM":2.88066193068,"REPORT_DATE_SQ":"2022-06-30 00:00:00","REPORT_TYPE_SQ":"2022年中报","OPERATE_INCOME_SQ":570936000,"DPS_HKD":1.1,"OPERATE_INCOME_QOQ_SQ":-0.008885904204,"NET_PROFIT_RATIO_SQ":12.8334874662,"HOLDER_PROFIT_SQ":74307000,"HOLDER_PROFIT_QOQ_SQ":-7.643922644203,"ROE_AVG_SQ":2.228583767961,"PE_TTM_SQ":51.006265866324,"PB_TTM_SQ":2.624818918099,"ROA_SQ":1.775637442778,"START_DATE":"2023-01-01 00:00:00","FISCAL_YEAR":"12-31","CURRENCY":"HKD","IS_CNY_CODE":0,"DPS_HKD_LY":0.68,"ORG_TYPE":"一般企业","PREMIUM_INCOME":null,"PREMIUM_INCOME_YOY":null,"NET_INTEREST_INCOME":null,"NET_INTEREST_INCOME_YOY":null,"FEE_COMMISSION_INCOME":null,"FEE_COMMISSION_INCOME_YOY":null,"ACCOUNTS_RECE_TDAYS":4.565924235746,"INVENTORY_TDAYS":2.181919497096,"CURRENT_ASSETS_TDAYS":0.160436038543,"TOTAL_ASSETS_TDAYS":0.13434812292,"PREMIUM_EXPENSE":null,"LOAN_DEPOSIT":null,"LOAN_EQUITY":null,"LOAN_ASSETS":null,"DEPOSIT_EQUITY":null,"DEPOSIT_ASSETS":null,"EQUITY_MULTIPLIER":1.367560242975,"EQUITY_RATIO":0.375197462477},{"SECUCODE":"06699.HK","SECURITY_CODE":"06699","SECURITY_NAME_ABBR":"时代天使","ORG_CODE":"10000168693","STD_REPORT_DATE":"2022-12-31 00:00:00","REPORT_DATE":"2022-12-31 00:00:00","DATE_TYPE_CODE":"001","REPORT_TYPE":"2022年年报","PER_NETCASH_OPERATE":0.87028602747,"PER_OI":7.523710701945,"BPS":21.213110458692,"BASIC_EPS":1.28,"DILUTED_EPS":1.27,"OPERATE_INCOME":1269706000,"OPERATE_INCOME_YOY":-0.1549921875,"GROSS_PROFIT":785690000,"GROSS_PROFIT_YOY":-4.954478700677,"HOLDER_PROFIT":213781000,"HOLDER_PROFIT_YOY":-25.2116509474,"GROSS_PROFIT_RATIO":61.87967923283,"EPS_TTM":1.26677073084,"OPERATE_INCOME_QOQ":-0.146119267296,"NET_PROFIT_RATIO":16.7879020813,"ROE_AVG":6.173435235833,"GROSS_PROFIT_QOQ":0.676696450195,"ROA":4.956060893564,"HOLDER_PROFIT_QOQ":-19.021735013144,"ROE_YEARLY":6.173435235833,"ROIC_YEARLY":31.447608526325,"TOTAL_ASSETS":4486209000,"TOTAL_LIABILITIES":884012000,"TAX_EBT":15.329218106996,"OCF_SALES":11.567244700742,"TOTAL_PARENT_EQUITY":3606766000,"DEBT_ASSET_RATIO":19.7051006763,"OPERATE_PROFIT":211318000,"PRETAX_PROFIT":251748000,"NETCASH_OPERATE":146870000,"NETCASH_INVEST":-159774000,"NETCASH_FINANCE":-193612000,"END_CASH":3649376000,"DIVI_RATIO":0.786915876513,"DIVIDEND_RATE":1.833333333333,"CURRENT_RATIO":4.953104966154,"COMMON_ACS":500000000,"CURRENTDEBT_DEBT":88.402646117926,"ISSUED_COMMON_SHARES":170025325,"HK_COMMON_SHARES":170025325,"PER_SHARES":200,"TOTAL_MARKET_CAP":10201519500,"HKSK_MARKET_CAP":10201519500,"PE_TTM":209.92276601899,"PB_TTM":2.88066193068,"REPORT_DATE_SQ":"2021-12-31 00:00:00","REPORT_TYPE_SQ":"2021年年报","OPERATE_INCOME_SQ":1271677000,"DPS_HKD":1.1,"OPERATE_INCOME_QOQ_SQ":17.865080645012,"NET_PROFIT_RATIO_SQ":22.4563312854,"HOLDER_PROFIT_SQ":285848000,"HOLDER_PROFIT_QOQ_SQ":54.445645126432,"ROE_AVG_SQ":14.96283605438,"PE_TTM_SQ":51.006265866324,"PB_TTM_SQ":2.624818918099,"ROA_SQ":10.683943492252,"START_DATE":"2022-01-01 00:00:00","FISCAL_YEAR":"12-31","CURRENCY":"HKD","IS_CNY_CODE":0,"DPS_HKD_LY":1.22,"ORG_TYPE":"一般企业","PREMIUM_INCOME":null,"PREMIUM_INCOME_YOY":null,"NET_INTEREST_INCOME":null,"NET_INTEREST_INCOME_YOY":null,"FEE_COMMISSION_INCOME":null,"FEE_COMMISSION_INCOME_YOY":null,"ACCOUNTS_RECE_TDAYS":13.632084688805,"INVENTORY_TDAYS":6.845956917158,"CURRENT_ASSETS_TDAYS":0.333955502356,"TOTAL_ASSETS_TDAYS":0.294354514804,"PREMIUM_EXPENSE":null,"LOAN_DEPOSIT":null,"LOAN_EQUITY":null,"LOAN_ASSETS":null,"DEPOSIT_EQUITY":null,"DEPOSIT_ASSETS":null,"EQUITY_MULTIPLIER":1.245409121156,"EQUITY_RATIO":0.245098240363},{"SECUCODE":"06699.HK","SECURITY_CODE":"06699","SECURITY_NAME_ABBR":"时代天使","ORG_CODE":"10000168693","STD_REPORT_DATE":"2022-06-30 00:00:00","REPORT_DATE":"2022-06-30 00:00:00","DATE_TYPE_CODE":"002","REPORT_TYPE":"2022年中报","PER_NETCASH_OPERATE":0.186631229803,"PER_OI":3.383111754473,"BPS":19.699830010618,"BASIC_EPS":0.44,"DILUTED_EPS":0.44,"OPERATE_INCOME":570936000,"OPERATE_INCOME_YOY":-0.0197881443,"GROSS_PROFIT":331395000,"GROSS_PROFIT_YOY":-12.243930599102,"HOLDER_PROFIT":74307000,"HOLDER_PROFIT_YOY":-22.7232546772,"GROSS_PROFIT_RATIO":58.044159065114,"EPS_TTM":1.564334245795,"OPERATE_INCOME_QOQ":-0.008885904204,"NET_PROFIT_RATIO":12.8334874662,"ROE_AVG":2.228583767961,"GROSS_PROFIT_QOQ":-5.593325317004,"ROA":1.775637442778,"HOLDER_PROFIT_QOQ":-7.643922644203,"ROE_YEARLY":4.457167535922,"ROIC_YEARLY":24.12179221342,"TOTAL_ASSETS":4228770000,"TOTAL_LIABILITIES":884502000,"TAX_EBT":11.220026414317,"OCF_SALES":5.516555270643,"TOTAL_PARENT_EQUITY":3349470000,"DEBT_ASSET_RATIO":20.9162948091,"OPERATE_PROFIT":72687000,"PRETAX_PROFIT":82531000,"NETCASH_OPERATE":31496000,"NETCASH_INVEST":-87200000,"NETCASH_FINANCE":-184196000,"END_CASH":3519974000,"DIVI_RATIO":0.637230823706,"DIVIDEND_RATE":1.833333333333,"CURRENT_RATIO":4.963226251861,"COMMON_ACS":500000000,"CURRENTDEBT_DEBT":83.845598992427,"ISSUED_COMMON_SHARES":170025325,"HK_COMMON_SHARES":170025325,"PER_SHARES":200,"TOTAL_MARKET_CAP":10201519500,"HKSK_MARKET_CAP":10201519500,"PE_TTM":209.92276601899,"PB_TTM":2.88066193068,"REPORT_DATE_SQ":"2021-06-30 00:00:00","REPORT_TYPE_SQ":"2021年中报","OPERATE_INCOME_SQ":571049000,"DPS_HKD":1.1,"OPERATE_INCOME_QOQ_SQ":32.135823878667,"NET_PROFIT_RATIO_SQ":16.7519775011,"HOLDER_PROFIT_SQ":96157000,"HOLDER_PROFIT_QOQ_SQ":22.822501974265,"ROE_AVG_SQ":5.770374419929,"PE_TTM_SQ":51.006265866324,"PB_TTM_SQ":2.624818918099,"ROA_SQ":4.042254139856,"START_DATE":"2022-01-01 00:00:00","FISCAL_YEAR":"12-31","CURRENCY":"HKD","IS_CNY_CODE":0,"DPS_HKD_LY":1.22,"ORG_TYPE":"一般企业","PREMIUM_INCOME":null,"PREMIUM_INCOME_YOY":null,"NET_INTEREST_INCOME":null,"NET_INTEREST_INCOME_YOY":null,"FEE_COMMISSION_INCOME":null,"FEE_COMMISSION_INCOME_YOY":null,"ACCOUNTS_RECE_TDAYS":6.293074086934,"INVENTORY_TDAYS":5.593942295342,"CURRENT_ASSETS_TDAYS":0.154014628174,"TOTAL_ASSETS_TDAYS":0.136430664544,"PREMIUM_EXPENSE":null,"LOAN_DEPOSIT":null,"LOAN_EQUITY":null,"LOAN_ASSETS":null,"DEPOSIT_EQUITY":null,"DEPOSIT_ASSETS":null,"EQUITY_MULTIPLIER":1.264482989999,"EQUITY_RATIO":0.264072226352},{"SECUCODE":"06699.HK","SECURITY_CODE":"06699","SECURITY_NAME_ABBR":"时代天使","ORG_CODE":"10000168693","STD_REPORT_DATE":"2021-12-31 00:00:00","REPORT_DATE":"2021-12-31 00:00:00","DATE_TYPE_CODE":"001","REPORT_TYPE":"2021年年报","PER_NETCASH_OPERATE":2.624066202701,"PER_OI":7.554599109495,"BPS":19.521033116684,"BASIC_EPS":1.93,"DILUTED_EPS":1.79,"OPERATE_INCOME":1271677000,"OPERATE_INCOME_YOY":55.7419953755,"GROSS_PROFIT":826646000,"GROSS_PROFIT_YOY":43.752271545555,"HOLDER_PROFIT":285848000,"HOLDER_PROFIT_YOY":89.6940055346,"GROSS_PROFIT_RATIO":65.004399702126,"EPS_TTM":1.698125425128,"OPERATE_INCOME_QOQ":17.865080645012,"NET_PROFIT_RATIO":22.4563312854,"ROE_AVG":14.96283605438,"GROSS_PROFIT_QOQ":11.568403038336,"ROA":10.683943492252,"HOLDER_PROFIT_QOQ":54.445645126432,"ROE_YEARLY":14.96283605438,"ROIC_YEARLY":66.881534507346,"TOTAL_ASSETS":4140844000,"TOTAL_LIABILITIES":826112000,"TAX_EBT":14.006094843473,"OCF_SALES":34.734684986832,"TOTAL_PARENT_EQUITY":3319070000,"DEBT_ASSET_RATIO":19.9503289668,"OPERATE_PROFIT":318274000,"PRETAX_PROFIT":332084000,"NETCASH_OPERATE":441713000,"NETCASH_INVEST":-182050000,"NETCASH_FINANCE":2523244000,"END_CASH":3626983000,"DIVI_RATIO":0.587024954252,"DIVIDEND_RATE":1.833333333333,"CURRENT_RATIO":5.344891469772,"COMMON_ACS":500000000,"CURRENTDEBT_DEBT":84.548947358228,"ISSUED_COMMON_SHARES":170025325,"HK_COMMON_SHARES":170025325,"PER_SHARES":200,"TOTAL_MARKET_CAP":10201519500,"HKSK_MARKET_CAP":10201519500,"PE_TTM":209.92276601899,"PB_TTM":2.88066193068,"REPORT_DATE_SQ":"2020-12-31 00:00:00","REPORT_TYPE_SQ":"2020年年报","OPERATE_INCOME_SQ":816528000,"DPS_HKD":1.1,"OPERATE_INCOME_QOQ_SQ":7.181786678148,"NET_PROFIT_RATIO_SQ":18.4846079987,"HOLDER_PROFIT_SQ":150689000,"HOLDER_PROFIT_QOQ_SQ":-1.605636377883,"ROE_AVG_SQ":37.713687914596,"PE_TTM_SQ":51.006265866324,"PB_TTM_SQ":2.624818918099,"ROA_SQ":14.609235029046,"START_DATE":"2021-01-01 00:00:00","FISCAL_YEAR":"12-31","CURRENCY":"HKD","IS_CNY_CODE":0,"DPS_HKD_LY":null,"ORG_TYPE":"一般企业","PREMIUM_INCOME":null,"PREMIUM_INCOME_YOY":null,"NET_INTEREST_INCOME":null,"NET_INTEREST_INCOME_YOY":null,"FEE_COMMISSION_INCOME":null,"FEE_COMMISSION_INCOME_YOY":null,"ACCOUNTS_RECE_TDAYS":14.152939539801,"INVENTORY_TDAYS":18.481353820598,"CURRENT_ASSETS_TDAYS":0.536918172435,"TOTAL_ASSETS_TDAYS":0.475305939114,"PREMIUM_EXPENSE":null,"LOAN_DEPOSIT":null,"LOAN_EQUITY":null,"LOAN_ASSETS":null,"DEPOSIT_EQUITY":null,"DEPOSIT_ASSETS":null,"EQUITY_MULTIPLIER":1.249224371684,"EQUITY_RATIO":0.248898637269},{"SECUCODE":"06699.HK","SECURITY_CODE":"06699","SECURITY_NAME_ABBR":"时代天使","ORG_CODE":"10000168693","STD_REPORT_DATE":"2021-06-30 00:00:00","REPORT_DATE":"2021-06-30 00:00:00","DATE_TYPE_CODE":"002","REPORT_TYPE":"2021年中报","PER_NETCASH_OPERATE":1.049514767462,"PER_OI":3.444056376355,"BPS":16.650925384204,"BASIC_EPS":0.74,"DILUTED_EPS":0.64,"OPERATE_INCOME":571049000,"OPERATE_INCOME_YOY":85.014466177,"GROSS_PROFIT":377632000,"GROSS_PROFIT_YOY":78.339449064695,"HOLDER_PROFIT":96157000,"HOLDER_PROFIT_YOY":55.6795000486,"GROSS_PROFIT_RATIO":66.129526538003,"EPS_TTM":1.116236880085,"OPERATE_INCOME_QOQ":32.135823878667,"NET_PROFIT_RATIO":16.7519775011,"ROE_AVG":5.770374419929,"GROSS_PROFIT_QOQ":28.846759145742,"ROA":4.042254139856,"HOLDER_PROFIT_QOQ":22.822501974265,"ROE_YEARLY":11.540748839858,"ROIC_YEARLY":53.152504522333,"TOTAL_ASSETS":3547454000,"TOTAL_LIABILITIES":720932000,"TAX_EBT":20.922850553429,"OCF_SALES":30.473216834282,"TOTAL_PARENT_EQUITY":2831079000,"DEBT_ASSET_RATIO":20.3225186289,"OPERATE_PROFIT":117507000,"PRETAX_PROFIT":120973000,"NETCASH_OPERATE":174017000,"NETCASH_INVEST":-78682000,"NETCASH_FINANCE":2183263000,"END_CASH":3164970000,"DIVI_RATIO":0.893038043971,"DIVIDEND_RATE":1.833333333333,"CURRENT_RATIO":4.925121427561,"COMMON_ACS":500000000,"CURRENTDEBT_DEBT":92.128245104948,"ISSUED_COMMON_SHARES":170025325,"HK_COMMON_SHARES":170025325,"PER_SHARES":200,"TOTAL_MARKET_CAP":10201519500,"HKSK_MARKET_CAP":10201519500,"PE_TTM":209.92276601899,"PB_TTM":2.88066193068,"REPORT_DATE_SQ":"2020-06-30 00:00:00","REPORT_TYPE_SQ":"2020年中报","OPERATE_INCOME_SQ":308651000,"DPS_HKD":1.1,"OPERATE_INCOME_QOQ_SQ":0,"NET_PROFIT_RATIO_SQ":19.8907503945,"HOLDER_PROFIT_SQ":61766000,"HOLDER_PROFIT_QOQ_SQ":0,"ROE_AVG_SQ":null,"PE_TTM_SQ":51.006265866324,"PB_TTM_SQ":2.624818918099,"ROA_SQ":null,"START_DATE":"2021-01-01 00:00:00","FISCAL_YEAR":"12-31","CURRENCY":"HKD","IS_CNY_CODE":0,"DPS_HKD_LY":null,"ORG_TYPE":"一般企业","PREMIUM_INCOME":null,"PREMIUM_INCOME_YOY":null,"NET_INTEREST_INCOME":null,"NET_INTEREST_INCOME_YOY":null,"FEE_COMMISSION_INCOME":null,"FEE_COMMISSION_INCOME_YOY":null,"ACCOUNTS_RECE_TDAYS":6.388573154633,"INVENTORY_TDAYS":7.887810448187,"CURRENT_ASSETS_TDAYS":0.267164613785,"TOTAL_ASSETS_TDAYS":0.240057945268,"PREMIUM_EXPENSE":null,"LOAN_DEPOSIT":null,"LOAN_EQUITY":null,"LOAN_ASSETS":null,"DEPOSIT_EQUITY":null,"DEPOSIT_ASSETS":null,"EQUITY_MULTIPLIER":1.25505975188,"EQUITY_RATIO":0.254649199122},{"SECUCODE":"06699.HK","SECURITY_CODE":"06699","SECURITY_NAME_ABBR":"时代天使","ORG_CODE":"10000168693","STD_REPORT_DATE":"2020-12-31 00:00:00","REPORT_DATE":"2020-12-31 00:00:00","DATE_TYPE_CODE":"001","REPORT_TYPE":"2020年年报","PER_NETCASH_OPERATE":0.000547390454,"PER_OI":0.001094740686,"BPS":2.950754542007,"BASIC_EPS":1.26,"DILUTED_EPS":1.04,"OPERATE_INCOME":816528000,"OPERATE_INCOME_YOY":26.4174838752,"GROSS_PROFIT":575049000,"GROSS_PROFIT_YOY":37.854495591429,"HOLDER_PROFIT":150689000,"HOLDER_PROFIT_YOY":118.9069831631,"GROSS_PROFIT_RATIO":70.426121333255,"EPS_TTM":0.000202032728,"OPERATE_INCOME_QOQ":7.181786678148,"NET_PROFIT_RATIO":18.4846079987,"ROE_AVG":37.713687914596,"GROSS_PROFIT_QOQ":10.924238449431,"ROA":14.609235029046,"HOLDER_PROFIT_QOQ":-1.605636377883,"ROE_YEARLY":37.713687914596,"ROIC_YEARLY":43.759083867052,"TOTAL_ASSETS":1210139000,"TOTAL_LIABILITIES":712465000,"TAX_EBT":21.073466122125,"OCF_SALES":50.001837046617,"TOTAL_PARENT_EQUITY":501703000,"DEBT_ASSET_RATIO":58.8746416734,"OPERATE_PROFIT":187885000,"PRETAX_PROFIT":191231000,"NETCASH_OPERATE":408279000,"NETCASH_INVEST":-7276000,"NETCASH_FINANCE":-23333000,"END_CASH":877578000,"DIVI_RATIO":4934.06197506376,"DIVIDEND_RATE":1.833333333333,"CURRENT_RATIO":1.48539479487,"COMMON_ACS":500000000,"CURRENTDEBT_DEBT":94.842272953759,"ISSUED_COMMON_SHARES":170025325,"HK_COMMON_SHARES":170025325,"PER_SHARES":200,"TOTAL_MARKET_CAP":10201519500,"HKSK_MARKET_CAP":10201519500,"PE_TTM":209.92276601899,"PB_TTM":2.88066193068,"REPORT_DATE_SQ":"2019-12-31 00:00:00","REPORT_TYPE_SQ":"2019年年报","OPERATE_INCOME_SQ":645898000,"DPS_HKD":1.1,"OPERATE_INCOME_QOQ_SQ":32.225277031135,"NET_PROFIT_RATIO_SQ":10.4761123273,"HOLDER_PROFIT_SQ":68837000,"HOLDER_PROFIT_QOQ_SQ":15.192944877673,"ROE_AVG_SQ":29.675725543619,"PE_TTM_SQ":51.006265866324,"PB_TTM_SQ":2.624818918099,"ROA_SQ":10.388224757015,"START_DATE":"2020-01-01 00:00:00","FISCAL_YEAR":"12-31","CURRENCY":"HKD","IS_CNY_CODE":0,"DPS_HKD_LY":null,"ORG_TYPE":"一般企业","PREMIUM_INCOME":null,"PREMIUM_INCOME_YOY":null,"NET_INTEREST_INCOME":null,"NET_INTEREST_INCOME_YOY":null,"FEE_COMMISSION_INCOME":null,"FEE_COMMISSION_INCOME_YOY":null,"ACCOUNTS_RECE_TDAYS":8.18537509586,"INVENTORY_TDAYS":11.299642029901,"CURRENT_ASSETS_TDAYS":0.984193775263,"TOTAL_ASSETS_TDAYS":0.791620454034,"PREMIUM_EXPENSE":null,"LOAN_DEPOSIT":null,"LOAN_EQUITY":null,"LOAN_ASSETS":null,"DEPOSIT_EQUITY":null,"DEPOSIT_ASSETS":null,"EQUITY_MULTIPLIER":2.431589755543,"EQUITY_RATIO":1.420093162688},{"SECUCODE":"06699.HK","SECURITY_CODE":"06699","SECURITY_NAME_ABBR":"时代天使","ORG_CODE":"10000168693","STD_REPORT_DATE":"2020-09-30 00:00:00","REPORT_DATE":"2020-09-30 00:00:00","DATE_TYPE_CODE":"004","REPORT_TYPE":"2020年三季报","PER_NETCASH_OPERATE":0.001101140741,"PER_OI":0.002440365308,"BPS":2.580433238401,"BASIC_EPS":null,"DILUTED_EPS":null,"OPERATE_INCOME":601328000,"OPERATE_INCOME_YOY":23.8804309759,"GROSS_PROFIT":425648000,"GROSS_PROFIT_YOY":31.221367927146,"HOLDER_PROFIT":155606000,"HOLDER_PROFIT_YOY":118.2565397293,"GROSS_PROFIT_RATIO":70.78466327861,"EPS_TTM":0.000621519481,"OPERATE_INCOME_QOQ":17.946796553016,"NET_PROFIT_RATIO":25.8945201288,"ROE_AVG":42.275221182438,"GROSS_PROFIT_QOQ":24.278063585062,"ROA":15.64730956596,"HOLDER_PROFIT_QOQ":122.47918997051,"ROE_YEARLY":56.366961576584,"ROIC_YEARLY":30.808890279239,"TOTAL_ASSETS":1136128000,"TOTAL_LIABILITIES":701326000,"TAX_EBT":16.41338364996,"OCF_SALES":45.121963387702,"TOTAL_PARENT_EQUITY":438739000,"DEBT_ASSET_RATIO":61.7294882267,"OPERATE_PROFIT":184250000,"PRETAX_PROFIT":186287000,"NETCASH_OPERATE":271331000,"NETCASH_INVEST":-284389000,"NETCASH_FINANCE":-8138000,"END_CASH":482059000,"DIVI_RATIO":1603.87893079016,"DIVIDEND_RATE":1.833333333333,"CURRENT_RATIO":1.55598649562,"COMMON_ACS":500000000,"CURRENTDEBT_DEBT":86.284694992058,"ISSUED_COMMON_SHARES":170025325,"HK_COMMON_SHARES":170025325,"PER_SHARES":200,"TOTAL_MARKET_CAP":10201519500,"HKSK_MARKET_CAP":10201519500,"PE_TTM":209.92276601899,"PB_TTM":2.88066193068,"REPORT_DATE_SQ":"2019-09-30 00:00:00","REPORT_TYPE_SQ":"2019年三季报","OPERATE_INCOME_SQ":485410000,"DPS_HKD":1.1,"OPERATE_INCOME_QOQ_SQ":0,"NET_PROFIT_RATIO_SQ":14.5409035661,"HOLDER_PROFIT_SQ":71295000,"HOLDER_PROFIT_QOQ_SQ":0,"ROE_AVG_SQ":null,"PE_TTM_SQ":51.006265866324,"PB_TTM_SQ":2.624818918099,"ROA_SQ":null,"START_DATE":"2020-01-01 00:00:00","FISCAL_YEAR":"12-31","CURRENCY":"HKD","IS_CNY_CODE":0,"DPS_HKD_LY":null,"ORG_TYPE":"一般企业","PREMIUM_INCOME":null,"PREMIUM_INCOME_YOY":null,"NET_INTEREST_INCOME":null,"NET_INTEREST_INCOME_YOY":null,"FEE_COMMISSION_INCOME":null,"FEE_COMMISSION_INCOME_YOY":null,"ACCOUNTS_RECE_TDAYS":4.993298844943,"INVENTORY_TDAYS":9.411260513205,"CURRENT_ASSETS_TDAYS":0.75299656891,"TOTAL_ASSETS_TDAYS":0.604678827724,"PREMIUM_EXPENSE":null,"LOAN_DEPOSIT":null,"LOAN_EQUITY":null,"LOAN_ASSETS":null,"DEPOSIT_EQUITY":null,"DEPOSIT_ASSETS":null,"EQUITY_MULTIPLIER":2.612977861189,"EQUITY_RATIO":1.598503894115}],"count":13},"success":true,"message":"ok","code":0}