{"version":"fd92f791bfbfda22e901a3d80162085e","result":{"pages":3,"data":[{"SECUCODE":"06690.HK","SECURITY_CODE":"06690","SECURITY_NAME_ABBR":"海尔智家","ORG_CODE":"10004000","STD_REPORT_DATE":"2024-09-30 00:00:00","REPORT_DATE":"2024-09-30 00:00:00","DATE_TYPE_CODE":"004","REPORT_TYPE":"2024年三季报","PER_NETCASH_OPERATE":1.478641690393,"PER_OI":21.629350710626,"BPS":11.648824137733,"BASIC_EPS":1.64,"DILUTED_EPS":1.63,"OPERATE_INCOME":202971196941.81,"OPERATE_INCOME_YOY":2.1704889041,"GROSS_PROFIT":62607897202.72,"GROSS_PROFIT_YOY":2.612572334607,"HOLDER_PROFIT":15154447783.99,"HOLDER_PROFIT_YOY":15.2716729772,"GROSS_PROFIT_RATIO":30.845705275448,"EPS_TTM":1.982587277325,"OPERATE_INCOME_QOQ":0.115616898224,"NET_PROFIT_RATIO":7.6051740479,"ROE_AVG":14.241961008195,"GROSS_PROFIT_QOQ":0.031641014197,"ROA":5.948589253265,"HOLDER_PROFIT_QOQ":3.050429686496,"ROE_YEARLY":18.98928134426,"ROIC_YEARLY":7.51713402381,"TOTAL_ASSETS":256134008743.23,"TOTAL_LIABILITIES":143973850432.39,"TAX_EBT":16.223061039227,"OCF_SALES":6.836274052677,"TOTAL_PARENT_EQUITY":109299907327.36,"DEBT_ASSET_RATIO":56.2103607947,"OPERATE_PROFIT":18537966401.98,"PRETAX_PROFIT":18425491532.53,"NETCASH_OPERATE":13875667270.94,"NETCASH_INVEST":-12059925663.68,"NETCASH_FINANCE":-8776038294.11,"END_CASH":46656680119.83,"DIVI_RATIO":0.402062034404,"DIVIDEND_RATE":3.456240471513,"CURRENT_RATIO":1.103833039192,"COMMON_ACS":null,"CURRENTDEBT_DEBT":80.627217532445,"ISSUED_COMMON_SHARES":9382913334,"HK_COMMON_SHARES":2857398266,"PER_SHARES":200,"TOTAL_MARKET_CAP":238795144350.3,"HKSK_MARKET_CAP":72720785869.7,"PE_TTM":11.484640459611,"PB_TTM":1.970203621296,"REPORT_DATE_SQ":"2023-09-30 00:00:00","REPORT_TYPE_SQ":"2023年三季报","OPERATE_INCOME_SQ":198659318477.36,"DPS_HKD":0.8796132,"OPERATE_INCOME_QOQ_SQ":1.52545579132,"NET_PROFIT_RATIO_SQ":6.6772239352,"HOLDER_PROFIT_SQ":13146723208.39,"HOLDER_PROFIT_QOQ_SQ":3.049349383773,"ROE_AVG_SQ":13.571627994087,"PE_TTM_SQ":12.549251518802,"PB_TTM_SQ":2.054750449264,"ROA_SQ":5.45911444519,"START_DATE":"2024-01-01 00:00:00","FISCAL_YEAR":"12-31","CURRENCY":"HKD","IS_CNY_CODE":0,"DPS_HKD_LY":0.8796132,"ORG_TYPE":"一般企业","PREMIUM_INCOME":null,"PREMIUM_INCOME_YOY":null,"NET_INTEREST_INCOME":null,"NET_INTEREST_INCOME_YOY":null,"FEE_COMMISSION_INCOME":null,"FEE_COMMISSION_INCOME_YOY":null,"ACCOUNTS_RECE_TDAYS":6.724589552816,"INVENTORY_TDAYS":3.600115912784,"CURRENT_ASSETS_TDAYS":1.556788633658,"TOTAL_ASSETS_TDAYS":0.796724696314,"PREMIUM_EXPENSE":null,"LOAN_DEPOSIT":null,"LOAN_EQUITY":null,"LOAN_ASSETS":null,"DEPOSIT_EQUITY":null,"DEPOSIT_ASSETS":null,"EQUITY_MULTIPLIER":2.283645214138,"EQUITY_RATIO":1.317236710926},{"SECUCODE":"06690.HK","SECURITY_CODE":"06690","SECURITY_NAME_ABBR":"海尔智家","ORG_CODE":"10004000","STD_REPORT_DATE":"2024-06-30 00:00:00","REPORT_DATE":"2024-06-30 00:00:00","DATE_TYPE_CODE":"002","REPORT_TYPE":"2024年中报","PER_NETCASH_OPERATE":0.828343380922,"PER_OI":14.369500852399,"BPS":11.268781479294,"BASIC_EPS":1.13,"DILUTED_EPS":1.12,"OPERATE_INCOME":135621000000,"OPERATE_INCOME_YOY":3.0429431072,"GROSS_PROFIT":40784000000,"GROSS_PROFIT_YOY":3.998368013056,"HOLDER_PROFIT":10420000000,"HOLDER_PROFIT_YOY":16.2557179516,"GROSS_PROFIT_RATIO":30.072038991012,"EPS_TTM":1.912881990173,"OPERATE_INCOME_QOQ":0.035919811454,"NET_PROFIT_RATIO":7.8210601603,"ROE_AVG":9.95946661795,"GROSS_PROFIT_QOQ":0.32892005273,"ROA":4.041657777864,"HOLDER_PROFIT_QOQ":3.771027053402,"ROE_YEARLY":19.918933235901,"ROIC_YEARLY":10.363596128073,"TOTAL_ASSETS":262250000000,"TOTAL_LIABILITIES":153666000000,"TAX_EBT":16.736007535913,"OCF_SALES":5.764593978809,"TOTAL_PARENT_EQUITY":105734000000,"DEBT_ASSET_RATIO":58.5952335558,"OPERATE_PROFIT":12934000000,"PRETAX_PROFIT":12739000000,"NETCASH_OPERATE":7818000000,"NETCASH_INVEST":-7334000000,"NETCASH_FINANCE":-191000000,"END_CASH":54228000000,"DIVI_RATIO":0.416713147073,"DIVIDEND_RATE":3.147095527728,"CURRENT_RATIO":1.069998488669,"COMMON_ACS":null,"CURRENTDEBT_DEBT":81.811851678315,"ISSUED_COMMON_SHARES":9382913334,"HK_COMMON_SHARES":2857398266,"PER_SHARES":200,"TOTAL_MARKET_CAP":262252427685.3,"HKSK_MARKET_CAP":79864281534.7,"PE_TTM":12.612797675683,"PB_TTM":2.163740322798,"REPORT_DATE_SQ":"2023-06-30 00:00:00","REPORT_TYPE_SQ":"2023年中报","OPERATE_INCOME_SQ":131616000000,"DPS_HKD":0.8796132,"OPERATE_INCOME_QOQ_SQ":2.075270539108,"NET_PROFIT_RATIO_SQ":6.8723692008,"HOLDER_PROFIT_SQ":8963000000,"HOLDER_PROFIT_QOQ_SQ":3.693322731092,"ROE_AVG_SQ":9.428841905964,"PE_TTM_SQ":11.151960908515,"PB_TTM_SQ":1.825965210165,"ROA_SQ":3.718383473851,"START_DATE":"2024-01-01 00:00:00","FISCAL_YEAR":"12-31","CURRENCY":"HKD","IS_CNY_CODE":0,"DPS_HKD_LY":0.8796132,"ORG_TYPE":"一般企业","PREMIUM_INCOME":null,"PREMIUM_INCOME_YOY":null,"NET_INTEREST_INCOME":null,"NET_INTEREST_INCOME_YOY":null,"FEE_COMMISSION_INCOME":null,"FEE_COMMISSION_INCOME_YOY":null,"ACCOUNTS_RECE_TDAYS":4.554514670205,"INVENTORY_TDAYS":2.401635919318,"CURRENT_ASSETS_TDAYS":1.015362846169,"TOTAL_ASSETS_TDAYS":0.526039989915,"PREMIUM_EXPENSE":null,"LOAN_DEPOSIT":null,"LOAN_EQUITY":null,"LOAN_ASSETS":null,"DEPOSIT_EQUITY":null,"DEPOSIT_ASSETS":null,"EQUITY_MULTIPLIER":2.415180873795,"EQUITY_RATIO":1.453326271587},{"SECUCODE":"06690.HK","SECURITY_CODE":"06690","SECURITY_NAME_ABBR":"海尔智家","ORG_CODE":"10004000","STD_REPORT_DATE":"2024-03-31 00:00:00","REPORT_DATE":"2024-03-31 00:00:00","DATE_TYPE_CODE":"003","REPORT_TYPE":"2024年一季报","PER_NETCASH_OPERATE":0.182744009687,"PER_OI":7.308399470879,"BPS":11.433846831623,"BASIC_EPS":0.52,"DILUTED_EPS":0.51,"OPERATE_INCOME":68977513890.1,"OPERATE_INCOME_YOY":6.0086434799,"GROSS_PROFIT":19972149781.68,"GROSS_PROFIT_YOY":6.952396319892,"HOLDER_PROFIT":4772967900.81,"HOLDER_PROFIT_YOY":20.163898005,"GROSS_PROFIT_RATIO":28.954580493436,"EPS_TTM":1.843368081139,"OPERATE_INCOME_QOQ":1.495548712817,"NET_PROFIT_RATIO":7.0373681023,"ROE_AVG":4.528498120103,"GROSS_PROFIT_QOQ":1.608715093826,"ROA":1.86722003339,"HOLDER_PROFIT_QOQ":4.825689822739,"ROE_YEARLY":18.113992480413,"ROIC_YEARLY":9.581531892637,"TOTAL_ASSETS":257857863289.79,"TOTAL_LIABILITIES":147846712310.78,"TAX_EBT":15.609996363749,"OCF_SALES":2.500465531677,"TOTAL_PARENT_EQUITY":107282793895.35,"DEBT_ASSET_RATIO":57.3365149406,"OPERATE_PROFIT":5959298974.8,"PRETAX_PROFIT":5752104930.82,"NETCASH_OPERATE":1724758959.43,"NETCASH_INVEST":-2211505983.51,"NETCASH_FINANCE":-341154080.21,"END_CASH":53087298212.08,"DIVI_RATIO":0.432427512584,"DIVIDEND_RATE":3.147095527728,"CURRENT_RATIO":1.144653661459,"COMMON_ACS":null,"CURRENTDEBT_DEBT":80.892992353121,"ISSUED_COMMON_SHARES":9382913334,"HK_COMMON_SHARES":2857398266,"PER_SHARES":200,"TOTAL_MARKET_CAP":262252427685.3,"HKSK_MARKET_CAP":79864281534.7,"PE_TTM":12.612797675683,"PB_TTM":2.163740322798,"REPORT_DATE_SQ":"2023-03-31 00:00:00","REPORT_TYPE_SQ":"2023年一季报","OPERATE_INCOME_SQ":65067820534.08,"DPS_HKD":0.8796132,"OPERATE_INCOME_QOQ_SQ":1.984416094971,"NET_PROFIT_RATIO_SQ":6.1915847848,"HOLDER_PROFIT_SQ":3972048160.93,"HOLDER_PROFIT_QOQ_SQ":3.019965169737,"ROE_AVG_SQ":4.173627777253,"PE_TTM_SQ":11.151960908515,"PB_TTM_SQ":1.825965210165,"ROA_SQ":1.675844702584,"START_DATE":"2024-01-01 00:00:00","FISCAL_YEAR":"12-31","CURRENCY":"HKD","IS_CNY_CODE":0,"DPS_HKD_LY":0.8796132,"ORG_TYPE":"一般企业","PREMIUM_INCOME":null,"PREMIUM_INCOME_YOY":null,"NET_INTEREST_INCOME":null,"NET_INTEREST_INCOME_YOY":null,"FEE_COMMISSION_INCOME":null,"FEE_COMMISSION_INCOME_YOY":null,"ACCOUNTS_RECE_TDAYS":2.27602597741,"INVENTORY_TDAYS":1.212931187879,"CURRENT_ASSETS_TDAYS":0.511856666968,"TOTAL_ASSETS_TDAYS":0.269845091075,"PREMIUM_EXPENSE":null,"LOAN_DEPOSIT":null,"LOAN_EQUITY":null,"LOAN_ASSETS":null,"DEPOSIT_EQUITY":null,"DEPOSIT_ASSETS":null,"EQUITY_MULTIPLIER":2.34392478394,"EQUITY_RATIO":1.378102740827},{"SECUCODE":"06690.HK","SECURITY_CODE":"06690","SECURITY_NAME_ABBR":"海尔智家","ORG_CODE":"10004000","STD_REPORT_DATE":"2023-12-31 00:00:00","REPORT_DATE":"2023-12-31 00:00:00","DATE_TYPE_CODE":"001","REPORT_TYPE":"2023年年报","PER_NETCASH_OPERATE":2.676593820524,"PER_OI":27.698539693969,"BPS":11.032181190985,"BASIC_EPS":1.79,"DILUTED_EPS":1.78,"OPERATE_INCOME":261422000000,"OPERATE_INCOME_YOY":7.3381235886,"GROSS_PROFIT":80703000000,"GROSS_PROFIT_YOY":8.195468561469,"HOLDER_PROFIT":16597000000,"HOLDER_PROFIT_YOY":12.8126699293,"GROSS_PROFIT_RATIO":30.870775986719,"EPS_TTM":1.758507942334,"OPERATE_INCOME_QOQ":1.587581260362,"NET_PROFIT_RATIO":6.4003794631,"ROE_AVG":16.852055865525,"GROSS_PROFIT_QOQ":1.850691649813,"ROA":6.785044856844,"HOLDER_PROFIT_QOQ":2.487277010394,"ROE_YEARLY":16.852055865525,"ROIC_YEARLY":8.777116143294,"TOTAL_ASSETS":253379859977.97,"TOTAL_LIABILITIES":147468116628.46,"TAX_EBT":15.117694805195,"OCF_SALES":9.663303011988,"TOTAL_PARENT_EQUITY":103514153535.04,"DEBT_ASSET_RATIO":58.2003315179,"OPERATE_PROFIT":20036000000,"PRETAX_PROFIT":19712000000,"NETCASH_OPERATE":25262000000,"NETCASH_INVEST":-17085000000,"NETCASH_FINANCE":-7841000000,"END_CASH":53977000000,"DIVI_RATIO":0.45329512305,"DIVIDEND_RATE":3.147095527728,"CURRENT_RATIO":1.104411115645,"COMMON_ACS":null,"CURRENTDEBT_DEBT":81.360299579011,"ISSUED_COMMON_SHARES":9382913334,"HK_COMMON_SHARES":2857398266,"PER_SHARES":200,"TOTAL_MARKET_CAP":262252427685.3,"HKSK_MARKET_CAP":79864281534.7,"PE_TTM":12.612797675683,"PB_TTM":2.163740322798,"REPORT_DATE_SQ":"2022-12-31 00:00:00","REPORT_TYPE_SQ":"2022年年报","OPERATE_INCOME_SQ":243550000000,"DPS_HKD":0.8796132,"OPERATE_INCOME_QOQ_SQ":0.344438364454,"NET_PROFIT_RATIO_SQ":6.0504753886,"HOLDER_PROFIT_SQ":14712000000,"HOLDER_PROFIT_QOQ_SQ":-0.492740561632,"ROE_AVG_SQ":16.966921941318,"PE_TTM_SQ":11.151960908515,"PB_TTM_SQ":1.825965210165,"ROA_SQ":6.490581355076,"START_DATE":"2023-01-01 00:00:00","FISCAL_YEAR":"12-31","CURRENCY":"HKD","IS_CNY_CODE":0,"DPS_HKD_LY":0.6198536,"ORG_TYPE":"一般企业","PREMIUM_INCOME":null,"PREMIUM_INCOME_YOY":null,"NET_INTEREST_INCOME":null,"NET_INTEREST_INCOME_YOY":null,"FEE_COMMISSION_INCOME":null,"FEE_COMMISSION_INCOME_YOY":null,"ACCOUNTS_RECE_TDAYS":9.611008550504,"INVENTORY_TDAYS":4.458509627839,"CURRENT_ASSETS_TDAYS":1.987969764718,"TOTAL_ASSETS_TDAYS":1.068723261171,"PREMIUM_EXPENSE":null,"LOAN_DEPOSIT":null,"LOAN_EQUITY":null,"LOAN_ASSETS":null,"DEPOSIT_EQUITY":null,"DEPOSIT_ASSETS":null,"EQUITY_MULTIPLIER":2.392363471563,"EQUITY_RATIO":1.424617905788},{"SECUCODE":"06690.HK","SECURITY_CODE":"06690","SECURITY_NAME_ABBR":"海尔智家","ORG_CODE":"10004000","STD_REPORT_DATE":"2023-09-30 00:00:00","REPORT_DATE":"2023-09-30 00:00:00","DATE_TYPE_CODE":"004","REPORT_TYPE":"2023年三季报","PER_NETCASH_OPERATE":1.398914502575,"PER_OI":21.04862260415,"BPS":10.691361919358,"BASIC_EPS":1.41,"DILUTED_EPS":1.41,"OPERATE_INCOME":198659318477.36,"OPERATE_INCOME_YOY":7.4952074333,"GROSS_PROFIT":61013865823.93,"GROSS_PROFIT_YOY":8.286674220145,"HOLDER_PROFIT":13146723208.39,"HOLDER_PROFIT_YOY":12.71389903,"GROSS_PROFIT_RATIO":30.713864389633,"EPS_TTM":1.71583048514,"OPERATE_INCOME_QOQ":1.52545579132,"NET_PROFIT_RATIO":6.6772239352,"ROE_AVG":13.571627994087,"GROSS_PROFIT_QOQ":2.169553236468,"ROA":5.45911444519,"HOLDER_PROFIT_QOQ":3.049349383773,"ROE_YEARLY":18.095503992117,"ROIC_YEARLY":7.039341204352,"TOTAL_ASSETS":245891519568.64,"TOTAL_LIABILITIES":144242249693.54,"TAX_EBT":18.295864293969,"OCF_SALES":6.646176924281,"TOTAL_PARENT_EQUITY":100316122311.76,"DEBT_ASSET_RATIO":58.6609289928,"OPERATE_PROFIT":16125166354.72,"PRETAX_PROFIT":16232099729.44,"NETCASH_OPERATE":13202623101.74,"NETCASH_INVEST":-8819576443.18,"NETCASH_FINANCE":-6777588484.66,"END_CASH":51584615561.33,"DIVI_RATIO":0.464569828434,"DIVIDEND_RATE":3.233872058824,"CURRENT_RATIO":1.106034158239,"COMMON_ACS":null,"CURRENTDEBT_DEBT":82.770166333191,"ISSUED_COMMON_SHARES":9382913334,"HK_COMMON_SHARES":2857398266,"PER_SHARES":200,"TOTAL_MARKET_CAP":255215242684.8,"HKSK_MARKET_CAP":77721232835.2,"PE_TTM":12.274350510862,"PB_TTM":2.105679312348,"REPORT_DATE_SQ":"2022-09-30 00:00:00","REPORT_TYPE_SQ":"2022年三季报","OPERATE_INCOME_SQ":184805729760.46,"DPS_HKD":0.8796132,"OPERATE_INCOME_QOQ_SQ":2.101459251852,"NET_PROFIT_RATIO_SQ":6.3391268527,"HOLDER_PROFIT_SQ":11666014116.96,"HOLDER_PROFIT_QOQ_SQ":4.427816669068,"ROE_AVG_SQ":13.589402442297,"PE_TTM_SQ":11.046505013399,"PB_TTM_SQ":1.808698399667,"ROA_SQ":5.218720874216,"START_DATE":"2023-01-01 00:00:00","FISCAL_YEAR":"12-31","CURRENCY":"HKD","IS_CNY_CODE":0,"DPS_HKD_LY":0.6198536,"ORG_TYPE":"一般企业","PREMIUM_INCOME":null,"PREMIUM_INCOME_YOY":null,"NET_INTEREST_INCOME":null,"NET_INTEREST_INCOME_YOY":null,"FEE_COMMISSION_INCOME":null,"FEE_COMMISSION_INCOME_YOY":null,"ACCOUNTS_RECE_TDAYS":7.048113570546,"INVENTORY_TDAYS":3.382229847964,"CURRENT_ASSETS_TDAYS":1.513972097823,"TOTAL_ASSETS_TDAYS":0.824758428076,"PREMIUM_EXPENSE":null,"LOAN_DEPOSIT":null,"LOAN_EQUITY":null,"LOAN_ASSETS":null,"DEPOSIT_EQUITY":null,"DEPOSIT_ASSETS":null,"EQUITY_MULTIPLIER":2.41901904333,"EQUITY_RATIO":1.437877046775},{"SECUCODE":"06690.HK","SECURITY_CODE":"06690","SECURITY_NAME_ABBR":"海尔智家","ORG_CODE":"10004000","STD_REPORT_DATE":"2023-06-30 00:00:00","REPORT_DATE":"2023-06-30 00:00:00","DATE_TYPE_CODE":"002","REPORT_TYPE":"2023年中报","PER_NETCASH_OPERATE":0.719529278568,"PER_OI":13.945157639225,"BPS":10.303942555844,"BASIC_EPS":0.96,"DILUTED_EPS":0.96,"OPERATE_INCOME":131616000000,"OPERATE_INCOME_YOY":8.2093908525,"GROSS_PROFIT":39216000000,"GROSS_PROFIT_YOY":8.247764160318,"HOLDER_PROFIT":8963000000,"HOLDER_PROFIT_YOY":12.6130653266,"GROSS_PROFIT_RATIO":29.796222286383,"EPS_TTM":1.66505707741,"OPERATE_INCOME_QOQ":2.075270539108,"NET_PROFIT_RATIO":6.8723692008,"ROE_AVG":9.428841905964,"GROSS_PROFIT_QOQ":2.072209612228,"ROA":3.718383473851,"HOLDER_PROFIT_QOQ":3.693322731092,"ROE_YEARLY":18.857683811928,"ROIC_YEARLY":9.661851369813,"TOTAL_ASSETS":246302000000,"TOTAL_LIABILITIES":148308000000,"TAX_EBT":18.625157459061,"OCF_SALES":5.159785433161,"TOTAL_PARENT_EQUITY":96681000000,"DEBT_ASSET_RATIO":60.2138837687,"OPERATE_PROFIT":10919000000,"PRETAX_PROFIT":11114000000,"NETCASH_OPERATE":6790000000,"NETCASH_INVEST":-4333000000,"NETCASH_FINANCE":-1269000000,"END_CASH":55062000000,"DIVI_RATIO":0.478736185635,"DIVIDEND_RATE":3.147095527728,"CURRENT_RATIO":1.129229774964,"COMMON_ACS":null,"CURRENTDEBT_DEBT":81.379291744208,"ISSUED_COMMON_SHARES":9382913334,"HK_COMMON_SHARES":2857398266,"PER_SHARES":200,"TOTAL_MARKET_CAP":262252427685.3,"HKSK_MARKET_CAP":79864281534.7,"PE_TTM":12.612797675683,"PB_TTM":2.163740322798,"REPORT_DATE_SQ":"2022-06-30 00:00:00","REPORT_TYPE_SQ":"2022年中报","OPERATE_INCOME_SQ":121629000000,"DPS_HKD":0.8796132,"OPERATE_INCOME_QOQ_SQ":1.993736979686,"NET_PROFIT_RATIO_SQ":6.5632027313,"HOLDER_PROFIT_SQ":7960000000,"HOLDER_PROFIT_QOQ_SQ":4.642737333087,"ROE_AVG_SQ":9.563512115306,"PE_TTM_SQ":11.151960908515,"PB_TTM_SQ":1.825965210165,"ROA_SQ":3.579719575874,"START_DATE":"2023-01-01 00:00:00","FISCAL_YEAR":"12-31","CURRENCY":"HKD","IS_CNY_CODE":0,"DPS_HKD_LY":0.6198536,"ORG_TYPE":"一般企业","PREMIUM_INCOME":null,"PREMIUM_INCOME_YOY":null,"NET_INTEREST_INCOME":null,"NET_INTEREST_INCOME_YOY":null,"FEE_COMMISSION_INCOME":null,"FEE_COMMISSION_INCOME_YOY":null,"ACCOUNTS_RECE_TDAYS":4.558208800152,"INVENTORY_TDAYS":2.29363651032,"CURRENT_ASSETS_TDAYS":0.987085258295,"TOTAL_ASSETS_TDAYS":0.545951943917,"PREMIUM_EXPENSE":null,"LOAN_DEPOSIT":null,"LOAN_EQUITY":null,"LOAN_ASSETS":null,"DEPOSIT_EQUITY":null,"DEPOSIT_ASSETS":null,"EQUITY_MULTIPLIER":2.513439598342,"EQUITY_RATIO":1.533993235486},{"SECUCODE":"06690.HK","SECURITY_CODE":"06690","SECURITY_NAME_ABBR":"海尔智家","ORG_CODE":"10004000","STD_REPORT_DATE":"2023-03-31 00:00:00","REPORT_DATE":"2023-03-31 00:00:00","DATE_TYPE_CODE":"003","REPORT_TYPE":"2023年一季报","PER_NETCASH_OPERATE":0.143415891467,"PER_OI":6.887962961726,"BPS":10.320464987052,"BASIC_EPS":0.43,"DILUTED_EPS":0.42,"OPERATE_INCOME":65067820534.08,"OPERATE_INCOME_YOY":8.0215453127,"GROSS_PROFIT":18673868439.51,"GROSS_PROFIT_YOY":8.195952442264,"HOLDER_PROFIT":3972048160.93,"HOLDER_PROFIT_YOY":12.5967602409,"GROSS_PROFIT_RATIO":28.698108970414,"EPS_TTM":1.604309433427,"OPERATE_INCOME_QOQ":1.984416094971,"NET_PROFIT_RATIO":6.1915847848,"ROE_AVG":4.173627777253,"GROSS_PROFIT_QOQ":1.895695858716,"ROA":1.675844702584,"HOLDER_PROFIT_QOQ":3.019965169737,"ROE_YEARLY":16.694511109011,"ROIC_YEARLY":8.759560994461,"TOTAL_ASSETS":238079563208.39,"TOTAL_LIABILITIES":139935047745.28,"TAX_EBT":16.814926515476,"OCF_SALES":2.08216641373,"TOTAL_PARENT_EQUITY":96836028540.09,"DEBT_ASSET_RATIO":58.7765895819,"OPERATE_PROFIT":5049456198.54,"PRETAX_PROFIT":4844127723.07,"NETCASH_OPERATE":1354792344.2,"NETCASH_INVEST":-1455392963.74,"NETCASH_FINANCE":1357545800.49,"END_CASH":54538102505.57,"DIVI_RATIO":0.496863670745,"DIVIDEND_RATE":3.147095527728,"CURRENT_RATIO":1.163656590457,"COMMON_ACS":null,"CURRENTDEBT_DEBT":81.501467520703,"ISSUED_COMMON_SHARES":9382913334,"HK_COMMON_SHARES":2857398266,"PER_SHARES":200,"TOTAL_MARKET_CAP":262252427685.3,"HKSK_MARKET_CAP":79864281534.7,"PE_TTM":12.612797675683,"PB_TTM":2.163740322798,"REPORT_DATE_SQ":"2022-03-31 00:00:00","REPORT_TYPE_SQ":"2022年一季报","OPERATE_INCOME_SQ":60234722119.95,"DPS_HKD":0.8796132,"OPERATE_INCOME_QOQ_SQ":2.407762159877,"NET_PROFIT_RATIO_SQ":5.9191343705,"HOLDER_PROFIT_SQ":3526836008.82,"HOLDER_PROFIT_QOQ_SQ":3.534776229433,"ROE_AVG_SQ":4.287311690004,"PE_TTM_SQ":11.151960908515,"PB_TTM_SQ":1.825965210165,"ROA_SQ":1.624991031853,"START_DATE":"2023-01-01 00:00:00","FISCAL_YEAR":"12-31","CURRENCY":"HKD","IS_CNY_CODE":0,"DPS_HKD_LY":0.6198536,"ORG_TYPE":"一般企业","PREMIUM_INCOME":null,"PREMIUM_INCOME_YOY":null,"NET_INTEREST_INCOME":null,"NET_INTEREST_INCOME_YOY":null,"FEE_COMMISSION_INCOME":null,"FEE_COMMISSION_INCOME_YOY":null,"ACCOUNTS_RECE_TDAYS":2.468418933751,"INVENTORY_TDAYS":1.130870663368,"CURRENT_ASSETS_TDAYS":0.494619671588,"TOTAL_ASSETS_TDAYS":0.274586958715,"PREMIUM_EXPENSE":null,"LOAN_DEPOSIT":null,"LOAN_EQUITY":null,"LOAN_ASSETS":null,"DEPOSIT_EQUITY":null,"DEPOSIT_ASSETS":null,"EQUITY_MULTIPLIER":2.425806088962,"EQUITY_RATIO":1.445072147784},{"SECUCODE":"06690.HK","SECURITY_CODE":"06690","SECURITY_NAME_ABBR":"海尔智家","ORG_CODE":"10004000","STD_REPORT_DATE":"2022-12-31 00:00:00","REPORT_DATE":"2022-12-31 00:00:00","DATE_TYPE_CODE":"001","REPORT_TYPE":"2022年年报","PER_NETCASH_OPERATE":2.133360491073,"PER_OI":25.781766863541,"BPS":9.956715646245,"BASIC_EPS":1.58,"DILUTED_EPS":1.57,"OPERATE_INCOME":243550000000,"OPERATE_INCOME_YOY":7.2238540433,"GROSS_PROFIT":74590000000,"GROSS_PROFIT_YOY":7.241959369114,"HOLDER_PROFIT":14712000000,"HOLDER_PROFIT_YOY":12.4780181971,"GROSS_PROFIT_RATIO":30.624473786886,"EPS_TTM":1.557280116319,"OPERATE_INCOME_QOQ":0.344438364454,"NET_PROFIT_RATIO":6.0504753886,"ROE_AVG":16.966921941318,"GROSS_PROFIT_QOQ":0.213865273507,"ROA":6.490581355076,"HOLDER_PROFIT_QOQ":-0.492740561632,"ROE_YEARLY":16.966921941318,"ROIC_YEARLY":8.348727203594,"TOTAL_ASSETS":236018000000,"TOTAL_LIABILITIES":141268000000,"TAX_EBT":17.188466078354,"OCF_SALES":8.276895907345,"TOTAL_PARENT_EQUITY":93459000000,"DEBT_ASSET_RATIO":59.8402326972,"OPERATE_PROFIT":17206000000,"PRETAX_PROFIT":17791000000,"NETCASH_OPERATE":20255000000,"NETCASH_INVEST":-8925000000,"NETCASH_FINANCE":-3900000000,"END_CASH":53392000000,"DIVI_RATIO":0.511868780543,"DIVIDEND_RATE":3.147095527728,"CURRENT_RATIO":1.097989843954,"COMMON_ACS":null,"CURRENTDEBT_DEBT":84.156355296316,"ISSUED_COMMON_SHARES":9382913334,"HK_COMMON_SHARES":2857398266,"PER_SHARES":200,"TOTAL_MARKET_CAP":262252427685.3,"HKSK_MARKET_CAP":79864281534.7,"PE_TTM":12.612797675683,"PB_TTM":2.163740322798,"REPORT_DATE_SQ":"2021-12-31 00:00:00","REPORT_TYPE_SQ":"2021年年报","OPERATE_INCOME_SQ":227081000000,"DPS_HKD":0.8796132,"OPERATE_INCOME_QOQ_SQ":1.010519006263,"NET_PROFIT_RATIO_SQ":5.8088787901,"HOLDER_PROFIT_SQ":13079000000,"HOLDER_PROFIT_QOQ_SQ":4.443220957519,"ROE_AVG_SQ":17.8206614388,"PE_TTM_SQ":11.151960908515,"PB_TTM_SQ":1.825965210165,"ROA_SQ":6.208795516477,"START_DATE":"2022-01-01 00:00:00","FISCAL_YEAR":"12-31","CURRENCY":"HKD","IS_CNY_CODE":0,"DPS_HKD_LY":0.5407017,"ORG_TYPE":"一般企业","PREMIUM_INCOME":null,"PREMIUM_INCOME_YOY":null,"NET_INTEREST_INCOME":null,"NET_INTEREST_INCOME_YOY":null,"FEE_COMMISSION_INCOME":null,"FEE_COMMISSION_INCOME_YOY":null,"ACCOUNTS_RECE_TDAYS":9.106204782113,"INVENTORY_TDAYS":4.150038080731,"CURRENT_ASSETS_TDAYS":1.917227368827,"TOTAL_ASSETS_TDAYS":1.074270410741,"PREMIUM_EXPENSE":null,"LOAN_DEPOSIT":null,"LOAN_EQUITY":null,"LOAN_ASSETS":null,"DEPOSIT_EQUITY":null,"DEPOSIT_ASSETS":null,"EQUITY_MULTIPLIER":2.490054268642,"EQUITY_RATIO":1.511550519479},{"SECUCODE":"06690.HK","SECURITY_CODE":"06690","SECURITY_NAME_ABBR":"海尔智家","ORG_CODE":"10004000","STD_REPORT_DATE":"2022-09-30 00:00:00","REPORT_DATE":"2022-09-30 00:00:00","DATE_TYPE_CODE":"004","REPORT_TYPE":"2022年三季报","PER_NETCASH_OPERATE":1.185850189753,"PER_OI":19.558274481437,"BPS":9.766721098177,"BASIC_EPS":1.25,"DILUTED_EPS":1.24,"OPERATE_INCOME":184805729760.46,"OPERATE_INCOME_YOY":8.9124415423,"GROSS_PROFIT":56344759189.75,"GROSS_PROFIT_YOY":9.634582477942,"HOLDER_PROFIT":11666014116.96,"HOLDER_PROFIT_YOY":17.2568834917,"GROSS_PROFIT_RATIO":30.48902912124,"EPS_TTM":1.564597149928,"OPERATE_INCOME_QOQ":2.101459251852,"NET_PROFIT_RATIO":6.3391268527,"ROE_AVG":13.589402442297,"GROSS_PROFIT_QOQ":2.323898875009,"ROA":5.218720874216,"HOLDER_PROFIT_QOQ":4.427816669068,"ROE_YEARLY":18.119203256396,"ROIC_YEARLY":6.622900445461,"TOTAL_ASSETS":229607654027.1,"TOTAL_LIABILITIES":136597284875.9,"TAX_EBT":19.22804746803,"OCF_SALES":6.06503311484,"TOTAL_PARENT_EQUITY":91701820532.75,"DEBT_ASSET_RATIO":59.4916077405,"OPERATE_PROFIT":13877767107.41,"PRETAX_PROFIT":14502524596.46,"NETCASH_OPERATE":11251205835.72,"NETCASH_INVEST":-7261836303.13,"NETCASH_FINANCE":-3195906441.84,"END_CASH":46585418107.14,"DIVI_RATIO":0.509474962383,"DIVIDEND_RATE":3.233872058824,"CURRENT_RATIO":1.044607833796,"COMMON_ACS":null,"CURRENTDEBT_DEBT":89.220993475173,"ISSUED_COMMON_SHARES":9382913334,"HK_COMMON_SHARES":2857398266,"PER_SHARES":200,"TOTAL_MARKET_CAP":255215242684.8,"HKSK_MARKET_CAP":77721232835.2,"PE_TTM":12.274350510862,"PB_TTM":2.105679312348,"REPORT_DATE_SQ":"2021-09-30 00:00:00","REPORT_TYPE_SQ":"2021年三季报","OPERATE_INCOME_SQ":169630543025.11,"DPS_HKD":0.8796132,"OPERATE_INCOME_QOQ_SQ":-0.149934679126,"NET_PROFIT_RATIO_SQ":5.9213729907,"HOLDER_PROFIT_SQ":9948760485.45,"HOLDER_PROFIT_QOQ_SQ":-3.374235365771,"ROE_AVG_SQ":13.743500819751,"PE_TTM_SQ":11.046505013399,"PB_TTM_SQ":1.808698399667,"ROA_SQ":4.771672200969,"START_DATE":"2022-01-01 00:00:00","FISCAL_YEAR":"12-31","CURRENCY":"HKD","IS_CNY_CODE":0,"DPS_HKD_LY":0.5407017,"ORG_TYPE":"一般企业","PREMIUM_INCOME":null,"PREMIUM_INCOME_YOY":null,"NET_INTEREST_INCOME":null,"NET_INTEREST_INCOME_YOY":null,"FEE_COMMISSION_INCOME":null,"FEE_COMMISSION_INCOME_YOY":null,"ACCOUNTS_RECE_TDAYS":6.375753884924,"INVENTORY_TDAYS":3.246606708174,"CURRENT_ASSETS_TDAYS":1.472547795028,"TOTAL_ASSETS_TDAYS":0.826491312203,"PREMIUM_EXPENSE":null,"LOAN_DEPOSIT":null,"LOAN_EQUITY":null,"LOAN_ASSETS":null,"DEPOSIT_EQUITY":null,"DEPOSIT_ASSETS":null,"EQUITY_MULTIPLIER":2.468624263323,"EQUITY_RATIO":1.489580949237}],"count":24},"success":true,"message":"ok","code":0}