{"version":"2c5254ed69477c04b8d5db02df4696ef","result":{"pages":2,"data":[{"SECUCODE":"06698.HK","SECURITY_CODE":"06698","SECURITY_NAME_ABBR":"星空华文","ORG_CODE":"10000270181","STD_REPORT_DATE":"2024-06-30 00:00:00","REPORT_DATE":"2024-06-30 00:00:00","DATE_TYPE_CODE":"002","REPORT_TYPE":"2024年中报","PER_NETCASH_OPERATE":-0.071057184164,"PER_OI":0.178434603533,"BPS":7.090851584383,"BASIC_EPS":-0.14,"DILUTED_EPS":-0.14,"OPERATE_INCOME":71113000,"OPERATE_INCOME_YOY":-50.6389388271,"GROSS_PROFIT":6592000,"GROSS_PROFIT_YOY":-86.078141499472,"HOLDER_PROFIT":-56796000,"HOLDER_PROFIT_YOY":-276.6812574612,"GROSS_PROFIT_RATIO":9.269753772165,"EPS_TTM":-4.130976985873,"OPERATE_INCOME_QOQ":-17.102588807854,"NET_PROFIT_RATIO":-78.7127529425,"ROE_AVG":-1.9906872736,"GROSS_PROFIT_QOQ":-68.672810904618,"ROA":-1.802663909158,"HOLDER_PROFIT_QOQ":-2.599845198344,"ROE_YEARLY":-3.981374547201,"ROIC_YEARLY":-4.115552267391,"TOTAL_ASSETS":3085460000,"TOTAL_LIABILITIES":268676000,"TAX_EBT":-1.147452114203,"OCF_SALES":-39.822535963889,"TOTAL_PARENT_EQUITY":2825975000,"DEBT_ASSET_RATIO":8.7078101807,"OPERATE_PROFIT":-37234000,"PRETAX_PROFIT":-55340000,"NETCASH_OPERATE":-28319000,"NETCASH_INVEST":119388000,"NETCASH_FINANCE":-3077000,"END_CASH":446532000,"DIVI_RATIO":null,"DIVIDEND_RATE":null,"CURRENT_RATIO":4.859670687556,"COMMON_ACS":50000000000,"CURRENTDEBT_DEBT":94.16992958061,"ISSUED_COMMON_SHARES":398538168,"HK_COMMON_SHARES":398538168,"PER_SHARES":100,"TOTAL_MARKET_CAP":1490532748.32,"HKSK_MARKET_CAP":1490532748.32,"PE_TTM":-0.820522562444,"PB_TTM":0.481384098846,"REPORT_DATE_SQ":"2023-06-30 00:00:00","REPORT_TYPE_SQ":"2023年中报","OPERATE_INCOME_SQ":144067000,"DPS_HKD":null,"OPERATE_INCOME_QOQ_SQ":-4.411712511091,"NET_PROFIT_RATIO_SQ":-11.9513837312,"HOLDER_PROFIT_SQ":-15078000,"HOLDER_PROFIT_QOQ_SQ":-3.675878414137,"ROE_AVG_SQ":-0.337268807131,"PE_TTM_SQ":28.615766294203,"PB_TTM_SQ":0.558269012229,"ROA_SQ":-0.304046553524,"START_DATE":"2024-01-01 00:00:00","FISCAL_YEAR":"12-31","CURRENCY":"HKD","IS_CNY_CODE":0,"DPS_HKD_LY":null,"ORG_TYPE":"一般企业","PREMIUM_INCOME":null,"PREMIUM_INCOME_YOY":null,"NET_INTEREST_INCOME":null,"NET_INTEREST_INCOME_YOY":null,"FEE_COMMISSION_INCOME":null,"FEE_COMMISSION_INCOME_YOY":null,"ACCOUNTS_RECE_TDAYS":0.358753421029,"INVENTORY_TDAYS":3072.42857142857,"CURRENT_ASSETS_TDAYS":0.055702336016,"TOTAL_ASSETS_TDAYS":0.02257075121,"PREMIUM_EXPENSE":null,"LOAN_DEPOSIT":null,"LOAN_EQUITY":null,"LOAN_ASSETS":null,"DEPOSIT_EQUITY":null,"DEPOSIT_ASSETS":null,"EQUITY_MULTIPLIER":1.095383955604,"EQUITY_RATIO":0.095073735613},{"SECUCODE":"06698.HK","SECURITY_CODE":"06698","SECURITY_NAME_ABBR":"星空华文","ORG_CODE":"10000270181","STD_REPORT_DATE":"2023-12-31 00:00:00","REPORT_DATE":"2023-12-31 00:00:00","DATE_TYPE_CODE":"001","REPORT_TYPE":"2023年年报","PER_NETCASH_OPERATE":0.169655017835,"PER_OI":1.070329103334,"BPS":7.226898779742,"BASIC_EPS":-4.18,"DILUTED_EPS":-4.18,"OPERATE_INCOME":426567000,"OPERATE_INCOME_YOY":-51.1615765521,"GROSS_PROFIT":-59351000,"GROSS_PROFIT_YOY":-121.115866696552,"HOLDER_PROFIT":-1604634000,"HOLDER_PROFIT_YOY":-1946.1469430958,"GROSS_PROFIT_RATIO":-13.913640764522,"EPS_TTM":-4.026299433383,"OPERATE_INCOME_QOQ":-48.907523368292,"NET_PROFIT_RATIO":-383.1112111345,"ROE_AVG":-43.727810908885,"GROSS_PROFIT_QOQ":-121.829690821754,"ROA":-39.073981360991,"HOLDER_PROFIT_QOQ":-2016.59878408562,"ROE_YEARLY":-43.727810908885,"ROIC_YEARLY":-44.18920543318,"TOTAL_ASSETS":3215881000,"TOTAL_LIABILITIES":345698000,"TAX_EBT":-2.051615739503,"OCF_SALES":15.850733882368,"TOTAL_PARENT_EQUITY":2880195000,"DEBT_ASSET_RATIO":10.7497136865,"OPERATE_PROFIT":-1551719000,"PRETAX_PROFIT":-1601372000,"NETCASH_OPERATE":67614000,"NETCASH_INVEST":-304935000,"NETCASH_FINANCE":1684000,"END_CASH":353878000,"DIVI_RATIO":null,"DIVIDEND_RATE":null,"CURRENT_RATIO":4.08083887714,"COMMON_ACS":50000000000,"CURRENTDEBT_DEBT":93.83508148731,"ISSUED_COMMON_SHARES":398538168,"HK_COMMON_SHARES":398538168,"PER_SHARES":100,"TOTAL_MARKET_CAP":1645962633.84,"HKSK_MARKET_CAP":1645962633.84,"PE_TTM":-0.90608507564,"PB_TTM":0.531581905945,"REPORT_DATE_SQ":"2022-12-31 00:00:00","REPORT_TYPE_SQ":"2022年年报","OPERATE_INCOME_SQ":873425000,"DPS_HKD":null,"OPERATE_INCOME_QOQ_SQ":-24.363726109961,"NET_PROFIT_RATIO_SQ":9.6810830924,"HOLDER_PROFIT_SQ":86918000,"HOLDER_PROFIT_QOQ_SQ":125.941180332957,"ROE_AVG_SQ":2.057705380803,"PE_TTM_SQ":107.781851020014,"PB_TTM_SQ":2.102731301567,"ROA_SQ":1.82215851928,"START_DATE":"2023-01-01 00:00:00","FISCAL_YEAR":"12-31","CURRENCY":"HKD","IS_CNY_CODE":0,"DPS_HKD_LY":null,"ORG_TYPE":"一般企业","PREMIUM_INCOME":null,"PREMIUM_INCOME_YOY":null,"NET_INTEREST_INCOME":null,"NET_INTEREST_INCOME_YOY":null,"FEE_COMMISSION_INCOME":null,"FEE_COMMISSION_INCOME_YOY":null,"ACCOUNTS_RECE_TDAYS":1.007541795198,"INVENTORY_TDAYS":23138.9523809524,"CURRENT_ASSETS_TDAYS":0.266410394931,"TOTAL_ASSETS_TDAYS":0.103872104213,"PREMIUM_EXPENSE":null,"LOAN_DEPOSIT":null,"LOAN_EQUITY":null,"LOAN_ASSETS":null,"DEPOSIT_EQUITY":null,"DEPOSIT_ASSETS":null,"EQUITY_MULTIPLIER":1.120444584892,"EQUITY_RATIO":0.120025901024},{"SECUCODE":"06698.HK","SECURITY_CODE":"06698","SECURITY_NAME_ABBR":"星空华文","ORG_CODE":"10000270181","STD_REPORT_DATE":"2023-06-30 00:00:00","REPORT_DATE":"2023-06-30 00:00:00","DATE_TYPE_CODE":"002","REPORT_TYPE":"2023年中报","PER_NETCASH_OPERATE":0.20263303865,"PER_OI":0.361488588967,"BPS":11.246699462923,"BASIC_EPS":-0.04,"DILUTED_EPS":-0.04,"OPERATE_INCOME":144067000,"OPERATE_INCOME_YOY":-21.1024096386,"GROSS_PROFIT":47350000,"GROSS_PROFIT_YOY":-16.255460639182,"HOLDER_PROFIT":-15078000,"HOLDER_PROFIT_YOY":-26.8871497097,"GROSS_PROFIT_RATIO":32.866652321489,"EPS_TTM":0.210075236759,"OPERATE_INCOME_QOQ":-4.411712511091,"NET_PROFIT_RATIO":-11.9513837312,"ROE_AVG":-0.337268807131,"GROSS_PROFIT_QOQ":-3.269969011609,"ROA":-0.304046553524,"HOLDER_PROFIT_QOQ":-3.675878414137,"ROE_YEARLY":-0.674537614263,"ROIC_YEARLY":-0.67848129176,"TOTAL_ASSETS":4920787000,"TOTAL_LIABILITIES":421333000,"TAX_EBT":13.420827676372,"OCF_SALES":56.055168775639,"TOTAL_PARENT_EQUITY":4482239000,"DEBT_ASSET_RATIO":8.5623092404,"OPERATE_PROFIT":-15141000,"PRETAX_PROFIT":-19887000,"NETCASH_OPERATE":80757000,"NETCASH_INVEST":-269940000,"NETCASH_FINANCE":4413000,"END_CASH":404853000,"DIVI_RATIO":null,"DIVIDEND_RATE":null,"CURRENT_RATIO":4.476517769475,"COMMON_ACS":50000000000,"CURRENTDEBT_DEBT":93.062969195387,"ISSUED_COMMON_SHARES":398538168,"HK_COMMON_SHARES":398538168,"PER_SHARES":100,"TOTAL_MARKET_CAP":1645962633.84,"HKSK_MARKET_CAP":1645962633.84,"PE_TTM":-0.90608507564,"PB_TTM":0.531581905945,"REPORT_DATE_SQ":"2022-06-30 00:00:00","REPORT_TYPE_SQ":"2022年中报","OPERATE_INCOME_SQ":182600000,"DPS_HKD":null,"OPERATE_INCOME_QOQ_SQ":2.487162146571,"NET_PROFIT_RATIO_SQ":-7.3242059146,"HOLDER_PROFIT_SQ":-11883000,"HOLDER_PROFIT_QOQ_SQ":2.880613108558,"ROE_AVG_SQ":-0.297035234408,"PE_TTM_SQ":107.781851020014,"PB_TTM_SQ":2.102731301567,"ROA_SQ":-0.264497739204,"START_DATE":"2023-01-01 00:00:00","FISCAL_YEAR":"12-31","CURRENCY":"HKD","IS_CNY_CODE":0,"DPS_HKD_LY":null,"ORG_TYPE":"一般企业","PREMIUM_INCOME":null,"PREMIUM_INCOME_YOY":null,"NET_INTEREST_INCOME":null,"NET_INTEREST_INCOME_YOY":null,"FEE_COMMISSION_INCOME":null,"FEE_COMMISSION_INCOME_YOY":null,"ACCOUNTS_RECE_TDAYS":0.265559332281,"INVENTORY_TDAYS":409.817796610169,"CURRENT_ASSETS_TDAYS":0.07929214041,"TOTAL_ASSETS_TDAYS":0.029050984764,"PREMIUM_EXPENSE":null,"LOAN_DEPOSIT":null,"LOAN_EQUITY":null,"LOAN_ASSETS":null,"DEPOSIT_EQUITY":null,"DEPOSIT_ASSETS":null,"EQUITY_MULTIPLIER":1.093640917321,"EQUITY_RATIO":0.094000565342},{"SECUCODE":"06698.HK","SECURITY_CODE":"06698","SECURITY_NAME_ABBR":"星空华文","ORG_CODE":"10000270181","STD_REPORT_DATE":"2022-12-31 00:00:00","REPORT_DATE":"2022-12-31 00:00:00","DATE_TYPE_CODE":"001","REPORT_TYPE":"2022年年报","PER_NETCASH_OPERATE":0.819433047034,"PER_OI":2.19381106389,"BPS":11.188381334658,"BASIC_EPS":0.23,"DILUTED_EPS":0.23,"OPERATE_INCOME":873425000,"OPERATE_INCOME_YOY":-22.4825293367,"GROSS_PROFIT":281073000,"GROSS_PROFIT_YOY":2.464711715127,"HOLDER_PROFIT":86918000,"HOLDER_PROFIT_YOY":125.1939152918,"GROSS_PROFIT_RATIO":32.180553567851,"EPS_TTM":0.218314875406,"OPERATE_INCOME_QOQ":-24.363726109961,"NET_PROFIT_RATIO":9.6810830924,"ROE_AVG":2.057705380803,"GROSS_PROFIT_QOQ":2.522268181122,"ROA":1.82215851928,"HOLDER_PROFIT_QOQ":125.941180332957,"ROE_YEARLY":2.057705380803,"ROIC_YEARLY":2.087558422719,"TOTAL_ASSETS":4997431000,"TOTAL_LIABILITIES":519139000,"TAX_EBT":18.968673036195,"OCF_SALES":37.352033660589,"TOTAL_PARENT_EQUITY":4458997000,"DEBT_ASSET_RATIO":10.3881174147,"OPERATE_PROFIT":114380000,"PRETAX_PROFIT":104351000,"NETCASH_OPERATE":326243000,"NETCASH_INVEST":-602290000,"NETCASH_FINANCE":310767000,"END_CASH":587590000,"DIVI_RATIO":null,"DIVIDEND_RATE":null,"CURRENT_RATIO":3.845944236191,"COMMON_ACS":50000000000,"CURRENTDEBT_DEBT":94.089058999613,"ISSUED_COMMON_SHARES":398538168,"HK_COMMON_SHARES":398538168,"PER_SHARES":100,"TOTAL_MARKET_CAP":1645962633.84,"HKSK_MARKET_CAP":1645962633.84,"PE_TTM":-0.90608507564,"PB_TTM":0.531581905945,"REPORT_DATE_SQ":"2021-12-31 00:00:00","REPORT_TYPE_SQ":"2021年年报","OPERATE_INCOME_SQ":1126746000,"DPS_HKD":null,"OPERATE_INCOME_QOQ_SQ":-13.485552208689,"NET_PROFIT_RATIO_SQ":-31.2178609909,"HOLDER_PROFIT_SQ":-344996000,"HOLDER_PROFIT_QOQ_SQ":-3224.94217424827,"ROE_AVG_SQ":-8.744856475597,"PE_TTM_SQ":107.781851020014,"PB_TTM_SQ":2.102731301567,"ROA_SQ":-7.151934133447,"START_DATE":"2022-01-01 00:00:00","FISCAL_YEAR":"12-31","CURRENCY":"HKD","IS_CNY_CODE":0,"DPS_HKD_LY":null,"ORG_TYPE":"一般企业","PREMIUM_INCOME":null,"PREMIUM_INCOME_YOY":null,"NET_INTEREST_INCOME":null,"NET_INTEREST_INCOME_YOY":null,"FEE_COMMISSION_INCOME":null,"FEE_COMMISSION_INCOME_YOY":null,"ACCOUNTS_RECE_TDAYS":1.176101873845,"INVENTORY_TDAYS":353.959964146997,"CURRENT_ASSETS_TDAYS":0.472076200236,"TOTAL_ASSETS_TDAYS":0.183105778401,"PREMIUM_EXPENSE":null,"LOAN_DEPOSIT":null,"LOAN_EQUITY":null,"LOAN_ASSETS":null,"DEPOSIT_EQUITY":null,"DEPOSIT_ASSETS":null,"EQUITY_MULTIPLIER":1.115923436881,"EQUITY_RATIO":0.11642506151},{"SECUCODE":"06698.HK","SECURITY_CODE":"06698","SECURITY_NAME_ABBR":"星空华文","ORG_CODE":"10000270181","STD_REPORT_DATE":"2022-06-30 00:00:00","REPORT_DATE":"2022-06-30 00:00:00","DATE_TYPE_CODE":"002","REPORT_TYPE":"2022年中报","PER_NETCASH_OPERATE":0.2686774762,"PER_OI":0.61275082,"BPS":10.066832544882,"BASIC_EPS":-0.03,"DILUTED_EPS":-0.03,"OPERATE_INCOME":182600000,"OPERATE_INCOME_YOY":18.1295932098,"GROSS_PROFIT":56541000,"GROSS_PROFIT_YOY":-0.271628891437,"HOLDER_PROFIT":-11883000,"HOLDER_PROFIT_YOY":45.5432839925,"GROSS_PROFIT_RATIO":30.964403066813,"EPS_TTM":-1.1243541306,"OPERATE_INCOME_QOQ":2.487162146571,"NET_PROFIT_RATIO":-7.3242059146,"ROE_AVG":-0.297035234408,"GROSS_PROFIT_QOQ":-0.056140453207,"ROA":-0.264497739204,"HOLDER_PROFIT_QOQ":2.880613108558,"ROE_YEARLY":-0.594070468816,"ROIC_YEARLY":-0.600051885325,"TOTAL_ASSETS":4444434000,"TOTAL_LIABILITIES":422367000,"TAX_EBT":-9.059773301802,"OCF_SALES":43.847754654984,"TOTAL_PARENT_EQUITY":4001902000,"DEBT_ASSET_RATIO":9.2392399219,"OPERATE_PROFIT":-9576000,"PRETAX_PROFIT":-12263000,"NETCASH_OPERATE":80066000,"NETCASH_INVEST":-167895000,"NETCASH_FINANCE":-24065000,"END_CASH":437863000,"DIVI_RATIO":null,"DIVIDEND_RATE":null,"CURRENT_RATIO":4.537682344485,"COMMON_ACS":50000000000,"CURRENTDEBT_DEBT":84.180108767967,"ISSUED_COMMON_SHARES":398538168,"HK_COMMON_SHARES":398538168,"PER_SHARES":100,"TOTAL_MARKET_CAP":1645962633.84,"HKSK_MARKET_CAP":1645962633.84,"PE_TTM":-0.90608507564,"PB_TTM":0.531581905945,"REPORT_DATE_SQ":"2021-06-30 00:00:00","REPORT_TYPE_SQ":"2021年中报","OPERATE_INCOME_SQ":154576000,"DPS_HKD":null,"OPERATE_INCOME_QOQ_SQ":-16.511223152098,"NET_PROFIT_RATIO_SQ":-16.448219646,"HOLDER_PROFIT_SQ":-21821000,"HOLDER_PROFIT_QOQ_SQ":-27.972372964973,"ROE_AVG_SQ":-0.574568655504,"PE_TTM_SQ":107.781851020014,"PB_TTM_SQ":2.102731301567,"ROA_SQ":-0.445067937058,"START_DATE":"2022-01-01 00:00:00","FISCAL_YEAR":"12-31","CURRENCY":"HKD","IS_CNY_CODE":0,"DPS_HKD_LY":null,"ORG_TYPE":"一般企业","PREMIUM_INCOME":null,"PREMIUM_INCOME_YOY":null,"NET_INTEREST_INCOME":null,"NET_INTEREST_INCOME_YOY":null,"FEE_COMMISSION_INCOME":null,"FEE_COMMISSION_INCOME_YOY":null,"ACCOUNTS_RECE_TDAYS":0.240045537664,"INVENTORY_TDAYS":37.883996994741,"CURRENT_ASSETS_TDAYS":0.108010172831,"TOTAL_ASSETS_TDAYS":0.040644018496,"PREMIUM_EXPENSE":null,"LOAN_DEPOSIT":null,"LOAN_EQUITY":null,"LOAN_ASSETS":null,"DEPOSIT_EQUITY":null,"DEPOSIT_ASSETS":null,"EQUITY_MULTIPLIER":1.101797736312,"EQUITY_RATIO":0.105541564986},{"SECUCODE":"06698.HK","SECURITY_CODE":"06698","SECURITY_NAME_ABBR":"星空华文","ORG_CODE":"10000270181","STD_REPORT_DATE":"2021-12-31 00:00:00","REPORT_DATE":"2021-12-31 00:00:00","DATE_TYPE_CODE":"001","REPORT_TYPE":"2021年年报","PER_NETCASH_OPERATE":1.30435026955,"PER_OI":3.5918972361,"BPS":10.034594729206,"BASIC_EPS":-1.45,"DILUTED_EPS":-1.45,"OPERATE_INCOME":1126746000,"OPERATE_INCOME_YOY":-27.7701457423,"GROSS_PROFIT":274312000,"GROSS_PROFIT_YOY":-53.303270330404,"HOLDER_PROFIT":-344996000,"HOLDER_PROFIT_YOY":-1997.1126375296,"GROSS_PROFIT_RATIO":24.345504665648,"EPS_TTM":-1.0997954986,"OPERATE_INCOME_QOQ":-13.485552208689,"NET_PROFIT_RATIO":-31.2178609909,"ROE_AVG":-8.744856475597,"GROSS_PROFIT_QOQ":-46.0750316498,"ROA":-7.151934133447,"HOLDER_PROFIT_QOQ":-3224.94217424827,"ROE_YEARLY":-8.744856475597,"ROIC_YEARLY":-9.265698322822,"TOTAL_ASSETS":4544468000,"TOTAL_LIABILITIES":496607000,"TAX_EBT":-7.421399013575,"OCF_SALES":36.313685604386,"TOTAL_PARENT_EQUITY":3989054000,"DEBT_ASSET_RATIO":10.6700599624,"OPERATE_PROFIT":-323200000,"PRETAX_PROFIT":-327445000,"NETCASH_OPERATE":409163000,"NETCASH_INVEST":-584806000,"NETCASH_FINANCE":-176882000,"END_CASH":547182000,"DIVI_RATIO":null,"DIVIDEND_RATE":null,"CURRENT_RATIO":3.866587571605,"COMMON_ACS":50000000000,"CURRENTDEBT_DEBT":97.272692491246,"ISSUED_COMMON_SHARES":398538168,"HK_COMMON_SHARES":398538168,"PER_SHARES":100,"TOTAL_MARKET_CAP":1645962633.84,"HKSK_MARKET_CAP":1645962633.84,"PE_TTM":-0.90608507564,"PB_TTM":0.531581905945,"REPORT_DATE_SQ":"2020-12-31 00:00:00","REPORT_TYPE_SQ":"2020年年报","OPERATE_INCOME_SQ":1559945000,"DPS_HKD":null,"OPERATE_INCOME_QOQ_SQ":-13.652660006986,"NET_PROFIT_RATIO_SQ":-1.7841013625,"HOLDER_PROFIT_SQ":-16451000,"HOLDER_PROFIT_QOQ_SQ":-102.506949146778,"ROE_AVG_SQ":-0.206954677742,"PE_TTM_SQ":107.781851020014,"PB_TTM_SQ":2.102731301567,"ROA_SQ":-0.1561174732,"START_DATE":"2021-01-01 00:00:00","FISCAL_YEAR":"12-31","CURRENCY":"HKD","IS_CNY_CODE":0,"DPS_HKD_LY":null,"ORG_TYPE":"一般企业","PREMIUM_INCOME":null,"PREMIUM_INCOME_YOY":null,"NET_INTEREST_INCOME":null,"NET_INTEREST_INCOME_YOY":null,"FEE_COMMISSION_INCOME":null,"FEE_COMMISSION_INCOME_YOY":null,"ACCOUNTS_RECE_TDAYS":1.166263678482,"INVENTORY_TDAYS":63.621599432772,"CURRENT_ASSETS_TDAYS":0.514428591876,"TOTAL_ASSETS_TDAYS":0.233579901713,"PREMIUM_EXPENSE":null,"LOAN_DEPOSIT":null,"LOAN_EQUITY":null,"LOAN_ASSETS":null,"DEPOSIT_EQUITY":null,"DEPOSIT_ASSETS":null,"EQUITY_MULTIPLIER":1.119445506825,"EQUITY_RATIO":0.124492423517},{"SECUCODE":"06698.HK","SECURITY_CODE":"06698","SECURITY_NAME_ABBR":"星空华文","ORG_CODE":"10000270181","STD_REPORT_DATE":"2021-06-30 00:00:00","REPORT_DATE":"2021-06-30 00:00:00","DATE_TYPE_CODE":"002","REPORT_TYPE":"2021年中报","PER_NETCASH_OPERATE":0.7460317283,"PER_OI":0.4992882088,"BPS":9.295267799796,"BASIC_EPS":null,"DILUTED_EPS":null,"OPERATE_INCOME":154576000,"OPERATE_INCOME_YOY":-62.4944800578,"GROSS_PROFIT":56695000,"GROSS_PROFIT_YOY":-58.138899554033,"HOLDER_PROFIT":-21821000,"HOLDER_PROFIT_YOY":-11.5992430829,"GROSS_PROFIT_RATIO":36.67775075044,"EPS_TTM":-0.0335149988,"OPERATE_INCOME_QOQ":-16.511223152098,"NET_PROFIT_RATIO":-16.448219646,"ROE_AVG":-0.574568655504,"GROSS_PROFIT_QOQ":-13.404252059384,"ROA":-0.445067937058,"HOLDER_PROFIT_QOQ":-27.972372964973,"ROE_YEARLY":-1.149137311008,"ROIC_YEARLY":-1.24240329683,"TOTAL_ASSETS":4700749000,"TOTAL_LIABILITIES":304236000,"TAX_EBT":-39.705478322985,"OCF_SALES":149.419055998344,"TOTAL_PARENT_EQUITY":3704519000,"DEBT_ASSET_RATIO":6.4720749821,"OPERATE_PROFIT":-15419000,"PRETAX_PROFIT":-18199000,"NETCASH_OPERATE":230966000,"NETCASH_INVEST":-556125000,"NETCASH_FINANCE":-84508000,"END_CASH":493380000,"DIVI_RATIO":null,"DIVIDEND_RATE":null,"CURRENT_RATIO":5.62960915608,"COMMON_ACS":50000000000,"CURRENTDEBT_DEBT":94.543052104288,"ISSUED_COMMON_SHARES":398538168,"HK_COMMON_SHARES":398538168,"PER_SHARES":100,"TOTAL_MARKET_CAP":1645962633.84,"HKSK_MARKET_CAP":1645962633.84,"PE_TTM":-0.90608507564,"PB_TTM":0.531581905945,"REPORT_DATE_SQ":"2020-06-30 00:00:00","REPORT_TYPE_SQ":"2020年中报","OPERATE_INCOME_SQ":412142000,"DPS_HKD":null,"OPERATE_INCOME_QOQ_SQ":0,"NET_PROFIT_RATIO_SQ":-7.3693047542,"HOLDER_PROFIT_SQ":-19553000,"HOLDER_PROFIT_QOQ_SQ":0,"ROE_AVG_SQ":null,"PE_TTM_SQ":107.781851020014,"PB_TTM_SQ":2.102731301567,"ROA_SQ":null,"START_DATE":"2021-01-01 00:00:00","FISCAL_YEAR":"12-31","CURRENCY":"HKD","IS_CNY_CODE":0,"DPS_HKD_LY":null,"ORG_TYPE":"一般企业","PREMIUM_INCOME":null,"PREMIUM_INCOME_YOY":null,"NET_INTEREST_INCOME":null,"NET_INTEREST_INCOME_YOY":null,"FEE_COMMISSION_INCOME":null,"FEE_COMMISSION_INCOME_YOY":null,"ACCOUNTS_RECE_TDAYS":0.185294158192,"INVENTORY_TDAYS":5.168224299065,"CURRENT_ASSETS_TDAYS":0.073994380628,"TOTAL_ASSETS_TDAYS":0.031527804151,"PREMIUM_EXPENSE":null,"LOAN_DEPOSIT":null,"LOAN_EQUITY":null,"LOAN_ASSETS":null,"DEPOSIT_EQUITY":null,"DEPOSIT_ASSETS":null,"EQUITY_MULTIPLIER":1.069199385968,"EQUITY_RATIO":0.082125641682},{"SECUCODE":"06698.HK","SECURITY_CODE":"06698","SECURITY_NAME_ABBR":"星空华文","ORG_CODE":"10000270181","STD_REPORT_DATE":"2020-12-31 00:00:00","REPORT_DATE":"2020-12-31 00:00:00","DATE_TYPE_CODE":"001","REPORT_TYPE":"2020年年报","PER_NETCASH_OPERATE":null,"PER_OI":null,"BPS":9.784345172179,"BASIC_EPS":null,"DILUTED_EPS":null,"OPERATE_INCOME":1559945000,"OPERATE_INCOME_YOY":-13.652660007,"GROSS_PROFIT":587433000,"GROSS_PROFIT_YOY":-16.662457936341,"HOLDER_PROFIT":-16451000,"HOLDER_PROFIT_YOY":-102.5069491468,"GROSS_PROFIT_RATIO":37.657289199299,"EPS_TTM":null,"OPERATE_INCOME_QOQ":-13.652660006986,"NET_PROFIT_RATIO":-1.7841013625,"ROE_AVG":-0.206954677742,"GROSS_PROFIT_QOQ":-16.662457936341,"ROA":-0.1561174732,"HOLDER_PROFIT_QOQ":-102.506949146778,"ROE_YEARLY":-0.206954677742,"ROIC_YEARLY":-0.218223785424,"TOTAL_ASSETS":5106730000,"TOTAL_LIABILITIES":525882000,"TAX_EBT":243.278960882042,"OCF_SALES":25.527182048085,"TOTAL_PARENT_EQUITY":3891092000,"DEBT_ASSET_RATIO":10.0683161131,"OPERATE_PROFIT":33720000,"PRETAX_PROFIT":26484000,"NETCASH_OPERATE":398210000,"NETCASH_INVEST":-15978000,"NETCASH_FINANCE":-100265000,"END_CASH":903376000,"DIVI_RATIO":null,"DIVIDEND_RATE":null,"CURRENT_RATIO":5.161859074578,"COMMON_ACS":50000000000,"CURRENTDEBT_DEBT":96.52526612434,"ISSUED_COMMON_SHARES":398538168,"HK_COMMON_SHARES":398538168,"PER_SHARES":100,"TOTAL_MARKET_CAP":1645962633.84,"HKSK_MARKET_CAP":1645962633.84,"PE_TTM":-0.90608507564,"PB_TTM":0.531581905945,"REPORT_DATE_SQ":"2019-12-31 00:00:00","REPORT_TYPE_SQ":"2019年年报","OPERATE_INCOME_SQ":1806593000,"DPS_HKD":null,"OPERATE_INCOME_QOQ_SQ":3.875778668872,"NET_PROFIT_RATIO_SQ":21.0475740801,"HOLDER_PROFIT_SQ":323421000,"HOLDER_PROFIT_QOQ_SQ":-18.648710512349,"ROE_AVG_SQ":8.612008284992,"PE_TTM_SQ":107.781851020014,"PB_TTM_SQ":2.102731301567,"ROA_SQ":6.411531760991,"START_DATE":"2020-01-01 00:00:00","FISCAL_YEAR":"12-31","CURRENCY":"HKD","IS_CNY_CODE":0,"DPS_HKD_LY":null,"ORG_TYPE":"一般企业","PREMIUM_INCOME":null,"PREMIUM_INCOME_YOY":null,"NET_INTEREST_INCOME":null,"NET_INTEREST_INCOME_YOY":null,"FEE_COMMISSION_INCOME":null,"FEE_COMMISSION_INCOME_YOY":null,"ACCOUNTS_RECE_TDAYS":1.412286237057,"INVENTORY_TDAYS":44.625995181829,"CURRENT_ASSETS_TDAYS":0.641597288087,"TOTAL_ASSETS_TDAYS":0.300363433314,"PREMIUM_EXPENSE":null,"LOAN_DEPOSIT":null,"LOAN_EQUITY":null,"LOAN_ASSETS":null,"DEPOSIT_EQUITY":null,"DEPOSIT_ASSETS":null,"EQUITY_MULTIPLIER":1.111955160606,"EQUITY_RATIO":0.135150235461},{"SECUCODE":"06698.HK","SECURITY_CODE":"06698","SECURITY_NAME_ABBR":"星空华文","ORG_CODE":"10000270181","STD_REPORT_DATE":"2020-06-30 00:00:00","REPORT_DATE":"2020-06-30 00:00:00","DATE_TYPE_CODE":"002","REPORT_TYPE":"2020年中报","PER_NETCASH_OPERATE":null,"PER_OI":null,"BPS":null,"BASIC_EPS":null,"DILUTED_EPS":null,"OPERATE_INCOME":412142000,"OPERATE_INCOME_YOY":null,"GROSS_PROFIT":135436000,"GROSS_PROFIT_YOY":null,"HOLDER_PROFIT":-19553000,"HOLDER_PROFIT_YOY":null,"GROSS_PROFIT_RATIO":32.861489486633,"EPS_TTM":null,"OPERATE_INCOME_QOQ":0,"NET_PROFIT_RATIO":-7.3693047542,"ROE_AVG":null,"GROSS_PROFIT_QOQ":0,"ROA":null,"HOLDER_PROFIT_QOQ":0,"ROE_YEARLY":null,"ROIC_YEARLY":null,"TOTAL_ASSETS":null,"TOTAL_LIABILITIES":null,"TAX_EBT":-505.985634477255,"OCF_SALES":132.891818839138,"TOTAL_PARENT_EQUITY":null,"DEBT_ASSET_RATIO":null,"OPERATE_PROFIT":null,"PRETAX_PROFIT":-5012000,"NETCASH_OPERATE":547703000,"NETCASH_INVEST":-12040000,"NETCASH_FINANCE":-92237000,"END_CASH":1099580000,"DIVI_RATIO":null,"DIVIDEND_RATE":null,"CURRENT_RATIO":null,"COMMON_ACS":50000000000,"CURRENTDEBT_DEBT":null,"ISSUED_COMMON_SHARES":398538168,"HK_COMMON_SHARES":398538168,"PER_SHARES":100,"TOTAL_MARKET_CAP":1645962633.84,"HKSK_MARKET_CAP":1645962633.84,"PE_TTM":-0.90608507564,"PB_TTM":0.531581905945,"REPORT_DATE_SQ":"2019-06-30 00:00:00","REPORT_TYPE_SQ":"2019年中报","OPERATE_INCOME_SQ":null,"DPS_HKD":null,"OPERATE_INCOME_QOQ_SQ":0,"NET_PROFIT_RATIO_SQ":null,"HOLDER_PROFIT_SQ":null,"HOLDER_PROFIT_QOQ_SQ":0,"ROE_AVG_SQ":null,"PE_TTM_SQ":107.781851020014,"PB_TTM_SQ":2.102731301567,"ROA_SQ":null,"START_DATE":"2020-01-01 00:00:00","FISCAL_YEAR":"12-31","CURRENCY":"HKD","IS_CNY_CODE":0,"DPS_HKD_LY":null,"ORG_TYPE":"一般企业","PREMIUM_INCOME":null,"PREMIUM_INCOME_YOY":null,"NET_INTEREST_INCOME":null,"NET_INTEREST_INCOME_YOY":null,"FEE_COMMISSION_INCOME":null,"FEE_COMMISSION_INCOME_YOY":null,"ACCOUNTS_RECE_TDAYS":null,"INVENTORY_TDAYS":null,"CURRENT_ASSETS_TDAYS":0.357775817826,"TOTAL_ASSETS_TDAYS":0.156052179955,"PREMIUM_EXPENSE":null,"LOAN_DEPOSIT":null,"LOAN_EQUITY":null,"LOAN_ASSETS":null,"DEPOSIT_EQUITY":null,"DEPOSIT_ASSETS":null,"EQUITY_MULTIPLIER":null,"EQUITY_RATIO":null}],"count":11},"success":true,"message":"ok","code":0}