{"version":"5bba2eabf8d7d205fabd294b05b2b2a3","result":{"pages":2,"data":[{"SECUCODE":"06696.HK","SECURITY_CODE":"06696","SECURITY_NAME_ABBR":"多想云","ORG_CODE":"10000291817","STD_REPORT_DATE":"2024-06-30 00:00:00","REPORT_DATE":"2024-06-30 00:00:00","DATE_TYPE_CODE":"002","REPORT_TYPE":"2024年中报","PER_NETCASH_OPERATE":-0.095529166667,"PER_OI":0.699385833333,"BPS":9.385147058824,"BASIC_EPS":0.007,"DILUTED_EPS":0.007,"OPERATE_INCOME":839263000,"OPERATE_INCOME_YOY":191.8089615343,"GROSS_PROFIT":55643000,"GROSS_PROFIT_YOY":1.789078935333,"HOLDER_PROFIT":7189000,"HOLDER_PROFIT_YOY":-64.9197286878,"GROSS_PROFIT_RATIO":6.629983688069,"EPS_TTM":0.016469166667,"OPERATE_INCOME_QOQ":46.278312808295,"NET_PROFIT_RATIO":0.8539635371,"ROE_AVG":1.183661876752,"GROSS_PROFIT_QOQ":0.829896644774,"ROA":0.848899642326,"HOLDER_PROFIT_QOQ":-40.233465388454,"ROE_YEARLY":2.367323753504,"ROIC_YEARLY":1.742953723476,"TOTAL_ASSETS":918693000,"TOTAL_LIABILITIES":279024000,"TAX_EBT":12.873814733771,"OCF_SALES":-13.659007962939,"TOTAL_PARENT_EQUITY":638190000,"DEBT_ASSET_RATIO":30.3718434776,"OPERATE_PROFIT":9987000,"PRETAX_PROFIT":8226000,"NETCASH_OPERATE":-114635000,"NETCASH_INVEST":14446000,"NETCASH_FINANCE":88594000,"END_CASH":14768000,"DIVI_RATIO":null,"DIVIDEND_RATE":null,"CURRENT_RATIO":2.600987431052,"COMMON_ACS":1000000000,"CURRENTDEBT_DEBT":99.086458512529,"ISSUED_COMMON_SHARES":68000000,"HK_COMMON_SHARES":68000000,"PER_SHARES":1000,"TOTAL_MARKET_CAP":16660000,"HKSK_MARKET_CAP":16660000,"PE_TTM":0.752532757656,"PB_TTM":0.023825582977,"REPORT_DATE_SQ":"2023-06-30 00:00:00","REPORT_TYPE_SQ":"2023年中报","OPERATE_INCOME_SQ":287607000,"DPS_HKD":null,"OPERATE_INCOME_QOQ_SQ":17.910055405164,"NET_PROFIT_RATIO_SQ":7.119089591,"HOLDER_PROFIT_SQ":20493000,"HOLDER_PROFIT_QOQ_SQ":1.473628255862,"ROE_AVG_SQ":3.701813695428,"PE_TTM_SQ":2.009385578157,"PB_TTM_SQ":0.247239245176,"ROA_SQ":2.684837213812,"START_DATE":"2024-01-01 00:00:00","FISCAL_YEAR":"12-31","CURRENCY":"HKD","IS_CNY_CODE":0,"DPS_HKD_LY":null,"ORG_TYPE":"一般企业","PREMIUM_INCOME":null,"PREMIUM_INCOME_YOY":null,"NET_INTEREST_INCOME":null,"NET_INTEREST_INCOME_YOY":null,"FEE_COMMISSION_INCOME":null,"FEE_COMMISSION_INCOME_YOY":null,"ACCOUNTS_RECE_TDAYS":2.210093195099,"INVENTORY_TDAYS":null,"CURRENT_ASSETS_TDAYS":1.292715160384,"TOTAL_ASSETS_TDAYS":0.991028043563,"PREMIUM_EXPENSE":null,"LOAN_DEPOSIT":null,"LOAN_EQUITY":null,"LOAN_ASSETS":null,"DEPOSIT_EQUITY":null,"DEPOSIT_ASSETS":null,"EQUITY_MULTIPLIER":1.436200597496,"EQUITY_RATIO":0.437211488742},{"SECUCODE":"06696.HK","SECURITY_CODE":"06696","SECURITY_NAME_ABBR":"多想云","ORG_CODE":"10000291817","STD_REPORT_DATE":"2023-12-31 00:00:00","REPORT_DATE":"2023-12-31 00:00:00","DATE_TYPE_CODE":"001","REPORT_TYPE":"2023年年报","PER_NETCASH_OPERATE":-0.27323125,"PER_OI":1.49005,"BPS":8.478161764706,"BASIC_EPS":0.041,"DILUTED_EPS":0.04,"OPERATE_INCOME":1192040000,"OPERATE_INCOME_YOY":139.2074312352,"GROSS_PROFIT":117846000,"GROSS_PROFIT_YOY":-34.395145577019,"HOLDER_PROFIT":33067000,"HOLDER_PROFIT_YOY":-51.1738822279,"GROSS_PROFIT_RATIO":9.886077648401,"EPS_TTM":0.04133375,"OPERATE_INCOME_QOQ":102.872800299534,"NET_PROFIT_RATIO":2.7729774169,"ROE_AVG":5.905549076583,"GROSS_PROFIT_QOQ":-30.348182253403,"ROA":4.433818880771,"HOLDER_PROFIT_QOQ":-51.882948691831,"ROE_YEARLY":5.905549076583,"ROIC_YEARLY":5.835792342012,"TOTAL_ASSETS":775029000,"TOTAL_LIABILITIES":197013000,"TAX_EBT":-10.128269198734,"OCF_SALES":-18.337052447904,"TOTAL_PARENT_EQUITY":576515000,"DEBT_ASSET_RATIO":25.420081055,"OPERATE_PROFIT":32996000,"PRETAX_PROFIT":30015000,"NETCASH_OPERATE":-218585000,"NETCASH_INVEST":-65687000,"NETCASH_FINANCE":-17689000,"END_CASH":26131000,"DIVI_RATIO":null,"DIVIDEND_RATE":null,"CURRENT_RATIO":2.946610854826,"COMMON_ACS":1000000000,"CURRENTDEBT_DEBT":99.796967712791,"ISSUED_COMMON_SHARES":68000000,"HK_COMMON_SHARES":68000000,"PER_SHARES":1000,"TOTAL_MARKET_CAP":16660000,"HKSK_MARKET_CAP":16660000,"PE_TTM":0.752532757656,"PB_TTM":0.023825582977,"REPORT_DATE_SQ":"2022-12-31 00:00:00","REPORT_TYPE_SQ":"2022年年报","OPERATE_INCOME_SQ":498329000,"DPS_HKD":null,"OPERATE_INCOME_QOQ_SQ":41.049816020379,"NET_PROFIT_RATIO_SQ":13.5854024149,"HOLDER_PROFIT_SQ":67724000,"HOLDER_PROFIT_QOQ_SQ":20.621237487978,"ROE_AVG_SQ":19.479979692774,"PE_TTM_SQ":1.775488844191,"PB_TTM_SQ":0.21846007378,"ROA_SQ":12.702723740517,"START_DATE":"2023-01-01 00:00:00","FISCAL_YEAR":"12-31","CURRENCY":"HKD","IS_CNY_CODE":0,"DPS_HKD_LY":null,"ORG_TYPE":"一般企业","PREMIUM_INCOME":null,"PREMIUM_INCOME_YOY":null,"NET_INTEREST_INCOME":null,"NET_INTEREST_INCOME_YOY":null,"FEE_COMMISSION_INCOME":null,"FEE_COMMISSION_INCOME_YOY":null,"ACCOUNTS_RECE_TDAYS":5.082545963093,"INVENTORY_TDAYS":null,"CURRENT_ASSETS_TDAYS":2.054653323359,"TOTAL_ASSETS_TDAYS":1.598357715739,"PREMIUM_EXPENSE":null,"LOAN_DEPOSIT":null,"LOAN_EQUITY":null,"LOAN_ASSETS":null,"DEPOSIT_EQUITY":null,"DEPOSIT_ASSETS":null,"EQUITY_MULTIPLIER":1.340843506062,"EQUITY_RATIO":0.341730917669},{"SECUCODE":"06696.HK","SECURITY_CODE":"06696","SECURITY_NAME_ABBR":"多想云","ORG_CODE":"10000291817","STD_REPORT_DATE":"2023-06-30 00:00:00","REPORT_DATE":"2023-06-30 00:00:00","DATE_TYPE_CODE":"002","REPORT_TYPE":"2023年中报","PER_NETCASH_OPERATE":-0.21084,"PER_OI":0.35950875,"BPS":8.291764705882,"BASIC_EPS":0.026,"DILUTED_EPS":0.026,"OPERATE_INCOME":287607000,"OPERATE_INCOME_YOY":44.9953618746,"GROSS_PROFIT":54665000,"GROSS_PROFIT_YOY":-16.031765537157,"HOLDER_PROFIT":20493000,"HOLDER_PROFIT_YOY":5.1192613491,"GROSS_PROFIT_RATIO":19.006839193761,"EPS_TTM":0.0859025,"OPERATE_INCOME_QOQ":17.910055405164,"NET_PROFIT_RATIO":7.119089591,"ROE_AVG":3.701813695428,"GROSS_PROFIT_QOQ":-5.810276679842,"ROA":2.684837213812,"HOLDER_PROFIT_QOQ":1.473628255862,"ROE_YEARLY":7.403627390856,"ROIC_YEARLY":7.62522430003,"TOTAL_ASSETS":810021000,"TOTAL_LIABILITIES":244686000,"TAX_EBT":11.969560170257,"OCF_SALES":-58.646694969177,"TOTAL_PARENT_EQUITY":563840000,"DEBT_ASSET_RATIO":30.2073649942,"OPERATE_PROFIT":23702000,"PRETAX_PROFIT":23259000,"NETCASH_OPERATE":-168672000,"NETCASH_INVEST":263000,"NETCASH_FINANCE":-40354000,"END_CASH":119366000,"DIVI_RATIO":null,"DIVIDEND_RATE":null,"CURRENT_RATIO":2.785947946563,"COMMON_ACS":1000000000,"CURRENTDEBT_DEBT":99.821403758286,"ISSUED_COMMON_SHARES":68000000,"HK_COMMON_SHARES":68000000,"PER_SHARES":1000,"TOTAL_MARKET_CAP":16660000,"HKSK_MARKET_CAP":16660000,"PE_TTM":0.752532757656,"PB_TTM":0.023825582977,"REPORT_DATE_SQ":"2022-06-30 00:00:00","REPORT_TYPE_SQ":"2022年中报","OPERATE_INCOME_SQ":198356000,"DPS_HKD":null,"OPERATE_INCOME_QOQ_SQ":0,"NET_PROFIT_RATIO_SQ":9.8217346589,"HOLDER_PROFIT_SQ":19495000,"HOLDER_PROFIT_QOQ_SQ":0,"ROE_AVG_SQ":null,"PE_TTM_SQ":1.775488844191,"PB_TTM_SQ":0.21846007378,"ROA_SQ":null,"START_DATE":"2023-01-01 00:00:00","FISCAL_YEAR":"12-31","CURRENCY":"HKD","IS_CNY_CODE":0,"DPS_HKD_LY":null,"ORG_TYPE":"一般企业","PREMIUM_INCOME":null,"PREMIUM_INCOME_YOY":null,"NET_INTEREST_INCOME":null,"NET_INTEREST_INCOME_YOY":null,"FEE_COMMISSION_INCOME":null,"FEE_COMMISSION_INCOME_YOY":null,"ACCOUNTS_RECE_TDAYS":1.782791153207,"INVENTORY_TDAYS":null,"CURRENT_ASSETS_TDAYS":0.455992484869,"TOTAL_ASSETS_TDAYS":0.376800847388,"PREMIUM_EXPENSE":null,"LOAN_DEPOSIT":null,"LOAN_EQUITY":null,"LOAN_ASSETS":null,"DEPOSIT_EQUITY":null,"DEPOSIT_ASSETS":null,"EQUITY_MULTIPLIER":1.43281594099,"EQUITY_RATIO":0.433963535755},{"SECUCODE":"06696.HK","SECURITY_CODE":"06696","SECURITY_NAME_ABBR":"多想云","ORG_CODE":"10000291817","STD_REPORT_DATE":"2022-12-31 00:00:00","REPORT_DATE":"2022-12-31 00:00:00","DATE_TYPE_CODE":"001","REPORT_TYPE":"2022年年报","PER_NETCASH_OPERATE":0.119725,"PER_OI":0.62291125,"BPS":7.990397058824,"BASIC_EPS":0.102,"DILUTED_EPS":0.102,"OPERATE_INCOME":498329000,"OPERATE_INCOME_YOY":41.0498160204,"GROSS_PROFIT":179630000,"GROSS_PROFIT_YOY":56.832786198226,"HOLDER_PROFIT":67724000,"HOLDER_PROFIT_YOY":20.621237488,"GROSS_PROFIT_RATIO":36.046467293696,"EPS_TTM":0.084655,"OPERATE_INCOME_QOQ":41.049816020379,"NET_PROFIT_RATIO":13.5854024149,"ROE_AVG":19.479979692774,"GROSS_PROFIT_QOQ":56.832786198226,"ROA":12.702723740517,"HOLDER_PROFIT_QOQ":20.621237487978,"ROE_YEARLY":19.479979692774,"ROIC_YEARLY":19.806219347065,"TOTAL_ASSETS":716552000,"TOTAL_LIABILITIES":171692000,"TAX_EBT":25.38382691693,"OCF_SALES":19.220234022102,"TOTAL_PARENT_EQUITY":543347000,"DEBT_ASSET_RATIO":23.9608569929,"OPERATE_PROFIT":101150000,"PRETAX_PROFIT":90731000,"NETCASH_OPERATE":95780000,"NETCASH_INVEST":-61977000,"NETCASH_FINANCE":245542000,"END_CASH":329188000,"DIVI_RATIO":null,"DIVIDEND_RATE":null,"CURRENT_RATIO":3.400923709119,"COMMON_ACS":1000000000,"CURRENTDEBT_DEBT":99.499685483307,"ISSUED_COMMON_SHARES":68000000,"HK_COMMON_SHARES":68000000,"PER_SHARES":1000,"TOTAL_MARKET_CAP":16660000,"HKSK_MARKET_CAP":16660000,"PE_TTM":0.752532757656,"PB_TTM":0.023825582977,"REPORT_DATE_SQ":"2021-12-31 00:00:00","REPORT_TYPE_SQ":"2021年年报","OPERATE_INCOME_SQ":353300000,"DPS_HKD":null,"OPERATE_INCOME_QOQ_SQ":2.887129935408,"NET_PROFIT_RATIO_SQ":18.3246532692,"HOLDER_PROFIT_SQ":56146000,"HOLDER_PROFIT_QOQ_SQ":83.615671397737,"ROE_AVG_SQ":29.452866810051,"PE_TTM_SQ":1.775488844191,"PB_TTM_SQ":0.21846007378,"ROA_SQ":15.569858599528,"START_DATE":"2022-01-01 00:00:00","FISCAL_YEAR":"12-31","CURRENCY":"HKD","IS_CNY_CODE":0,"DPS_HKD_LY":null,"ORG_TYPE":"一般企业","PREMIUM_INCOME":null,"PREMIUM_INCOME_YOY":null,"NET_INTEREST_INCOME":null,"NET_INTEREST_INCOME_YOY":null,"FEE_COMMISSION_INCOME":null,"FEE_COMMISSION_INCOME_YOY":null,"ACCOUNTS_RECE_TDAYS":3.288790187661,"INVENTORY_TDAYS":null,"CURRENT_ASSETS_TDAYS":1.202601019364,"TOTAL_ASSETS_TDAYS":0.93469606327,"PREMIUM_EXPENSE":null,"LOAN_DEPOSIT":null,"LOAN_EQUITY":null,"LOAN_ASSETS":null,"DEPOSIT_EQUITY":null,"DEPOSIT_ASSETS":null,"EQUITY_MULTIPLIER":1.315112138897,"EQUITY_RATIO":0.315989597808},{"SECUCODE":"06696.HK","SECURITY_CODE":"06696","SECURITY_NAME_ABBR":"多想云","ORG_CODE":"10000291817","STD_REPORT_DATE":"2022-06-30 00:00:00","REPORT_DATE":"2022-06-30 00:00:00","DATE_TYPE_CODE":"002","REPORT_TYPE":"2022年中报","PER_NETCASH_OPERATE":null,"PER_OI":null,"BPS":null,"BASIC_EPS":0.031,"DILUTED_EPS":0.031,"OPERATE_INCOME":198356000,"OPERATE_INCOME_YOY":null,"GROSS_PROFIT":65102000,"GROSS_PROFIT_YOY":null,"HOLDER_PROFIT":19495000,"HOLDER_PROFIT_YOY":null,"GROSS_PROFIT_RATIO":32.820786868055,"EPS_TTM":30.603313066667,"OPERATE_INCOME_QOQ":0,"NET_PROFIT_RATIO":9.8217346589,"ROE_AVG":null,"GROSS_PROFIT_QOQ":0,"ROA":null,"HOLDER_PROFIT_QOQ":0,"ROE_YEARLY":null,"ROIC_YEARLY":null,"TOTAL_ASSETS":null,"TOTAL_LIABILITIES":null,"TAX_EBT":22.376284962945,"OCF_SALES":10.370243400754,"TOTAL_PARENT_EQUITY":null,"DEBT_ASSET_RATIO":null,"OPERATE_PROFIT":30957000,"PRETAX_PROFIT":25098000,"NETCASH_OPERATE":20570000,"NETCASH_INVEST":-7761000,"NETCASH_FINANCE":22458000,"END_CASH":85340000,"DIVI_RATIO":null,"DIVIDEND_RATE":null,"CURRENT_RATIO":null,"COMMON_ACS":1000000000,"CURRENTDEBT_DEBT":null,"ISSUED_COMMON_SHARES":68000000,"HK_COMMON_SHARES":68000000,"PER_SHARES":1000,"TOTAL_MARKET_CAP":16660000,"HKSK_MARKET_CAP":16660000,"PE_TTM":0.752532757656,"PB_TTM":0.023825582977,"REPORT_DATE_SQ":"2021-06-30 00:00:00","REPORT_TYPE_SQ":"2021年中报","OPERATE_INCOME_SQ":null,"DPS_HKD":null,"OPERATE_INCOME_QOQ_SQ":0,"NET_PROFIT_RATIO_SQ":null,"HOLDER_PROFIT_SQ":null,"HOLDER_PROFIT_QOQ_SQ":0,"ROE_AVG_SQ":null,"PE_TTM_SQ":1.775488844191,"PB_TTM_SQ":0.21846007378,"ROA_SQ":null,"START_DATE":"2022-01-01 00:00:00","FISCAL_YEAR":"12-31","CURRENCY":"HKD","IS_CNY_CODE":0,"DPS_HKD_LY":null,"ORG_TYPE":"一般企业","PREMIUM_INCOME":null,"PREMIUM_INCOME_YOY":null,"NET_INTEREST_INCOME":null,"NET_INTEREST_INCOME_YOY":null,"FEE_COMMISSION_INCOME":null,"FEE_COMMISSION_INCOME_YOY":null,"ACCOUNTS_RECE_TDAYS":null,"INVENTORY_TDAYS":null,"CURRENT_ASSETS_TDAYS":1.601181779288,"TOTAL_ASSETS_TDAYS":1.134308727365,"PREMIUM_EXPENSE":null,"LOAN_DEPOSIT":null,"LOAN_EQUITY":null,"LOAN_ASSETS":null,"DEPOSIT_EQUITY":null,"DEPOSIT_ASSETS":null,"EQUITY_MULTIPLIER":null,"EQUITY_RATIO":null},{"SECUCODE":"06696.HK","SECURITY_CODE":"06696","SECURITY_NAME_ABBR":"多想云","ORG_CODE":"10000291817","STD_REPORT_DATE":"2021-12-31 00:00:00","REPORT_DATE":"2021-12-31 00:00:00","DATE_TYPE_CODE":"001","REPORT_TYPE":"2021年年报","PER_NETCASH_OPERATE":26.1664704,"PER_OI":192.572053333333,"BPS":2.234882352941,"BASIC_EPS":0.088,"DILUTED_EPS":0.088,"OPERATE_INCOME":353300000,"OPERATE_INCOME_YOY":14.5675585404,"GROSS_PROFIT":114536000,"GROSS_PROFIT_YOY":53.447120923877,"HOLDER_PROFIT":56146000,"HOLDER_PROFIT_YOY":112.5212914948,"GROSS_PROFIT_RATIO":32.418907444099,"EPS_TTM":30.603313066667,"OPERATE_INCOME_QOQ":2.887129935408,"NET_PROFIT_RATIO":18.3246532692,"ROE_AVG":29.452866810051,"GROSS_PROFIT_QOQ":34.074707059829,"ROA":15.569858599528,"HOLDER_PROFIT_QOQ":83.615671397737,"ROE_YEARLY":29.452866810051,"ROIC_YEARLY":25.082926981815,"TOTAL_ASSETS":349739000,"TOTAL_LIABILITIES":196230000,"TAX_EBT":18.429341800222,"OCF_SALES":13.58788564959,"TOTAL_PARENT_EQUITY":151972000,"DEBT_ASSET_RATIO":56.1075544906,"OPERATE_PROFIT":83155000,"PRETAX_PROFIT":79368000,"NETCASH_OPERATE":48006000,"NETCASH_INVEST":5884000,"NETCASH_FINANCE":-48946000,"END_CASH":50187000,"DIVI_RATIO":null,"DIVIDEND_RATE":null,"CURRENT_RATIO":1.289003808295,"COMMON_ACS":1000000000,"CURRENTDEBT_DEBT":97.952402792641,"ISSUED_COMMON_SHARES":68000000,"HK_COMMON_SHARES":68000000,"PER_SHARES":1000,"TOTAL_MARKET_CAP":16660000,"HKSK_MARKET_CAP":16660000,"PE_TTM":0.752532757656,"PB_TTM":0.023825582977,"REPORT_DATE_SQ":"2020-12-31 00:00:00","REPORT_TYPE_SQ":"2020年年报","OPERATE_INCOME_SQ":308377000,"DPS_HKD":null,"OPERATE_INCOME_QOQ_SQ":-21.138866299439,"NET_PROFIT_RATIO_SQ":10.3068646494,"HOLDER_PROFIT_SQ":26419000,"HOLDER_PROFIT_QOQ_SQ":-60.281736724998,"ROE_AVG_SQ":12.238639337921,"PE_TTM_SQ":1.775488844191,"PB_TTM_SQ":0.21846007378,"ROA_SQ":7.737942689608,"START_DATE":"2021-01-01 00:00:00","FISCAL_YEAR":"12-31","CURRENCY":"HKD","IS_CNY_CODE":0,"DPS_HKD_LY":null,"ORG_TYPE":"一般企业","PREMIUM_INCOME":null,"PREMIUM_INCOME_YOY":null,"NET_INTEREST_INCOME":null,"NET_INTEREST_INCOME_YOY":null,"FEE_COMMISSION_INCOME":null,"FEE_COMMISSION_INCOME_YOY":null,"ACCOUNTS_RECE_TDAYS":2.327657485827,"INVENTORY_TDAYS":null,"CURRENT_ASSETS_TDAYS":1.177815856675,"TOTAL_ASSETS_TDAYS":0.979736943542,"PREMIUM_EXPENSE":null,"LOAN_DEPOSIT":null,"LOAN_EQUITY":null,"LOAN_ASSETS":null,"DEPOSIT_EQUITY":null,"DEPOSIT_ASSETS":null,"EQUITY_MULTIPLIER":2.278296386529,"EQUITY_RATIO":1.291224699287},{"SECUCODE":"06696.HK","SECURITY_CODE":"06696","SECURITY_NAME_ABBR":"多想云","ORG_CODE":"10000291817","STD_REPORT_DATE":"2021-09-30 00:00:00","REPORT_DATE":"2021-09-30 00:00:00","DATE_TYPE_CODE":"004","REPORT_TYPE":"2021年三季报","PER_NETCASH_OPERATE":null,"PER_OI":null,"BPS":4.112367647059,"BASIC_EPS":null,"DILUTED_EPS":null,"OPERATE_INCOME":236489000,"OPERATE_INCOME_YOY":17.3759182053,"GROSS_PROFIT":72751000,"GROSS_PROFIT_YOY":17.40470580641,"HOLDER_PROFIT":29398000,"HOLDER_PROFIT_YOY":16.4784658663,"GROSS_PROFIT_RATIO":30.762953033756,"EPS_TTM":null,"OPERATE_INCOME_QOQ":11.352662487799,"NET_PROFIT_RATIO":14.9554524735,"ROE_AVG":11.552888516866,"GROSS_PROFIT_QOQ":14.448969748935,"ROA":6.966879005043,"HOLDER_PROFIT_QOQ":15.742458079413,"ROE_YEARLY":15.403851355821,"ROIC_YEARLY":12.36269743814,"TOTAL_ASSETS":472461000,"TOTAL_LIABILITIES":136233000,"TAX_EBT":18.305499734368,"OCF_SALES":10.359044183873,"TOTAL_PARENT_EQUITY":279641000,"DEBT_ASSET_RATIO":28.8347609644,"OPERATE_PROFIT":null,"PRETAX_PROFIT":43293000,"NETCASH_OPERATE":24498000,"NETCASH_INVEST":-31026000,"NETCASH_FINANCE":1235000,"END_CASH":39950000,"DIVI_RATIO":null,"DIVIDEND_RATE":null,"CURRENT_RATIO":2.415026236768,"COMMON_ACS":1000000000,"CURRENTDEBT_DEBT":96.801802793743,"ISSUED_COMMON_SHARES":68000000,"HK_COMMON_SHARES":68000000,"PER_SHARES":1000,"TOTAL_MARKET_CAP":16660000,"HKSK_MARKET_CAP":16660000,"PE_TTM":0.752532757656,"PB_TTM":0.023825582977,"REPORT_DATE_SQ":"2020-09-30 00:00:00","REPORT_TYPE_SQ":"2020年三季报","OPERATE_INCOME_SQ":201480000,"DPS_HKD":null,"OPERATE_INCOME_QOQ_SQ":0,"NET_PROFIT_RATIO_SQ":15.0709747866,"HOLDER_PROFIT_SQ":25239000,"HOLDER_PROFIT_QOQ_SQ":0,"ROE_AVG_SQ":null,"PE_TTM_SQ":1.775488844191,"PB_TTM_SQ":0.21846007378,"ROA_SQ":null,"START_DATE":"2021-01-01 00:00:00","FISCAL_YEAR":"12-31","CURRENCY":"HKD","IS_CNY_CODE":0,"DPS_HKD_LY":null,"ORG_TYPE":"一般企业","PREMIUM_INCOME":null,"PREMIUM_INCOME_YOY":null,"NET_INTEREST_INCOME":null,"NET_INTEREST_INCOME_YOY":null,"FEE_COMMISSION_INCOME":null,"FEE_COMMISSION_INCOME_YOY":null,"ACCOUNTS_RECE_TDAYS":1.459349217222,"INVENTORY_TDAYS":null,"CURRENT_ASSETS_TDAYS":0.705257319063,"TOTAL_ASSETS_TDAYS":0.560442971979,"PREMIUM_EXPENSE":null,"LOAN_DEPOSIT":null,"LOAN_EQUITY":null,"LOAN_ASSETS":null,"DEPOSIT_EQUITY":null,"DEPOSIT_ASSETS":null,"EQUITY_MULTIPLIER":1.405180413291,"EQUITY_RATIO":0.487171051455},{"SECUCODE":"06696.HK","SECURITY_CODE":"06696","SECURITY_NAME_ABBR":"多想云","ORG_CODE":"10000291817","STD_REPORT_DATE":"2020-12-31 00:00:00","REPORT_DATE":"2020-12-31 00:00:00","DATE_TYPE_CODE":"001","REPORT_TYPE":"2020年年报","PER_NETCASH_OPERATE":null,"PER_OI":null,"BPS":3.371882352941,"BASIC_EPS":null,"DILUTED_EPS":null,"OPERATE_INCOME":308377000,"OPERATE_INCOME_YOY":-21.1388662994,"GROSS_PROFIT":74642000,"GROSS_PROFIT_YOY":-42.293211284375,"HOLDER_PROFIT":26419000,"HOLDER_PROFIT_YOY":-60.281736725,"GROSS_PROFIT_RATIO":24.204788294847,"EPS_TTM":null,"OPERATE_INCOME_QOQ":-21.138866299439,"NET_PROFIT_RATIO":10.3068646494,"ROE_AVG":12.238639337921,"GROSS_PROFIT_QOQ":-42.293211284375,"ROA":7.737942689608,"HOLDER_PROFIT_QOQ":-60.281736724998,"ROE_YEARLY":12.238639337921,"ROIC_YEARLY":19.0070217848,"TOTAL_ASSETS":371475000,"TOTAL_LIABILITIES":95623000,"TAX_EBT":13.96708531832,"OCF_SALES":-2.260869001255,"TOTAL_PARENT_EQUITY":229288000,"DEBT_ASSET_RATIO":25.7414361666,"OPERATE_PROFIT":38034000,"PRETAX_PROFIT":36944000,"NETCASH_OPERATE":-6972000,"NETCASH_INVEST":-104713000,"NETCASH_FINANCE":39996000,"END_CASH":45243000,"DIVI_RATIO":null,"DIVIDEND_RATE":null,"CURRENT_RATIO":3.914737988839,"COMMON_ACS":1000000000,"CURRENTDEBT_DEBT":94.075693086391,"ISSUED_COMMON_SHARES":68000000,"HK_COMMON_SHARES":68000000,"PER_SHARES":1000,"TOTAL_MARKET_CAP":16660000,"HKSK_MARKET_CAP":16660000,"PE_TTM":0.752532757656,"PB_TTM":0.023825582977,"REPORT_DATE_SQ":"2019-12-31 00:00:00","REPORT_TYPE_SQ":"2019年年报","OPERATE_INCOME_SQ":391038000,"DPS_HKD":null,"OPERATE_INCOME_QOQ_SQ":null,"NET_PROFIT_RATIO_SQ":20.4645072857,"HOLDER_PROFIT_SQ":66516000,"HOLDER_PROFIT_QOQ_SQ":null,"ROE_AVG_SQ":32.8566559476,"PE_TTM_SQ":1.775488844191,"PB_TTM_SQ":0.21846007378,"ROA_SQ":21.362503532797,"START_DATE":"2020-01-01 00:00:00","FISCAL_YEAR":"12-31","CURRENCY":"HKD","IS_CNY_CODE":0,"DPS_HKD_LY":null,"ORG_TYPE":"一般企业","PREMIUM_INCOME":null,"PREMIUM_INCOME_YOY":null,"NET_INTEREST_INCOME":null,"NET_INTEREST_INCOME_YOY":null,"FEE_COMMISSION_INCOME":null,"FEE_COMMISSION_INCOME_YOY":null,"ACCOUNTS_RECE_TDAYS":2.086102100802,"INVENTORY_TDAYS":null,"CURRENT_ASSETS_TDAYS":0.960333463609,"TOTAL_ASSETS_TDAYS":0.903214941063,"PREMIUM_EXPENSE":null,"LOAN_DEPOSIT":null,"LOAN_EQUITY":null,"LOAN_ASSETS":null,"DEPOSIT_EQUITY":null,"DEPOSIT_ASSETS":null,"EQUITY_MULTIPLIER":1.346646027579,"EQUITY_RATIO":0.417043194585},{"SECUCODE":"06696.HK","SECURITY_CODE":"06696","SECURITY_NAME_ABBR":"多想云","ORG_CODE":"10000291817","STD_REPORT_DATE":"2020-09-30 00:00:00","REPORT_DATE":"2020-09-30 00:00:00","DATE_TYPE_CODE":"004","REPORT_TYPE":"2020年三季报","PER_NETCASH_OPERATE":null,"PER_OI":null,"BPS":null,"BASIC_EPS":null,"DILUTED_EPS":null,"OPERATE_INCOME":201480000,"OPERATE_INCOME_YOY":null,"GROSS_PROFIT":61966000,"GROSS_PROFIT_YOY":null,"HOLDER_PROFIT":25239000,"HOLDER_PROFIT_YOY":null,"GROSS_PROFIT_RATIO":30.75540996625,"EPS_TTM":null,"OPERATE_INCOME_QOQ":0,"NET_PROFIT_RATIO":15.0709747866,"ROE_AVG":null,"GROSS_PROFIT_QOQ":0,"ROA":null,"HOLDER_PROFIT_QOQ":0,"ROE_YEARLY":null,"ROIC_YEARLY":null,"TOTAL_ASSETS":null,"TOTAL_LIABILITIES":null,"TAX_EBT":22.660587845754,"OCF_SALES":-20.672027000199,"TOTAL_PARENT_EQUITY":null,"DEBT_ASSET_RATIO":null,"OPERATE_PROFIT":null,"PRETAX_PROFIT":39262000,"NETCASH_OPERATE":-41650000,"NETCASH_INVEST":-104355000,"NETCASH_FINANCE":31689000,"END_CASH":2616000,"DIVI_RATIO":null,"DIVIDEND_RATE":null,"CURRENT_RATIO":null,"COMMON_ACS":1000000000,"CURRENTDEBT_DEBT":null,"ISSUED_COMMON_SHARES":68000000,"HK_COMMON_SHARES":68000000,"PER_SHARES":1000,"TOTAL_MARKET_CAP":16660000,"HKSK_MARKET_CAP":16660000,"PE_TTM":0.752532757656,"PB_TTM":0.023825582977,"REPORT_DATE_SQ":"2019-09-30 00:00:00","REPORT_TYPE_SQ":"2019年三季报","OPERATE_INCOME_SQ":null,"DPS_HKD":null,"OPERATE_INCOME_QOQ_SQ":null,"NET_PROFIT_RATIO_SQ":null,"HOLDER_PROFIT_SQ":null,"HOLDER_PROFIT_QOQ_SQ":null,"ROE_AVG_SQ":null,"PE_TTM_SQ":1.775488844191,"PB_TTM_SQ":0.21846007378,"ROA_SQ":null,"START_DATE":"2020-01-01 00:00:00","FISCAL_YEAR":"12-31","CURRENCY":"HKD","IS_CNY_CODE":0,"DPS_HKD_LY":null,"ORG_TYPE":"一般企业","PREMIUM_INCOME":null,"PREMIUM_INCOME_YOY":null,"NET_INTEREST_INCOME":null,"NET_INTEREST_INCOME_YOY":null,"FEE_COMMISSION_INCOME":null,"FEE_COMMISSION_INCOME_YOY":null,"ACCOUNTS_RECE_TDAYS":null,"INVENTORY_TDAYS":null,"CURRENT_ASSETS_TDAYS":1.389196289133,"TOTAL_ASSETS_TDAYS":1.294159965057,"PREMIUM_EXPENSE":null,"LOAN_DEPOSIT":null,"LOAN_EQUITY":null,"LOAN_ASSETS":null,"DEPOSIT_EQUITY":null,"DEPOSIT_ASSETS":null,"EQUITY_MULTIPLIER":null,"EQUITY_RATIO":null}],"count":10},"success":true,"message":"ok","code":0}