{"version":"bd397374f7066f9333692499992d1249","result":{"pages":2,"data":[{"SECUCODE":"06805.HK","SECURITY_CODE":"06805","SECURITY_NAME_ABBR":"金茂源环保","ORG_CODE":"10000001289","STD_REPORT_DATE":"2024-06-30 00:00:00","REPORT_DATE":"2024-06-30 00:00:00","DATE_TYPE_CODE":"002","REPORT_TYPE":"2024年中报","PER_NETCASH_OPERATE":0.1311694877,"PER_OI":0.593658316407,"BPS":0.9751929587,"BASIC_EPS":0.04,"DILUTED_EPS":0.04,"OPERATE_INCOME":657625000,"OPERATE_INCOME_YOY":18.6511165519,"GROSS_PROFIT":435823000,"GROSS_PROFIT_YOY":12.846412175791,"HOLDER_PROFIT":49706000,"HOLDER_PROFIT_YOY":21.0540415479,"GROSS_PROFIT_RATIO":66.272267629728,"EPS_TTM":0.090103362672,"OPERATE_INCOME_QOQ":8.772299039217,"NET_PROFIT_RATIO":6.1708420452,"ROE_AVG":4.491654843986,"GROSS_PROFIT_QOQ":6.0829574448,"ROA":0.987335622007,"HOLDER_PROFIT_QOQ":9.482597869843,"ROE_YEARLY":8.983309687972,"ROIC_YEARLY":2.142143360831,"TOTAL_ASSETS":5134612000,"TOTAL_LIABILITIES":3877482000,"TAX_EBT":38.483810332282,"OCF_SALES":22.095114997149,"TOTAL_PARENT_EQUITY":1080270000,"DEBT_ASSET_RATIO":75.5165531495,"OPERATE_PROFIT":136705000,"PRETAX_PROFIT":65968000,"NETCASH_OPERATE":145303000,"NETCASH_INVEST":-373288000,"NETCASH_FINANCE":175513000,"END_CASH":223972000,"DIVI_RATIO":1.00575602633,"DIVIDEND_RATE":8,"CURRENT_RATIO":0.50264172011,"COMMON_ACS":1680000000,"CURRENTDEBT_DEBT":46.933473836887,"ISSUED_COMMON_SHARES":1107750000,"HK_COMMON_SHARES":1107750000,"PER_SHARES":2000,"TOTAL_MARKET_CAP":1384687500,"HKSK_MARKET_CAP":1384687500,"PE_TTM":12.528012120122,"PB_TTM":1.169871039185,"REPORT_DATE_SQ":"2023-06-30 00:00:00","REPORT_TYPE_SQ":"2023年中报","OPERATE_INCOME_SQ":554251000,"DPS_HKD":0.1,"OPERATE_INCOME_QOQ_SQ":1.761102253988,"NET_PROFIT_RATIO_SQ":6.936027179,"HOLDER_PROFIT_SQ":41061000,"HOLDER_PROFIT_QOQ_SQ":-10.402301433901,"ROE_AVG_SQ":3.691428874524,"PE_TTM_SQ":9.490975515415,"PB_TTM_SQ":0.868512117004,"ROA_SQ":0.902717021924,"START_DATE":"2024-01-01 00:00:00","FISCAL_YEAR":"12-31","CURRENCY":"HKD","IS_CNY_CODE":0,"DPS_HKD_LY":0.1,"ORG_TYPE":"一般企业","PREMIUM_INCOME":null,"PREMIUM_INCOME_YOY":null,"NET_INTEREST_INCOME":null,"NET_INTEREST_INCOME_YOY":null,"FEE_COMMISSION_INCOME":null,"FEE_COMMISSION_INCOME_YOY":null,"ACCOUNTS_RECE_TDAYS":1.816864480766,"INVENTORY_TDAYS":4.991100259904,"CURRENT_ASSETS_TDAYS":0.756988873515,"TOTAL_ASSETS_TDAYS":0.130627406837,"PREMIUM_EXPENSE":null,"LOAN_DEPOSIT":null,"LOAN_EQUITY":null,"LOAN_ASSETS":null,"DEPOSIT_EQUITY":null,"DEPOSIT_ASSETS":null,"EQUITY_MULTIPLIER":4.084392226741,"EQUITY_RATIO":3.589363770169},{"SECUCODE":"06805.HK","SECURITY_CODE":"06805","SECURITY_NAME_ABBR":"金茂源环保","ORG_CODE":"10000001289","STD_REPORT_DATE":"2023-12-31 00:00:00","REPORT_DATE":"2023-12-31 00:00:00","DATE_TYPE_CODE":"001","REPORT_TYPE":"2023年年报","PER_NETCASH_OPERATE":0.338367400665,"PER_OI":1.06242291575,"BPS":1.022784924396,"BASIC_EPS":0.08,"DILUTED_EPS":0.08,"OPERATE_INCOME":1178414000,"OPERATE_INCOME_YOY":7.5400327252,"GROSS_PROFIT":815623000,"GROSS_PROFIT_YOY":8.229941003341,"HOLDER_PROFIT":91167000,"HOLDER_PROFIT_YOY":-18.0410841911,"GROSS_PROFIT_RATIO":69.213621019438,"EPS_TTM":0.082193448109,"OPERATE_INCOME_QOQ":5.678918902437,"NET_PROFIT_RATIO":6.9663123486,"ROE_AVG":8.016816787241,"GROSS_PROFIT_QOQ":4.337241818661,"ROA":1.959270251509,"HOLDER_PROFIT_QOQ":-8.525646171135,"ROE_YEARLY":8.016816787241,"ROIC_YEARLY":2.143711461098,"TOTAL_ASSETS":4934102000,"TOTAL_LIABILITIES":3691527000,"TAX_EBT":30.020117980018,"OCF_SALES":31.848654208114,"TOTAL_PARENT_EQUITY":1132990000,"DEBT_ASSET_RATIO":74.816592766,"OPERATE_PROFIT":254265000,"PRETAX_PROFIT":117308000,"NETCASH_OPERATE":375309000,"NETCASH_INVEST":-450643000,"NETCASH_FINANCE":161950000,"END_CASH":276752000,"DIVI_RATIO":1.102545301173,"DIVIDEND_RATE":7.936507936508,"CURRENT_RATIO":0.467456982878,"COMMON_ACS":1680000000,"CURRENTDEBT_DEBT":47.678237217282,"ISSUED_COMMON_SHARES":1107750000,"HK_COMMON_SHARES":1107750000,"PER_SHARES":2000,"TOTAL_MARKET_CAP":1395765000,"HKSK_MARKET_CAP":1395765000,"PE_TTM":12.628236217083,"PB_TTM":1.179230007498,"REPORT_DATE_SQ":"2022-12-31 00:00:00","REPORT_TYPE_SQ":"2022年年报","OPERATE_INCOME_SQ":1095791000,"DPS_HKD":0.1,"OPERATE_INCOME_QOQ_SQ":6.420745126146,"NET_PROFIT_RATIO_SQ":9.920231139,"HOLDER_PROFIT_SQ":111235000,"HOLDER_PROFIT_QOQ_SQ":55.16111033617,"ROE_AVG_SQ":10.204203322661,"PE_TTM_SQ":9.697301070098,"PB_TTM_SQ":0.887392815199,"ROA_SQ":2.813382224918,"START_DATE":"2023-01-01 00:00:00","FISCAL_YEAR":"12-31","CURRENCY":"HKD","IS_CNY_CODE":0,"DPS_HKD_LY":0.05,"ORG_TYPE":"一般企业","PREMIUM_INCOME":null,"PREMIUM_INCOME_YOY":null,"NET_INTEREST_INCOME":null,"NET_INTEREST_INCOME_YOY":null,"FEE_COMMISSION_INCOME":null,"FEE_COMMISSION_INCOME_YOY":null,"ACCOUNTS_RECE_TDAYS":4.365838387356,"INVENTORY_TDAYS":13.738440565002,"CURRENT_ASSETS_TDAYS":1.780452722773,"TOTAL_ASSETS_TDAYS":0.253252985638,"PREMIUM_EXPENSE":null,"LOAN_DEPOSIT":null,"LOAN_EQUITY":null,"LOAN_ASSETS":null,"DEPOSIT_EQUITY":null,"DEPOSIT_ASSETS":null,"EQUITY_MULTIPLIER":3.970868559239,"EQUITY_RATIO":3.258216753899},{"SECUCODE":"06805.HK","SECURITY_CODE":"06805","SECURITY_NAME_ABBR":"金茂源环保","ORG_CODE":"10000001289","STD_REPORT_DATE":"2023-06-30 00:00:00","REPORT_DATE":"2023-06-30 00:00:00","DATE_TYPE_CODE":"002","REPORT_TYPE":"2023年中报","PER_NETCASH_OPERATE":0.13816472769,"PER_OI":0.499696170851,"BPS":0.977894831866,"BASIC_EPS":0.04,"DILUTED_EPS":0.04,"OPERATE_INCOME":554251000,"OPERATE_INCOME_YOY":3.6074197172,"GROSS_PROFIT":386209000,"GROSS_PROFIT_YOY":7.851591625639,"HOLDER_PROFIT":41061000,"HOLDER_PROFIT_YOY":-21.9847241222,"GROSS_PROFIT_RATIO":69.681245500685,"EPS_TTM":0.089854089883,"OPERATE_INCOME_QOQ":1.761102253988,"NET_PROFIT_RATIO":6.936027179,"ROE_AVG":3.691428874524,"GROSS_PROFIT_QOQ":3.730881818254,"ROA":0.902717021924,"HOLDER_PROFIT_QOQ":-10.402301433901,"ROE_YEARLY":7.382857749047,"ROIC_YEARLY":1.979150737988,"TOTAL_ASSETS":4725085000,"TOTAL_LIABILITIES":3539767000,"TAX_EBT":32.09870001413,"OCF_SALES":27.649747136225,"TOTAL_PARENT_EQUITY":1083263000,"DEBT_ASSET_RATIO":74.914356038,"OPERATE_PROFIT":122206000,"PRETAX_PROFIT":56616000,"NETCASH_OPERATE":153249000,"NETCASH_INVEST":-306822000,"NETCASH_FINANCE":245534000,"END_CASH":282083000,"DIVI_RATIO":1.008546189918,"DIVIDEND_RATE":7.936507936508,"CURRENT_RATIO":0.394273192994,"COMMON_ACS":1680000000,"CURRENTDEBT_DEBT":47.689466566585,"ISSUED_COMMON_SHARES":1107750000,"HK_COMMON_SHARES":1107750000,"PER_SHARES":2000,"TOTAL_MARKET_CAP":1395765000,"HKSK_MARKET_CAP":1395765000,"PE_TTM":12.628236217083,"PB_TTM":1.179230007498,"REPORT_DATE_SQ":"2022-06-30 00:00:00","REPORT_TYPE_SQ":"2022年中报","OPERATE_INCOME_SQ":534953000,"DPS_HKD":0.1,"OPERATE_INCOME_QOQ_SQ":10.98658043654,"NET_PROFIT_RATIO_SQ":8.9116240118,"HOLDER_PROFIT_SQ":52632000,"HOLDER_PROFIT_QOQ_SQ":28.212465349191,"ROE_AVG_SQ":4.950555117394,"PE_TTM_SQ":9.697301070098,"PB_TTM_SQ":0.887392815199,"ROA_SQ":1.425537135957,"START_DATE":"2023-01-01 00:00:00","FISCAL_YEAR":"12-31","CURRENCY":"HKD","IS_CNY_CODE":0,"DPS_HKD_LY":0.05,"ORG_TYPE":"一般企业","PREMIUM_INCOME":null,"PREMIUM_INCOME_YOY":null,"NET_INTEREST_INCOME":null,"NET_INTEREST_INCOME_YOY":null,"FEE_COMMISSION_INCOME":null,"FEE_COMMISSION_INCOME_YOY":null,"ACCOUNTS_RECE_TDAYS":2.229677486835,"INVENTORY_TDAYS":6.887531764899,"CURRENT_ASSETS_TDAYS":0.950243668268,"TOTAL_ASSETS_TDAYS":0.121850858995,"PREMIUM_EXPENSE":null,"LOAN_DEPOSIT":null,"LOAN_EQUITY":null,"LOAN_ASSETS":null,"DEPOSIT_EQUITY":null,"DEPOSIT_ASSETS":null,"EQUITY_MULTIPLIER":3.986343749097,"EQUITY_RATIO":3.267689379218},{"SECUCODE":"06805.HK","SECURITY_CODE":"06805","SECURITY_NAME_ABBR":"金茂源环保","ORG_CODE":"10000001289","STD_REPORT_DATE":"2022-12-31 00:00:00","REPORT_DATE":"2022-12-31 00:00:00","DATE_TYPE_CODE":"001","REPORT_TYPE":"2022年年报","PER_NETCASH_OPERATE":0.409657919846,"PER_OI":0.984525801113,"BPS":1.030380501016,"BASIC_EPS":0.1,"DILUTED_EPS":0.1,"OPERATE_INCOME":1095791000,"OPERATE_INCOME_YOY":18.1127458906,"GROSS_PROFIT":753602000,"GROSS_PROFIT_YOY":21.869698738775,"HOLDER_PROFIT":111235000,"HOLDER_PROFIT_YOY":98.9358848252,"GROSS_PROFIT_RATIO":68.772421018242,"EPS_TTM":0.09994034217,"OPERATE_INCOME_QOQ":6.420745126146,"NET_PROFIT_RATIO":9.920231139,"ROE_AVG":10.204203322661,"GROSS_PROFIT_QOQ":10.997665461348,"ROA":2.813382224918,"HOLDER_PROFIT_QOQ":55.16111033617,"ROE_YEARLY":10.204203322661,"ROIC_YEARLY":3.099249685401,"TOTAL_ASSETS":4372118000,"TOTAL_LIABILITIES":3006665000,"TAX_EBT":28.582691132704,"OCF_SALES":41.609668267033,"TOTAL_PARENT_EQUITY":1141404000,"DEBT_ASSET_RATIO":68.7690725639,"OPERATE_PROFIT":253671000,"PRETAX_PROFIT":152211000,"NETCASH_OPERATE":455955000,"NETCASH_INVEST":-828067000,"NETCASH_FINANCE":450900000,"END_CASH":190305000,"DIVI_RATIO":0.906760953908,"DIVIDEND_RATE":7.936507936508,"CURRENT_RATIO":0.369459933641,"COMMON_ACS":1680000000,"CURRENTDEBT_DEBT":45.098572671049,"ISSUED_COMMON_SHARES":1107750000,"HK_COMMON_SHARES":1107750000,"PER_SHARES":2000,"TOTAL_MARKET_CAP":1395765000,"HKSK_MARKET_CAP":1395765000,"PE_TTM":12.628236217083,"PB_TTM":1.179230007498,"REPORT_DATE_SQ":"2021-12-31 00:00:00","REPORT_TYPE_SQ":"2021年年报","OPERATE_INCOME_SQ":927750000,"DPS_HKD":0.1,"OPERATE_INCOME_QOQ_SQ":10.50694427901,"NET_PROFIT_RATIO_SQ":5.1483697117,"HOLDER_PROFIT_SQ":55915000,"HOLDER_PROFIT_QOQ_SQ":-38.70918238718,"ROE_AVG_SQ":5.532192134225,"PE_TTM_SQ":9.697301070098,"PB_TTM_SQ":0.887392815199,"ROA_SQ":1.712789558769,"START_DATE":"2022-01-01 00:00:00","FISCAL_YEAR":"12-31","CURRENCY":"HKD","IS_CNY_CODE":0,"DPS_HKD_LY":null,"ORG_TYPE":"一般企业","PREMIUM_INCOME":null,"PREMIUM_INCOME_YOY":null,"NET_INTEREST_INCOME":null,"NET_INTEREST_INCOME_YOY":null,"FEE_COMMISSION_INCOME":null,"FEE_COMMISSION_INCOME_YOY":null,"ACCOUNTS_RECE_TDAYS":4.939822745551,"INVENTORY_TDAYS":16.460099090865,"CURRENT_ASSETS_TDAYS":2.574491229554,"TOTAL_ASSETS_TDAYS":0.277150080606,"PREMIUM_EXPENSE":null,"LOAN_DEPOSIT":null,"LOAN_EQUITY":null,"LOAN_ASSETS":null,"DEPOSIT_EQUITY":null,"DEPOSIT_ASSETS":null,"EQUITY_MULTIPLIER":3.201954223249,"EQUITY_RATIO":2.634181236442},{"SECUCODE":"06805.HK","SECURITY_CODE":"06805","SECURITY_NAME_ABBR":"金茂源环保","ORG_CODE":"10000001289","STD_REPORT_DATE":"2022-06-30 00:00:00","REPORT_DATE":"2022-06-30 00:00:00","DATE_TYPE_CODE":"002","REPORT_TYPE":"2022年中报","PER_NETCASH_OPERATE":0.223333345253,"PER_OI":0.478239530551,"BPS":0.981747686752,"BASIC_EPS":0.05,"DILUTED_EPS":0.05,"OPERATE_INCOME":534953000,"OPERATE_INCOME_YOY":23.5385947694,"GROSS_PROFIT":358093000,"GROSS_PROFIT_YOY":20.357280900765,"HOLDER_PROFIT":52632000,"HOLDER_PROFIT_YOY":42.8005534905,"GROSS_PROFIT_RATIO":66.939151663791,"EPS_TTM":0.064089727406,"OPERATE_INCOME_QOQ":10.98658043654,"NET_PROFIT_RATIO":8.9116240118,"ROE_AVG":4.950555117394,"GROSS_PROFIT_QOQ":9.794830577958,"ROA":1.425537135957,"HOLDER_PROFIT_QOQ":28.212465349191,"ROE_YEARLY":9.901110234787,"ROIC_YEARLY":3.107181283235,"TOTAL_ASSETS":3848718000,"TOTAL_LIABILITIES":2548033000,"TAX_EBT":35.372664913375,"OCF_SALES":46.699055804903,"TOTAL_PARENT_EQUITY":1087531000,"DEBT_ASSET_RATIO":66.2047206368,"OPERATE_PROFIT":123147000,"PRETAX_PROFIT":73766000,"NETCASH_OPERATE":249818000,"NETCASH_INVEST":-435158000,"NETCASH_FINANCE":153945000,"END_CASH":80459000,"DIVI_RATIO":1.413986354247,"DIVIDEND_RATE":7.936507936508,"CURRENT_RATIO":0.332527675226,"COMMON_ACS":1680000000,"CURRENTDEBT_DEBT":42.851132618769,"ISSUED_COMMON_SHARES":1107750000,"HK_COMMON_SHARES":1107750000,"PER_SHARES":2000,"TOTAL_MARKET_CAP":1395765000,"HKSK_MARKET_CAP":1395765000,"PE_TTM":12.628236217083,"PB_TTM":1.179230007498,"REPORT_DATE_SQ":"2021-06-30 00:00:00","REPORT_TYPE_SQ":"2021年中报","OPERATE_INCOME_SQ":433025000,"DPS_HKD":0.1,"OPERATE_INCOME_QOQ_SQ":15.842720815097,"NET_PROFIT_RATIO_SQ":7.1577853473,"HOLDER_PROFIT_SQ":36857000,"HOLDER_PROFIT_QOQ_SQ":-11.090645070121,"ROE_AVG_SQ":3.681707188554,"PE_TTM_SQ":9.697301070098,"PB_TTM_SQ":0.887392815199,"ROA_SQ":1.174670812026,"START_DATE":"2022-01-01 00:00:00","FISCAL_YEAR":"12-31","CURRENCY":"HKD","IS_CNY_CODE":0,"DPS_HKD_LY":null,"ORG_TYPE":"一般企业","PREMIUM_INCOME":null,"PREMIUM_INCOME_YOY":null,"NET_INTEREST_INCOME":null,"NET_INTEREST_INCOME_YOY":null,"FEE_COMMISSION_INCOME":null,"FEE_COMMISSION_INCOME_YOY":null,"ACCOUNTS_RECE_TDAYS":2.406733146326,"INVENTORY_TDAYS":10.428066037736,"CURRENT_ASSETS_TDAYS":1.499795337049,"TOTAL_ASSETS_TDAYS":0.144891960688,"PREMIUM_EXPENSE":null,"LOAN_DEPOSIT":null,"LOAN_EQUITY":null,"LOAN_ASSETS":null,"DEPOSIT_EQUITY":null,"DEPOSIT_ASSETS":null,"EQUITY_MULTIPLIER":2.958993145915,"EQUITY_RATIO":2.342952062976},{"SECUCODE":"06805.HK","SECURITY_CODE":"06805","SECURITY_NAME_ABBR":"金茂源环保","ORG_CODE":"10000001289","STD_REPORT_DATE":"2021-12-31 00:00:00","REPORT_DATE":"2021-12-31 00:00:00","DATE_TYPE_CODE":"001","REPORT_TYPE":"2021年年报","PER_NETCASH_OPERATE":0.319072321429,"PER_OI":0.828348214286,"BPS":0.937735048522,"BASIC_EPS":0.05,"DILUTED_EPS":0.05,"OPERATE_INCOME":927750000,"OPERATE_INCOME_YOY":28.0142509424,"GROSS_PROFIT":618367000,"GROSS_PROFIT_YOY":15.720832920067,"HOLDER_PROFIT":55915000,"HOLDER_PROFIT_YOY":-45.5067294292,"GROSS_PROFIT_RATIO":66.652330908111,"EPS_TTM":0.049924107143,"OPERATE_INCOME_QOQ":10.50694427901,"NET_PROFIT_RATIO":5.1483697117,"ROE_AVG":5.532192134225,"GROSS_PROFIT_QOQ":4.729152976404,"ROA":1.712789558769,"HOLDER_PROFIT_QOQ":-38.70918238718,"ROE_YEARLY":5.532192134225,"ROIC_YEARLY":1.876751325499,"TOTAL_ASSETS":3535446000,"TOTAL_LIABILITIES":2293811000,"TAX_EBT":39.385017576365,"OCF_SALES":38.519105362436,"TOTAL_PARENT_EQUITY":1038776000,"DEBT_ASSET_RATIO":64.8803856713,"OPERATE_PROFIT":170164000,"PRETAX_PROFIT":78799000,"NETCASH_OPERATE":357361000,"NETCASH_INVEST":-660698000,"NETCASH_FINANCE":342665000,"END_CASH":112162000,"DIVI_RATIO":1.815195207011,"DIVIDEND_RATE":7.936507936508,"CURRENT_RATIO":0.315852781049,"COMMON_ACS":1680000000,"CURRENTDEBT_DEBT":48.349319102577,"ISSUED_COMMON_SHARES":1107750000,"HK_COMMON_SHARES":1107750000,"PER_SHARES":2000,"TOTAL_MARKET_CAP":1395765000,"HKSK_MARKET_CAP":1395765000,"PE_TTM":12.628236217083,"PB_TTM":1.179230007498,"REPORT_DATE_SQ":"2020-12-31 00:00:00","REPORT_TYPE_SQ":"2020年年报","OPERATE_INCOME_SQ":724724000,"DPS_HKD":0.1,"OPERATE_INCOME_QOQ_SQ":7.118321400488,"NET_PROFIT_RATIO_SQ":11.7633747468,"HOLDER_PROFIT_SQ":102609000,"HOLDER_PROFIT_QOQ_SQ":9.474122203374,"ROE_AVG_SQ":11.01784229224,"PE_TTM_SQ":9.697301070098,"PB_TTM_SQ":0.887392815199,"ROA_SQ":3.642341379918,"START_DATE":"2021-01-01 00:00:00","FISCAL_YEAR":"12-31","CURRENCY":"HKD","IS_CNY_CODE":0,"DPS_HKD_LY":null,"ORG_TYPE":"一般企业","PREMIUM_INCOME":null,"PREMIUM_INCOME_YOY":null,"NET_INTEREST_INCOME":null,"NET_INTEREST_INCOME_YOY":null,"FEE_COMMISSION_INCOME":null,"FEE_COMMISSION_INCOME_YOY":null,"ACCOUNTS_RECE_TDAYS":4.652428138728,"INVENTORY_TDAYS":25.72296819788,"CURRENT_ASSETS_TDAYS":3.034818221667,"TOTAL_ASSETS_TDAYS":0.284188592175,"PREMIUM_EXPENSE":null,"LOAN_DEPOSIT":null,"LOAN_EQUITY":null,"LOAN_ASSETS":null,"DEPOSIT_EQUITY":null,"DEPOSIT_ASSETS":null,"EQUITY_MULTIPLIER":2.847411678957,"EQUITY_RATIO":2.208186365492},{"SECUCODE":"06805.HK","SECURITY_CODE":"06805","SECURITY_NAME_ABBR":"金茂源环保","ORG_CODE":"10000001289","STD_REPORT_DATE":"2021-06-30 00:00:00","REPORT_DATE":"2021-06-30 00:00:00","DATE_TYPE_CODE":"002","REPORT_TYPE":"2021年中报","PER_NETCASH_OPERATE":0.172134821429,"PER_OI":0.386629464286,"BPS":0.920337621304,"BASIC_EPS":0.03,"DILUTED_EPS":0.03,"OPERATE_INCOME":433025000,"OPERATE_INCOME_YOY":36.0819461423,"GROSS_PROFIT":297525000,"GROSS_PROFIT_YOY":23.228352979183,"HOLDER_PROFIT":36857000,"HOLDER_PROFIT_YOY":-23.591848581,"GROSS_PROFIT_RATIO":68.708504127937,"EPS_TTM":0.081454464286,"OPERATE_INCOME_QOQ":15.842720815097,"NET_PROFIT_RATIO":7.1577853473,"ROE_AVG":3.681707188554,"GROSS_PROFIT_QOQ":10.4953392931,"ROA":1.174670812026,"HOLDER_PROFIT_QOQ":-11.090645070121,"ROE_YEARLY":7.363414377108,"ROIC_YEARLY":2.59181483119,"TOTAL_ASSETS":3281621000,"TOTAL_LIABILITIES":2082619000,"TAX_EBT":30.282513833281,"OCF_SALES":44.521909820449,"TOTAL_PARENT_EQUITY":1019504000,"DEBT_ASSET_RATIO":63.4631177702,"OPERATE_PROFIT":84920000,"PRETAX_PROFIT":44458000,"NETCASH_OPERATE":192791000,"NETCASH_INVEST":-392809000,"NETCASH_FINANCE":279445000,"END_CASH":152184000,"DIVI_RATIO":1.112547983646,"DIVIDEND_RATE":7.936507936508,"CURRENT_RATIO":0.414238905656,"COMMON_ACS":1680000000,"CURRENTDEBT_DEBT":41.237307447978,"ISSUED_COMMON_SHARES":1107750000,"HK_COMMON_SHARES":1107750000,"PER_SHARES":2000,"TOTAL_MARKET_CAP":1395765000,"HKSK_MARKET_CAP":1395765000,"PE_TTM":12.628236217083,"PB_TTM":1.179230007498,"REPORT_DATE_SQ":"2020-06-30 00:00:00","REPORT_TYPE_SQ":"2020年中报","OPERATE_INCOME_SQ":318209000,"DPS_HKD":0.1,"OPERATE_INCOME_QOQ_SQ":5.706518342604,"NET_PROFIT_RATIO_SQ":11.8466165319,"HOLDER_PROFIT_SQ":48237000,"HOLDER_PROFIT_QOQ_SQ":69.96518333152,"ROE_AVG_SQ":5.336237618943,"PE_TTM_SQ":9.697301070098,"PB_TTM_SQ":0.887392815199,"ROA_SQ":1.785052144971,"START_DATE":"2021-01-01 00:00:00","FISCAL_YEAR":"12-31","CURRENCY":"HKD","IS_CNY_CODE":0,"DPS_HKD_LY":null,"ORG_TYPE":"一般企业","PREMIUM_INCOME":null,"PREMIUM_INCOME_YOY":null,"NET_INTEREST_INCOME":null,"NET_INTEREST_INCOME_YOY":null,"FEE_COMMISSION_INCOME":null,"FEE_COMMISSION_INCOME_YOY":null,"ACCOUNTS_RECE_TDAYS":2.282322247404,"INVENTORY_TDAYS":23.467267059231,"CURRENT_ASSETS_TDAYS":1.403953863487,"TOTAL_ASSETS_TDAYS":0.138009558124,"PREMIUM_EXPENSE":null,"LOAN_DEPOSIT":null,"LOAN_EQUITY":null,"LOAN_ASSETS":null,"DEPOSIT_EQUITY":null,"DEPOSIT_ASSETS":null,"EQUITY_MULTIPLIER":2.736960405408,"EQUITY_RATIO":2.042776683564},{"SECUCODE":"06805.HK","SECURITY_CODE":"06805","SECURITY_NAME_ABBR":"金茂源环保","ORG_CODE":"10000001289","STD_REPORT_DATE":"2020-12-31 00:00:00","REPORT_DATE":"2020-12-31 00:00:00","DATE_TYPE_CODE":"001","REPORT_TYPE":"2020年年报","PER_NETCASH_OPERATE":0.232632142857,"PER_OI":0.647075,"BPS":0.887081922817,"BASIC_EPS":0.09,"DILUTED_EPS":0.09,"OPERATE_INCOME":724724000,"OPERATE_INCOME_YOY":13.2310480595,"GROSS_PROFIT":534361000,"GROSS_PROFIT_YOY":12.210502443234,"HOLDER_PROFIT":102609000,"HOLDER_PROFIT_YOY":86.0678925035,"GROSS_PROFIT_RATIO":73.73303492088,"EPS_TTM":0.091615178571,"OPERATE_INCOME_QOQ":7.118321400488,"NET_PROFIT_RATIO":11.7633747468,"ROE_AVG":11.01784229224,"GROSS_PROFIT_QOQ":6.835875802227,"ROA":3.642341379918,"HOLDER_PROFIT_QOQ":9.474122203374,"ROE_YEARLY":11.01784229224,"ROIC_YEARLY":4.043253501186,"TOTAL_ASSETS":2993669000,"TOTAL_LIABILITIES":1828384000,"TAX_EBT":29.191514809216,"OCF_SALES":35.951341476203,"TOTAL_PARENT_EQUITY":982665000,"DEBT_ASSET_RATIO":61.0750219881,"OPERATE_PROFIT":173334000,"PRETAX_PROFIT":120398000,"NETCASH_OPERATE":260548000,"NETCASH_INVEST":-578252000,"NETCASH_FINANCE":285557000,"END_CASH":72773000,"DIVI_RATIO":0.989159235545,"DIVIDEND_RATE":7.936507936508,"CURRENT_RATIO":0.292215785987,"COMMON_ACS":1680000000,"CURRENTDEBT_DEBT":48.871134291265,"ISSUED_COMMON_SHARES":1107750000,"HK_COMMON_SHARES":1107750000,"PER_SHARES":2000,"TOTAL_MARKET_CAP":1395765000,"HKSK_MARKET_CAP":1395765000,"PE_TTM":12.628236217083,"PB_TTM":1.179230007498,"REPORT_DATE_SQ":"2019-12-31 00:00:00","REPORT_TYPE_SQ":"2019年年报","OPERATE_INCOME_SQ":640040000,"DPS_HKD":0.1,"OPERATE_INCOME_QOQ_SQ":15.527766446335,"NET_PROFIT_RATIO_SQ":6.5394350353,"HOLDER_PROFIT_SQ":55146000,"HOLDER_PROFIT_QOQ_SQ":29.283788535928,"ROE_AVG_SQ":10.949379026894,"PE_TTM_SQ":9.697301070098,"PB_TTM_SQ":0.887392815199,"ROA_SQ":2.251910485476,"START_DATE":"2020-01-01 00:00:00","FISCAL_YEAR":"12-31","CURRENCY":"HKD","IS_CNY_CODE":0,"DPS_HKD_LY":null,"ORG_TYPE":"一般企业","PREMIUM_INCOME":null,"PREMIUM_INCOME_YOY":null,"NET_INTEREST_INCOME":null,"NET_INTEREST_INCOME_YOY":null,"FEE_COMMISSION_INCOME":null,"FEE_COMMISSION_INCOME_YOY":null,"ACCOUNTS_RECE_TDAYS":4.273590357467,"INVENTORY_TDAYS":40.156734521675,"CURRENT_ASSETS_TDAYS":2.75998590919,"TOTAL_ASSETS_TDAYS":0.25725737647,"PREMIUM_EXPENSE":null,"LOAN_DEPOSIT":null,"LOAN_EQUITY":null,"LOAN_ASSETS":null,"DEPOSIT_EQUITY":null,"DEPOSIT_ASSETS":null,"EQUITY_MULTIPLIER":2.569044482682,"EQUITY_RATIO":1.860638162548},{"SECUCODE":"06805.HK","SECURITY_CODE":"06805","SECURITY_NAME_ABBR":"金茂源环保","ORG_CODE":"10000001289","STD_REPORT_DATE":"2020-06-30 00:00:00","REPORT_DATE":"2020-06-30 00:00:00","DATE_TYPE_CODE":"002","REPORT_TYPE":"2020年中报","PER_NETCASH_OPERATE":0.100690178571,"PER_OI":0.284115178571,"BPS":0.837707966599,"BASIC_EPS":0.04,"DILUTED_EPS":0.04,"OPERATE_INCOME":318209000,"OPERATE_INCOME_YOY":12.9662566342,"GROSS_PROFIT":241442000,"GROSS_PROFIT_YOY":11.015472331425,"HOLDER_PROFIT":48237000,"HOLDER_PROFIT_YOY":399.6581727781,"GROSS_PROFIT_RATIO":75.875289510982,"EPS_TTM":0.083686607143,"OPERATE_INCOME_QOQ":5.706518342604,"NET_PROFIT_RATIO":11.8466165319,"ROE_AVG":5.336237618943,"GROSS_PROFIT_QOQ":5.030732046374,"ROA":1.785052144971,"HOLDER_PROFIT_QOQ":69.96518333152,"ROE_YEARLY":10.672475237886,"ROIC_YEARLY":3.995834100443,"TOTAL_ASSETS":2763984000,"TOTAL_LIABILITIES":1646576000,"TAX_EBT":17.656181738751,"OCF_SALES":35.439915275809,"TOTAL_PARENT_EQUITY":927971000,"DEBT_ASSET_RATIO":59.5725590307,"OPERATE_PROFIT":73443000,"PRETAX_PROFIT":45780000,"NETCASH_OPERATE":112773000,"NETCASH_INVEST":-171869000,"NETCASH_FINANCE":38339000,"END_CASH":83108000,"DIVI_RATIO":1.082873390306,"DIVIDEND_RATE":7.936507936508,"CURRENT_RATIO":0.271208042883,"COMMON_ACS":1680000000,"CURRENTDEBT_DEBT":52.79683415767,"ISSUED_COMMON_SHARES":1107750000,"HK_COMMON_SHARES":1107750000,"PER_SHARES":2000,"TOTAL_MARKET_CAP":1395765000,"HKSK_MARKET_CAP":1395765000,"PE_TTM":12.628236217083,"PB_TTM":1.179230007498,"REPORT_DATE_SQ":"2019-06-30 00:00:00","REPORT_TYPE_SQ":"2019年中报","OPERATE_INCOME_SQ":281685000,"DPS_HKD":0.1,"OPERATE_INCOME_QOQ_SQ":15.497062612836,"NET_PROFIT_RATIO_SQ":1.1186254149,"HOLDER_PROFIT_SQ":9654000,"HOLDER_PROFIT_QOQ_SQ":-11.016772363151,"ROE_AVG_SQ":3.02968488641,"PE_TTM_SQ":9.697301070098,"PB_TTM_SQ":0.887392815199,"ROA_SQ":0.430165308866,"START_DATE":"2020-01-01 00:00:00","FISCAL_YEAR":"12-31","CURRENCY":"HKD","IS_CNY_CODE":0,"DPS_HKD_LY":null,"ORG_TYPE":"一般企业","PREMIUM_INCOME":null,"PREMIUM_INCOME_YOY":null,"NET_INTEREST_INCOME":null,"NET_INTEREST_INCOME_YOY":null,"FEE_COMMISSION_INCOME":null,"FEE_COMMISSION_INCOME_YOY":null,"ACCOUNTS_RECE_TDAYS":2.072536734056,"INVENTORY_TDAYS":24.178582677165,"CURRENT_ASSETS_TDAYS":1.273276553688,"TOTAL_ASSETS_TDAYS":0.117756008458,"PREMIUM_EXPENSE":null,"LOAN_DEPOSIT":null,"LOAN_EQUITY":null,"LOAN_ASSETS":null,"DEPOSIT_EQUITY":null,"DEPOSIT_ASSETS":null,"EQUITY_MULTIPLIER":2.473567398835,"EQUITY_RATIO":1.774383035677}],"count":17},"success":true,"message":"ok","code":0}