{"version":"99e81e28e73d5b45c380901e8c58110c","result":{"pages":4,"data":[{"SECUCODE":"06806.HK","SECURITY_CODE":"06806","SECURITY_NAME_ABBR":"申万宏源","ORG_CODE":"10004830","STD_REPORT_DATE":"2024-09-30 00:00:00","REPORT_DATE":"2024-09-30 00:00:00","DATE_TYPE_CODE":"004","REPORT_TYPE":"2024年三季报","PER_NETCASH_OPERATE":2.575499445524,"PER_OI":0.697138611884,"BPS":4.117155375695,"BASIC_EPS":0.15,"DILUTED_EPS":0.15,"OPERATE_INCOME":17456312192.2,"OPERATE_INCOME_YOY":7.2067271941,"GROSS_PROFIT":null,"GROSS_PROFIT_YOY":null,"HOLDER_PROFIT":3849869120.27,"HOLDER_PROFIT_YOY":-11.4442954441,"GROSS_PROFIT_RATIO":null,"EPS_TTM":0.164090255638,"OPERATE_INCOME_QOQ":8.972087592266,"NET_PROFIT_RATIO":26.9876011296,"ROE_AVG":3.788525626779,"GROSS_PROFIT_QOQ":null,"ROA":0.588841258739,"HOLDER_PROFIT_QOQ":37.571271626871,"ROE_YEARLY":5.051367502372,"ROIC_YEARLY":0.731977939895,"TOTAL_ASSETS":672171063278.74,"TOTAL_LIABILITIES":540629692883.17,"TAX_EBT":12.952993174989,"OCF_SALES":369.43864557513,"TOTAL_PARENT_EQUITY":103093342352.31,"DEBT_ASSET_RATIO":80.4303729241,"OPERATE_PROFIT":5427840880.43,"PRETAX_PROFIT":5412064214.73,"NETCASH_OPERATE":64490363330.23,"NETCASH_INVEST":16677387696.19,"NETCASH_FINANCE":-23096769620.19,"END_CASH":190353951646.3,"DIVI_RATIO":0.442278868041,"DIVIDEND_RATE":3.345251046025,"CURRENT_RATIO":1.013866175504,"COMMON_ACS":null,"CURRENTDEBT_DEBT":96.138323514411,"ISSUED_COMMON_SHARES":25039944560,"HK_COMMON_SHARES":2504000000,"PER_SHARES":800,"TOTAL_MARKET_CAP":59845467498.4,"HKSK_MARKET_CAP":5984560000,"PE_TTM":12.968918541127,"PB_TTM":0.523487190385,"REPORT_DATE_SQ":"2023-09-30 00:00:00","REPORT_TYPE_SQ":"2023年三季报","OPERATE_INCOME_SQ":16282851504.82,"DPS_HKD":0.0799515,"OPERATE_INCOME_QOQ_SQ":-2.256070308491,"NET_PROFIT_RATIO_SQ":30.792228773,"HOLDER_PROFIT_SQ":4347398216.27,"HOLDER_PROFIT_QOQ_SQ":-10.002283171118,"ROE_AVG_SQ":4.466188233593,"PE_TTM_SQ":10.96414891845,"PB_TTM_SQ":0.315941952225,"ROA_SQ":0.709148175917,"START_DATE":"2024-01-01 00:00:00","FISCAL_YEAR":"12-31","CURRENCY":"HKD","IS_CNY_CODE":0,"DPS_HKD_LY":0.0799515,"ORG_TYPE":"证券","PREMIUM_INCOME":null,"PREMIUM_INCOME_YOY":null,"NET_INTEREST_INCOME":159528282.73,"NET_INTEREST_INCOME_YOY":null,"FEE_COMMISSION_INCOME":4149979083.59,"FEE_COMMISSION_INCOME_YOY":-22.904820538507,"ACCOUNTS_RECE_TDAYS":2.798530131546,"INVENTORY_TDAYS":null,"CURRENT_ASSETS_TDAYS":0.033524140086,"TOTAL_ASSETS_TDAYS":0.026699600748,"PREMIUM_EXPENSE":null,"LOAN_DEPOSIT":null,"LOAN_EQUITY":null,"LOAN_ASSETS":null,"DEPOSIT_EQUITY":null,"DEPOSIT_ASSETS":null,"EQUITY_MULTIPLIER":5.109959408636,"EQUITY_RATIO":5.244079593769},{"SECUCODE":"06806.HK","SECURITY_CODE":"06806","SECURITY_NAME_ABBR":"申万宏源","ORG_CODE":"10004830","STD_REPORT_DATE":"2024-06-30 00:00:00","REPORT_DATE":"2024-06-30 00:00:00","DATE_TYPE_CODE":"002","REPORT_TYPE":"2024年中报","PER_NETCASH_OPERATE":-0.376108340713,"PER_OI":0.634971933021,"BPS":4.067536282117,"BASIC_EPS":0.08,"DILUTED_EPS":0.08,"OPERATE_INCOME":15899662000,"OPERATE_INCOME_YOY":-8.8875651518,"GROSS_PROFIT":null,"GROSS_PROFIT_YOY":null,"HOLDER_PROFIT":2128072000,"HOLDER_PROFIT_YOY":-43.2171013204,"GROSS_PROFIT_RATIO":null,"EPS_TTM":0.11927654204,"OPERATE_INCOME_QOQ":-4.606092865979,"NET_PROFIT_RATIO":18.0049739422,"ROE_AVG":2.107044495558,"GROSS_PROFIT_QOQ":null,"ROA":0.342457651843,"HOLDER_PROFIT_QOQ":-25.013646436097,"ROE_YEARLY":4.214088991116,"ROIC_YEARLY":0.757063652051,"TOTAL_ASSETS":607386031000,"TOTAL_LIABILITIES":477203828000,"TAX_EBT":14.788264734344,"OCF_SALES":-59.232278019495,"TOTAL_PARENT_EQUITY":101850883000,"DEBT_ASSET_RATIO":78.5668098449,"OPERATE_PROFIT":3024545000,"PRETAX_PROFIT":3359549000,"NETCASH_OPERATE":-9417732000,"NETCASH_INVEST":18807026000,"NETCASH_FINANCE":-8540719000,"END_CASH":47620846000,"DIVI_RATIO":0.608448662902,"DIVIDEND_RATE":3.063275862069,"CURRENT_RATIO":1.23031594463,"COMMON_ACS":null,"CURRENTDEBT_DEBT":84.081581801561,"ISSUED_COMMON_SHARES":25039944560,"HK_COMMON_SHARES":2504000000,"PER_SHARES":800,"TOTAL_MARKET_CAP":65354255301.6,"HKSK_MARKET_CAP":6535440000,"PE_TTM":14.162710206,"PB_TTM":0.571674295776,"REPORT_DATE_SQ":"2023-06-30 00:00:00","REPORT_TYPE_SQ":"2023年中报","OPERATE_INCOME_SQ":17450595000,"DPS_HKD":0.0799515,"OPERATE_INCOME_QOQ_SQ":-6.216147645337,"NET_PROFIT_RATIO_SQ":24.4693031957,"HOLDER_PROFIT_SQ":3747734000,"HOLDER_PROFIT_QOQ_SQ":-14.857780570738,"ROE_AVG_SQ":3.863898634951,"PE_TTM_SQ":11.364300338832,"PB_TTM_SQ":0.327472680408,"ROA_SQ":0.598730311847,"START_DATE":"2024-01-01 00:00:00","FISCAL_YEAR":"12-31","CURRENCY":"HKD","IS_CNY_CODE":0,"DPS_HKD_LY":0.0799515,"ORG_TYPE":"证券","PREMIUM_INCOME":null,"PREMIUM_INCOME_YOY":null,"NET_INTEREST_INCOME":4511930000,"NET_INTEREST_INCOME_YOY":null,"FEE_COMMISSION_INCOME":3622034000,"FEE_COMMISSION_INCOME_YOY":-17.931336227084,"ACCOUNTS_RECE_TDAYS":2.300582331008,"INVENTORY_TDAYS":null,"CURRENT_ASSETS_TDAYS":0.031543482228,"TOTAL_ASSETS_TDAYS":0.025586356635,"PREMIUM_EXPENSE":null,"LOAN_DEPOSIT":null,"LOAN_EQUITY":null,"LOAN_ASSETS":null,"DEPOSIT_EQUITY":null,"DEPOSIT_ASSETS":null,"EQUITY_MULTIPLIER":4.665661027423,"EQUITY_RATIO":4.68531851609},{"SECUCODE":"06806.HK","SECURITY_CODE":"06806","SECURITY_NAME_ABBR":"申万宏源","ORG_CODE":"10004830","STD_REPORT_DATE":"2024-03-31 00:00:00","REPORT_DATE":"2024-03-31 00:00:00","DATE_TYPE_CODE":"003","REPORT_TYPE":"2024年一季报","PER_NETCASH_OPERATE":-0.502365661531,"PER_OI":0.226852139765,"BPS":4.075735614567,"BASIC_EPS":0.06,"DILUTED_EPS":0.06,"OPERATE_INCOME":5680365003.03,"OPERATE_INCOME_YOY":-1.4700352517,"GROSS_PROFIT":null,"GROSS_PROFIT_YOY":null,"HOLDER_PROFIT":1387612479.52,"HOLDER_PROFIT_YOY":-30.9985540244,"GROSS_PROFIT_RATIO":null,"EPS_TTM":0.159064331537,"OPERATE_INCOME_QOQ":-0.265537091913,"NET_PROFIT_RATIO":29.1658131632,"ROE_AVG":1.372506434,"GROSS_PROFIT_QOQ":null,"ROA":0.219635382762,"HOLDER_PROFIT_QOQ":-13.533042650781,"ROE_YEARLY":5.490025735999,"ROIC_YEARLY":1.039254518569,"TOTAL_ASSETS":628122635093.05,"TOTAL_LIABILITIES":497147099033,"TAX_EBT":16.185429688305,"OCF_SALES":-221.450704433255,"TOTAL_PARENT_EQUITY":102056193829.98,"DEBT_ASSET_RATIO":79.1480948556,"OPERATE_PROFIT":1979375037.01,"PRETAX_PROFIT":1976654700.5,"NETCASH_OPERATE":-12579208313.59,"NETCASH_INVEST":14256028577.77,"NETCASH_FINANCE":-1050627303.11,"END_CASH":132925447430.94,"DIVI_RATIO":0.456253465618,"DIVIDEND_RATE":3.789170616114,"CURRENT_RATIO":1.004261435081,"COMMON_ACS":null,"CURRENTDEBT_DEBT":96.433932498151,"ISSUED_COMMON_SHARES":25039944560,"HK_COMMON_SHARES":2504000000,"PER_SHARES":800,"TOTAL_MARKET_CAP":52834283021.6,"HKSK_MARKET_CAP":5283440000,"PE_TTM":11.449547331288,"PB_TTM":0.46215814716,"REPORT_DATE_SQ":"2023-03-31 00:00:00","REPORT_TYPE_SQ":"2023年一季报","OPERATE_INCOME_SQ":5765114214.28,"DPS_HKD":0.0799515,"OPERATE_INCOME_QOQ_SQ":2.960684898602,"NET_PROFIT_RATIO_SQ":38.1572752356,"HOLDER_PROFIT_SQ":2010990436.36,"HOLDER_PROFIT_QOQ_SQ":33.702793299052,"ROE_AVG_SQ":2.08899464135,"PE_TTM_SQ":10.724058066222,"PB_TTM_SQ":0.309023515315,"ROA_SQ":0.322841642175,"START_DATE":"2024-01-01 00:00:00","FISCAL_YEAR":"12-31","CURRENCY":"HKD","IS_CNY_CODE":0,"DPS_HKD_LY":0.0799515,"ORG_TYPE":"证券","PREMIUM_INCOME":null,"PREMIUM_INCOME_YOY":null,"NET_INTEREST_INCOME":-85112561.11,"NET_INTEREST_INCOME_YOY":null,"FEE_COMMISSION_INCOME":1451792419.36,"FEE_COMMISSION_INCOME_YOY":-16.795103757765,"ACCOUNTS_RECE_TDAYS":0.910680613107,"INVENTORY_TDAYS":null,"CURRENT_ASSETS_TDAYS":0.011407275618,"TOTAL_ASSETS_TDAYS":0.008991048726,"PREMIUM_EXPENSE":null,"LOAN_DEPOSIT":null,"LOAN_EQUITY":null,"LOAN_ASSETS":null,"DEPOSIT_EQUITY":null,"DEPOSIT_ASSETS":null,"EQUITY_MULTIPLIER":4.795724865786,"EQUITY_RATIO":4.871307466759},{"SECUCODE":"06806.HK","SECURITY_CODE":"06806","SECURITY_NAME_ABBR":"申万宏源","ORG_CODE":"10004830","STD_REPORT_DATE":"2023-12-31 00:00:00","REPORT_DATE":"2023-12-31 00:00:00","DATE_TYPE_CODE":"001","REPORT_TYPE":"2023年年报","PER_NETCASH_OPERATE":2.904445967352,"PER_OI":1.274609371579,"BPS":3.999411450774,"BASIC_EPS":0.18,"DILUTED_EPS":0.18,"OPERATE_INCOME":31916148000,"OPERATE_INCOME_YOY":1.0782186158,"GROSS_PROFIT":null,"GROSS_PROFIT_YOY":null,"HOLDER_PROFIT":4606340000,"HOLDER_PROFIT_YOY":65.1569628277,"GROSS_PROFIT_RATIO":null,"EPS_TTM":0.183959672473,"OPERATE_INCOME_QOQ":7.094777499411,"NET_PROFIT_RATIO":17.154961808,"ROE_AVG":4.71985281417,"GROSS_PROFIT_QOQ":null,"ROA":0.73786770386,"HOLDER_PROFIT_QOQ":61.205534702191,"ROE_YEARLY":4.71985281417,"ROIC_YEARLY":0.813322403683,"TOTAL_ASSETS":635437418096.46,"TOTAL_LIABILITIES":506643283874.09,"TAX_EBT":10.125914260511,"OCF_SALES":227.869497283945,"TOTAL_PARENT_EQUITY":100145041099.95,"DEBT_ASSET_RATIO":79.7314211673,"OPERATE_PROFIT":5514486000,"PRETAX_PROFIT":6092082000,"NETCASH_OPERATE":72727166000,"NETCASH_INVEST":-75416883000,"NETCASH_FINANCE":-8819801000,"END_CASH":46782888000,"DIVI_RATIO":0.39450848952,"DIVIDEND_RATE":3.063275862069,"CURRENT_RATIO":1.29023617095,"COMMON_ACS":null,"CURRENTDEBT_DEBT":96.603050412018,"ISSUED_COMMON_SHARES":25039944560,"HK_COMMON_SHARES":2504000000,"PER_SHARES":800,"TOTAL_MARKET_CAP":65354255301.6,"HKSK_MARKET_CAP":6535440000,"PE_TTM":14.162710206,"PB_TTM":0.571674295776,"REPORT_DATE_SQ":"2022-12-31 00:00:00","REPORT_TYPE_SQ":"2022年年报","OPERATE_INCOME_SQ":31575693000,"DPS_HKD":0.0799515,"OPERATE_INCOME_QOQ_SQ":-19.730595769831,"NET_PROFIT_RATIO_SQ":9.9429235013,"HOLDER_PROFIT_SQ":2789068000,"HOLDER_PROFIT_QOQ_SQ":-55.502527904268,"ROE_AVG_SQ":2.931741924367,"PE_TTM_SQ":11.364300338832,"PB_TTM_SQ":0.327472680408,"ROA_SQ":0.45943539228,"START_DATE":"2023-01-01 00:00:00","FISCAL_YEAR":"12-31","CURRENCY":"HKD","IS_CNY_CODE":0,"DPS_HKD_LY":0.032885,"ORG_TYPE":"证券","PREMIUM_INCOME":null,"PREMIUM_INCOME_YOY":null,"NET_INTEREST_INCOME":10026911000,"NET_INTEREST_INCOME_YOY":null,"FEE_COMMISSION_INCOME":8332792000,"FEE_COMMISSION_INCOME_YOY":-20.099446214836,"ACCOUNTS_RECE_TDAYS":5.591208907731,"INVENTORY_TDAYS":null,"CURRENT_ASSETS_TDAYS":0.059989474806,"TOTAL_ASSETS_TDAYS":0.051124960035,"PREMIUM_EXPENSE":null,"LOAN_DEPOSIT":null,"LOAN_EQUITY":null,"LOAN_ASSETS":null,"DEPOSIT_EQUITY":null,"DEPOSIT_ASSETS":null,"EQUITY_MULTIPLIER":4.933745026004,"EQUITY_RATIO":5.059095071602},{"SECUCODE":"06806.HK","SECURITY_CODE":"06806","SECURITY_NAME_ABBR":"申万宏源","ORG_CODE":"10004830","STD_REPORT_DATE":"2023-09-30 00:00:00","REPORT_DATE":"2023-09-30 00:00:00","DATE_TYPE_CODE":"004","REPORT_TYPE":"2023年三季报","PER_NETCASH_OPERATE":2.003363673841,"PER_OI":0.650275062143,"BPS":3.979063530963,"BASIC_EPS":0.17,"DILUTED_EPS":0.17,"OPERATE_INCOME":16282851504.82,"OPERATE_INCOME_YOY":-9.8241003713,"GROSS_PROFIT":null,"GROSS_PROFIT_YOY":null,"HOLDER_PROFIT":4347398216.27,"HOLDER_PROFIT_YOY":1.5976718168,"GROSS_PROFIT_RATIO":null,"EPS_TTM":0.114114985452,"OPERATE_INCOME_QOQ":-2.256070308491,"NET_PROFIT_RATIO":30.792228773,"ROE_AVG":4.466188233593,"GROSS_PROFIT_QOQ":null,"ROA":0.709148175917,"HOLDER_PROFIT_QOQ":-10.002283171118,"ROE_YEARLY":5.954917644791,"ROIC_YEARLY":0.825268641329,"TOTAL_ASSETS":612973195325.89,"TOTAL_LIABILITIES":487965870819.98,"TAX_EBT":10.350402465303,"OCF_SALES":308.07942522623,"TOTAL_PARENT_EQUITY":99635530216.04,"DEBT_ASSET_RATIO":79.6063962569,"OPERATE_PROFIT":5644640394.87,"PRETAX_PROFIT":5592722135.98,"NETCASH_OPERATE":50164115326.49,"NETCASH_INVEST":-72367052700.35,"NETCASH_FINANCE":-12037124103.24,"END_CASH":113041963834.05,"DIVI_RATIO":0.635969519977,"DIVIDEND_RATE":3.063275862069,"CURRENT_RATIO":0.97180668895,"COMMON_ACS":null,"CURRENTDEBT_DEBT":97.442943526786,"ISSUED_COMMON_SHARES":25039944560,"HK_COMMON_SHARES":2504000000,"PER_SHARES":800,"TOTAL_MARKET_CAP":65354255301.6,"HKSK_MARKET_CAP":6535440000,"PE_TTM":14.162710206,"PB_TTM":0.571674295776,"REPORT_DATE_SQ":"2022-09-30 00:00:00","REPORT_TYPE_SQ":"2022年三季报","OPERATE_INCOME_SQ":18056766355.39,"DPS_HKD":0.0799515,"OPERATE_INCOME_QOQ_SQ":-9.419819419432,"NET_PROFIT_RATIO_SQ":25.1450424854,"HOLDER_PROFIT_SQ":4279033307.09,"HOLDER_PROFIT_QOQ_SQ":-23.926075836954,"ROE_AVG_SQ":4.454205316856,"PE_TTM_SQ":11.364300338832,"PB_TTM_SQ":0.327472680408,"ROA_SQ":0.702528521335,"START_DATE":"2023-01-01 00:00:00","FISCAL_YEAR":"12-31","CURRENCY":"HKD","IS_CNY_CODE":0,"DPS_HKD_LY":0.032885,"ORG_TYPE":"证券","PREMIUM_INCOME":null,"PREMIUM_INCOME_YOY":null,"NET_INTEREST_INCOME":5104259.86,"NET_INTEREST_INCOME_YOY":null,"FEE_COMMISSION_INCOME":5382929403.08,"FEE_COMMISSION_INCOME_YOY":-17.456179035764,"ACCOUNTS_RECE_TDAYS":2.583568434721,"INVENTORY_TDAYS":null,"CURRENT_ASSETS_TDAYS":0.032189637012,"TOTAL_ASSETS_TDAYS":0.026560609056,"PREMIUM_EXPENSE":null,"LOAN_DEPOSIT":null,"LOAN_EQUITY":null,"LOAN_ASSETS":null,"DEPOSIT_EQUITY":null,"DEPOSIT_ASSETS":null,"EQUITY_MULTIPLIER":4.903498236982,"EQUITY_RATIO":4.897508647386},{"SECUCODE":"06806.HK","SECURITY_CODE":"06806","SECURITY_NAME_ABBR":"申万宏源","ORG_CODE":"10004830","STD_REPORT_DATE":"2023-06-30 00:00:00","REPORT_DATE":"2023-06-30 00:00:00","DATE_TYPE_CODE":"002","REPORT_TYPE":"2023年中报","PER_NETCASH_OPERATE":2.090224076758,"PER_OI":0.696910289006,"BPS":3.95137600097,"BASIC_EPS":0.15,"DILUTED_EPS":0.15,"OPERATE_INCOME":17450595000,"OPERATE_INCOME_YOY":-5.8589198626,"GROSS_PROFIT":null,"GROSS_PROFIT_YOY":null,"HOLDER_PROFIT":3747734000,"HOLDER_PROFIT_YOY":11.4801136059,"GROSS_PROFIT_RATIO":null,"EPS_TTM":0.126797644955,"OPERATE_INCOME_QOQ":-6.216147645337,"NET_PROFIT_RATIO":24.4693031957,"ROE_AVG":3.863898634951,"GROSS_PROFIT_QOQ":null,"ROA":0.598730311847,"HOLDER_PROFIT_QOQ":-14.857780570738,"ROE_YEARLY":7.727797269902,"ROIC_YEARLY":1.319159312118,"TOTAL_ASSETS":638776833000,"TOTAL_LIABILITIES":515948585000,"TAX_EBT":14.153280631569,"OCF_SALES":299.927280416513,"TOTAL_PARENT_EQUITY":98942236000,"DEBT_ASSET_RATIO":80.7713364583,"OPERATE_PROFIT":4657288000,"PRETAX_PROFIT":4974027000,"NETCASH_OPERATE":52339095000,"NETCASH_INVEST":-47316202000,"NETCASH_FINANCE":-6619095000,"END_CASH":56637110000,"DIVI_RATIO":0.572358047707,"DIVIDEND_RATE":3.063275862069,"CURRENT_RATIO":1.417402336734,"COMMON_ACS":null,"CURRENTDEBT_DEBT":77.958092083923,"ISSUED_COMMON_SHARES":25039944560,"HK_COMMON_SHARES":2504000000,"PER_SHARES":800,"TOTAL_MARKET_CAP":65354255301.6,"HKSK_MARKET_CAP":6535440000,"PE_TTM":14.162710206,"PB_TTM":0.571674295776,"REPORT_DATE_SQ":"2022-06-30 00:00:00","REPORT_TYPE_SQ":"2022年中报","OPERATE_INCOME_SQ":18536642000,"DPS_HKD":0.0799515,"OPERATE_INCOME_QOQ_SQ":2.542526247631,"NET_PROFIT_RATIO_SQ":19.5967209163,"HOLDER_PROFIT_SQ":3361796000,"HOLDER_PROFIT_QOQ_SQ":2.501818439602,"ROE_AVG_SQ":3.517348835285,"PE_TTM_SQ":11.364300338832,"PB_TTM_SQ":0.327472680408,"ROA_SQ":0.548430640722,"START_DATE":"2023-01-01 00:00:00","FISCAL_YEAR":"12-31","CURRENCY":"HKD","IS_CNY_CODE":0,"DPS_HKD_LY":0.032885,"ORG_TYPE":"证券","PREMIUM_INCOME":null,"PREMIUM_INCOME_YOY":null,"NET_INTEREST_INCOME":4800579000,"NET_INTEREST_INCOME_YOY":null,"FEE_COMMISSION_INCOME":4413419000,"FEE_COMMISSION_INCOME_YOY":-18.20255077058,"ACCOUNTS_RECE_TDAYS":2.902196888136,"INVENTORY_TDAYS":null,"CURRENT_ASSETS_TDAYS":0.031169767267,"TOTAL_ASSETS_TDAYS":0.027878713341,"PREMIUM_EXPENSE":null,"LOAN_DEPOSIT":null,"LOAN_EQUITY":null,"LOAN_ASSETS":null,"DEPOSIT_EQUITY":null,"DEPOSIT_ASSETS":null,"EQUITY_MULTIPLIER":5.200569440676,"EQUITY_RATIO":5.214644482059},{"SECUCODE":"06806.HK","SECURITY_CODE":"06806","SECURITY_NAME_ABBR":"申万宏源","ORG_CODE":"10004830","STD_REPORT_DATE":"2023-03-31 00:00:00","REPORT_DATE":"2023-03-31 00:00:00","DATE_TYPE_CODE":"003","REPORT_TYPE":"2023年一季报","PER_NETCASH_OPERATE":1.180899006322,"PER_OI":0.230236700423,"BPS":3.893257276847,"BASIC_EPS":0.08,"DILUTED_EPS":0.08,"OPERATE_INCOME":5765114214.28,"OPERATE_INCOME_YOY":19.3541811362,"GROSS_PROFIT":null,"GROSS_PROFIT_YOY":null,"HOLDER_PROFIT":2010990436.36,"HOLDER_PROFIT_YOY":87.7681414948,"GROSS_PROFIT_RATIO":null,"EPS_TTM":0.148924523937,"OPERATE_INCOME_QOQ":2.960684898602,"NET_PROFIT_RATIO":38.1572752356,"ROE_AVG":2.08899464135,"GROSS_PROFIT_QOQ":null,"ROA":0.322841642175,"HOLDER_PROFIT_QOQ":33.702793299052,"ROE_YEARLY":8.355978565399,"ROIC_YEARLY":1.518673149581,"TOTAL_ASSETS":632689075360.87,"TOTAL_LIABILITIES":513411382863.27,"TAX_EBT":15.184998044521,"OCF_SALES":512.906501939145,"TOTAL_PARENT_EQUITY":97486946370.07,"DEBT_ASSET_RATIO":81.1475024396,"OPERATE_PROFIT":2600825990.14,"PRETAX_PROFIT":2593657310.23,"NETCASH_OPERATE":29569645649.26,"NETCASH_INVEST":-37715111871.99,"NETCASH_FINANCE":-3027788786.78,"END_CASH":136109850409.06,"DIVI_RATIO":0.4873183449,"DIVIDEND_RATE":3.789170616114,"CURRENT_RATIO":1.042168489202,"COMMON_ACS":null,"CURRENTDEBT_DEBT":97.384436719295,"ISSUED_COMMON_SHARES":25039944560,"HK_COMMON_SHARES":2504000000,"PER_SHARES":800,"TOTAL_MARKET_CAP":52834283021.6,"HKSK_MARKET_CAP":5283440000,"PE_TTM":11.449547331288,"PB_TTM":0.46215814716,"REPORT_DATE_SQ":"2022-03-31 00:00:00","REPORT_TYPE_SQ":"2022年一季报","OPERATE_INCOME_SQ":4830257440,"DPS_HKD":0.0799515,"OPERATE_INCOME_QOQ_SQ":-8.274105671944,"NET_PROFIT_RATIO_SQ":23.331579022,"HOLDER_PROFIT_SQ":1070996613.35,"HOLDER_PROFIT_QOQ_SQ":-14.472873356217,"ROE_AVG_SQ":1.11959233654,"PE_TTM_SQ":10.724058066222,"PB_TTM_SQ":0.309023515315,"ROA_SQ":0.175447401559,"START_DATE":"2023-01-01 00:00:00","FISCAL_YEAR":"12-31","CURRENCY":"HKD","IS_CNY_CODE":0,"DPS_HKD_LY":0.032885,"ORG_TYPE":"证券","PREMIUM_INCOME":null,"PREMIUM_INCOME_YOY":null,"NET_INTEREST_INCOME":-103775036.54,"NET_INTEREST_INCOME_YOY":null,"FEE_COMMISSION_INCOME":1744840129.52,"FEE_COMMISSION_INCOME_YOY":-17.97144886615,"ACCOUNTS_RECE_TDAYS":1.044209697917,"INVENTORY_TDAYS":null,"CURRENT_ASSETS_TDAYS":0.010769207197,"TOTAL_ASSETS_TDAYS":0.009255235165,"PREMIUM_EXPENSE":null,"LOAN_DEPOSIT":null,"LOAN_EQUITY":null,"LOAN_ASSETS":null,"DEPOSIT_EQUITY":null,"DEPOSIT_ASSETS":null,"EQUITY_MULTIPLIER":5.304336981327,"EQUITY_RATIO":5.266462864826},{"SECUCODE":"06806.HK","SECURITY_CODE":"06806","SECURITY_NAME_ABBR":"申万宏源","ORG_CODE":"10004830","STD_REPORT_DATE":"2022-12-31 00:00:00","REPORT_DATE":"2022-12-31 00:00:00","DATE_TYPE_CODE":"001","REPORT_TYPE":"2022年年报","PER_NETCASH_OPERATE":1.2565796192,"PER_OI":1.261012895789,"BPS":3.79573300461,"BASIC_EPS":0.11,"DILUTED_EPS":0.11,"OPERATE_INCOME":31575693000,"OPERATE_INCOME_YOY":-31.6121124149,"GROSS_PROFIT":null,"GROSS_PROFIT_YOY":null,"HOLDER_PROFIT":2789068000,"HOLDER_PROFIT_YOY":-70.3239147133,"GROSS_PROFIT_RATIO":null,"EPS_TTM":0.111384751405,"OPERATE_INCOME_QOQ":-19.730595769831,"NET_PROFIT_RATIO":9.9429235013,"ROE_AVG":2.931741924367,"GROSS_PROFIT_QOQ":null,"ROA":0.45943539228,"HOLDER_PROFIT_QOQ":-55.502527904268,"ROE_YEARLY":2.931741924367,"ROIC_YEARLY":0.485661075319,"TOTAL_ASSETS":613117025000,"TOTAL_LIABILITIES":496437332000,"TAX_EBT":-2.937215959669,"OCF_SALES":99.648435269497,"TOTAL_PARENT_EQUITY":95044944000,"DEBT_ASSET_RATIO":80.9694253719,"OPERATE_PROFIT":2304520000,"PRETAX_PROFIT":3049963000,"NETCASH_OPERATE":31464684000,"NETCASH_INVEST":-17938874000,"NETCASH_FINANCE":-17984636000,"END_CASH":58260917000,"DIVI_RATIO":0.651558239389,"DIVIDEND_RATE":3.063275862069,"CURRENT_RATIO":1.428596931799,"COMMON_ACS":null,"CURRENTDEBT_DEBT":77.494818419498,"ISSUED_COMMON_SHARES":25039944560,"HK_COMMON_SHARES":2504000000,"PER_SHARES":800,"TOTAL_MARKET_CAP":65354255301.6,"HKSK_MARKET_CAP":6535440000,"PE_TTM":14.162710206,"PB_TTM":0.571674295776,"REPORT_DATE_SQ":"2021-12-31 00:00:00","REPORT_TYPE_SQ":"2021年年报","OPERATE_INCOME_SQ":46171470000,"DPS_HKD":0.0799515,"OPERATE_INCOME_QOQ_SQ":8.464961681625,"NET_PROFIT_RATIO_SQ":20.6503864833,"HOLDER_PROFIT_SQ":9398369000,"HOLDER_PROFIT_QOQ_SQ":8.694875824188,"ROE_AVG_SQ":10.233046635813,"PE_TTM_SQ":11.364300338832,"PB_TTM_SQ":0.327472680408,"ROA_SQ":1.721099057811,"START_DATE":"2022-01-01 00:00:00","FISCAL_YEAR":"12-31","CURRENCY":"HKD","IS_CNY_CODE":0,"DPS_HKD_LY":0.117505,"ORG_TYPE":"证券","PREMIUM_INCOME":null,"PREMIUM_INCOME_YOY":null,"NET_INTEREST_INCOME":9842835000,"NET_INTEREST_INCOME_YOY":null,"FEE_COMMISSION_INCOME":10428954000,"FEE_COMMISSION_INCOME_YOY":-15.838981483364,"ACCOUNTS_RECE_TDAYS":6.759728657709,"INVENTORY_TDAYS":null,"CURRENT_ASSETS_TDAYS":0.058947054645,"TOTAL_ASSETS_TDAYS":0.052013758359,"PREMIUM_EXPENSE":null,"LOAN_DEPOSIT":null,"LOAN_EQUITY":null,"LOAN_ASSETS":null,"DEPOSIT_EQUITY":null,"DEPOSIT_ASSETS":null,"EQUITY_MULTIPLIER":5.254702075698,"EQUITY_RATIO":5.223185064952},{"SECUCODE":"06806.HK","SECURITY_CODE":"06806","SECURITY_NAME_ABBR":"申万宏源","ORG_CODE":"10004830","STD_REPORT_DATE":"2022-09-30 00:00:00","REPORT_DATE":"2022-09-30 00:00:00","DATE_TYPE_CODE":"004","REPORT_TYPE":"2022年三季报","PER_NETCASH_OPERATE":0.140170884022,"PER_OI":0.721118463826,"BPS":3.870317102193,"BASIC_EPS":0.17,"DILUTED_EPS":0.17,"OPERATE_INCOME":18056766355.39,"OPERATE_INCOME_YOY":-27.4569079267,"GROSS_PROFIT":null,"GROSS_PROFIT_YOY":null,"HOLDER_PROFIT":4279033307.09,"HOLDER_PROFIT_YOY":-42.2491911519,"GROSS_PROFIT_RATIO":null,"EPS_TTM":0.250317031864,"OPERATE_INCOME_QOQ":-9.419819419432,"NET_PROFIT_RATIO":25.1450424854,"ROE_AVG":4.454205316856,"GROSS_PROFIT_QOQ":null,"ROA":0.702528521335,"HOLDER_PROFIT_QOQ":-23.926075836954,"ROE_YEARLY":5.938940422475,"ROIC_YEARLY":0.804438702297,"TOTAL_ASSETS":617169198166.51,"TOTAL_LIABILITIES":498511103281.62,"TAX_EBT":9.845648792663,"OCF_SALES":19.437982946444,"TOTAL_PARENT_EQUITY":96912525668.53,"DEBT_ASSET_RATIO":80.7738145006,"OPERATE_PROFIT":5094117767.04,"PRETAX_PROFIT":5036231208.75,"NETCASH_OPERATE":3509871164.84,"NETCASH_INVEST":122064641.07,"NETCASH_FINANCE":6524404609.99,"END_CASH":156191093006,"DIVI_RATIO":0.28992694576,"DIVIDEND_RATE":3.063275862069,"CURRENT_RATIO":1.158959425455,"COMMON_ACS":null,"CURRENTDEBT_DEBT":97.339860497928,"ISSUED_COMMON_SHARES":25039944560,"HK_COMMON_SHARES":2504000000,"PER_SHARES":800,"TOTAL_MARKET_CAP":65354255301.6,"HKSK_MARKET_CAP":6535440000,"PE_TTM":14.162710206,"PB_TTM":0.571674295776,"REPORT_DATE_SQ":"2021-09-30 00:00:00","REPORT_TYPE_SQ":"2021年三季报","OPERATE_INCOME_SQ":24891090025.69,"DPS_HKD":0.0799515,"OPERATE_INCOME_QOQ_SQ":-0.183617108036,"NET_PROFIT_RATIO_SQ":30.0097628883,"HOLDER_PROFIT_SQ":7409477706.79,"HOLDER_PROFIT_QOQ_SQ":4.777376309587,"ROE_AVG_SQ":7.923470832662,"PE_TTM_SQ":11.364300338832,"PB_TTM_SQ":0.327472680408,"ROA_SQ":1.396044205842,"START_DATE":"2022-01-01 00:00:00","FISCAL_YEAR":"12-31","CURRENCY":"HKD","IS_CNY_CODE":0,"DPS_HKD_LY":0.117505,"ORG_TYPE":"证券","PREMIUM_INCOME":null,"PREMIUM_INCOME_YOY":null,"NET_INTEREST_INCOME":113971772.55,"NET_INTEREST_INCOME_YOY":null,"FEE_COMMISSION_INCOME":6521299038.74,"FEE_COMMISSION_INCOME_YOY":-6.66393712875,"ACCOUNTS_RECE_TDAYS":2.71679836288,"INVENTORY_TDAYS":null,"CURRENT_ASSETS_TDAYS":0.033311722884,"TOTAL_ASSETS_TDAYS":0.029645465359,"PREMIUM_EXPENSE":null,"LOAN_DEPOSIT":null,"LOAN_EQUITY":null,"LOAN_ASSETS":null,"DEPOSIT_EQUITY":null,"DEPOSIT_ASSETS":null,"EQUITY_MULTIPLIER":5.201239736458,"EQUITY_RATIO":5.143928505038}],"count":30},"success":true,"message":"ok","code":0}