{"version":"23d2a9a0dd71d2bb7012c364fb9a4298","result":{"pages":5,"data":[{"SECUCODE":"06808.HK","SECURITY_CODE":"06808","SECURITY_NAME_ABBR":"高鑫零售","ORG_CODE":"10163748","STD_REPORT_DATE":"2024-06-30 00:00:00","REPORT_DATE":"2024-09-30 00:00:00","DATE_TYPE_CODE":"002","REPORT_TYPE":"2024年中报","PER_NETCASH_OPERATE":-0.067192855561,"PER_OI":3.638267754766,"BPS":2.246505596761,"BASIC_EPS":0.02,"DILUTED_EPS":0.02,"OPERATE_INCOME":34708000000,"OPERATE_INCOME_YOY":-2.9635428316,"GROSS_PROFIT":8526000000,"GROSS_PROFIT_YOY":-4.083698953763,"HOLDER_PROFIT":206000000,"HOLDER_PROFIT_YOY":157.3816155989,"GROSS_PROFIT_RATIO":24.564941800161,"EPS_TTM":-0.168244201521,"OPERATE_INCOME_QOQ":0,"NET_PROFIT_RATIO":0.5358995044,"ROE_AVG":0.96185273381,"GROSS_PROFIT_QOQ":0,"ROA":0.335734541543,"HOLDER_PROFIT_QOQ":0,"ROE_YEARLY":1.923705467619,"ROIC_YEARLY":0.838489091501,"TOTAL_ASSETS":62001000000,"TOTAL_LIABILITIES":40203000000,"TAX_EBT":54.634146341463,"OCF_SALES":-1.846836464216,"TOTAL_PARENT_EQUITY":21431000000,"DEBT_ASSET_RATIO":64.8425025403,"OPERATE_PROFIT":621000000,"PRETAX_PROFIT":410000000,"NETCASH_OPERATE":-641000000,"NETCASH_INVEST":-2125000000,"NETCASH_FINANCE":360000000,"END_CASH":9500000000,"DIVI_RATIO":-1.018967063649,"DIVIDEND_RATE":10.919540229885,"CURRENT_RATIO":0.931692343001,"COMMON_ACS":null,"CURRENTDEBT_DEBT":86.702484889187,"ISSUED_COMMON_SHARES":9539704700,"HK_COMMON_SHARES":9539704700,"PER_SHARES":500,"TOTAL_MARKET_CAP":16599086178,"HKSK_MARKET_CAP":16599086178,"PE_TTM":-14.424096514226,"PB_TTM":0.698469036651,"REPORT_DATE_SQ":"2023-06-30 00:00:00","REPORT_TYPE_SQ":"2023年中报","OPERATE_INCOME_SQ":35768000000,"DPS_HKD":0.19,"OPERATE_INCOME_QOQ_SQ":0,"NET_PROFIT_RATIO_SQ":-1.0568105569,"HOLDER_PROFIT_SQ":-359000000,"HOLDER_PROFIT_QOQ_SQ":0,"ROE_AVG_SQ":-1.551224992438,"PE_TTM_SQ":-61.620227428142,"PB_TTM_SQ":0.472914645351,"ROA_SQ":-0.554993004615,"START_DATE":"2024-04-01 00:00:00","FISCAL_YEAR":"3-31","CURRENCY":"HKD","IS_CNY_CODE":0,"DPS_HKD_LY":0.19,"ORG_TYPE":"一般企业","PREMIUM_INCOME":null,"PREMIUM_INCOME_YOY":null,"NET_INTEREST_INCOME":null,"NET_INTEREST_INCOME_YOY":null,"FEE_COMMISSION_INCOME":null,"FEE_COMMISSION_INCOME_YOY":null,"ACCOUNTS_RECE_TDAYS":17.354,"INVENTORY_TDAYS":3.323432343234,"CURRENT_ASSETS_TDAYS":1.104717041187,"TOTAL_ASSETS_TDAYS":0.56566380912,"PREMIUM_EXPENSE":null,"LOAN_DEPOSIT":null,"LOAN_EQUITY":null,"LOAN_ASSETS":null,"DEPOSIT_EQUITY":null,"DEPOSIT_ASSETS":null,"EQUITY_MULTIPLIER":2.844343517755,"EQUITY_RATIO":1.875927394895},{"SECUCODE":"06808.HK","SECURITY_CODE":"06808","SECURITY_NAME_ABBR":"高鑫零售","ORG_CODE":"10163748","STD_REPORT_DATE":"2023-12-31 00:00:00","REPORT_DATE":"2024-03-31 00:00:00","DATE_TYPE_CODE":"001","REPORT_TYPE":"2023年年报","PER_NETCASH_OPERATE":0.097067994149,"PER_OI":7.606839234762,"BPS":2.243570495426,"BASIC_EPS":-0.17,"DILUTED_EPS":-0.17,"OPERATE_INCOME":72567000000,"OPERATE_INCOME_YOY":-13.2616958715,"GROSS_PROFIT":17958000000,"GROSS_PROFIT_YOY":-12.744764588698,"HOLDER_PROFIT":-1605000000,"HOLDER_PROFIT_YOY":-1572.4770642202,"GROSS_PROFIT_RATIO":24.74678572905,"EPS_TTM":-0.018973333629,"OPERATE_INCOME_QOQ":0,"NET_PROFIT_RATIO":-2.2985654636,"ROE_AVG":-7.145878319717,"GROSS_PROFIT_QOQ":0,"ROA":-2.571435437745,"HOLDER_PROFIT_QOQ":0,"ROE_YEARLY":-7.145878319717,"ROIC_YEARLY":-3.340687702939,"TOTAL_ASSETS":60715000000,"TOTAL_LIABILITIES":38921000000,"TAX_EBT":-16.317991631799,"OCF_SALES":1.276062121901,"TOTAL_PARENT_EQUITY":21403000000,"DEBT_ASSET_RATIO":64.1044223009,"OPERATE_PROFIT":-1009000000,"PRETAX_PROFIT":-1434000000,"NETCASH_OPERATE":926000000,"NETCASH_INVEST":-52000000,"NETCASH_FINANCE":-1358000000,"END_CASH":11908000000,"DIVI_RATIO":-9.035591917988,"DIVIDEND_RATE":7.48031496063,"CURRENT_RATIO":0.906268656716,"COMMON_ACS":null,"CURRENTDEBT_DEBT":86.071786439197,"ISSUED_COMMON_SHARES":9539704700,"HK_COMMON_SHARES":9539704700,"PER_SHARES":500,"TOTAL_MARKET_CAP":24230849938,"HKSK_MARKET_CAP":24230849938,"PE_TTM":-21.055865026514,"PB_TTM":1.019604225915,"REPORT_DATE_SQ":"2022-12-31 00:00:00","REPORT_TYPE_SQ":"2022年年报","OPERATE_INCOME_SQ":83662000000,"DPS_HKD":0.19,"OPERATE_INCOME_QOQ_SQ":0,"NET_PROFIT_RATIO_SQ":0.0932322918,"HOLDER_PROFIT_SQ":109000000,"HOLDER_PROFIT_QOQ_SQ":0,"ROE_AVG_SQ":0.459179374842,"PE_TTM_SQ":-61.620227428142,"PB_TTM_SQ":0.472914645351,"ROA_SQ":0.167867923366,"START_DATE":"2023-04-01 00:00:00","FISCAL_YEAR":"3-31","CURRENCY":"HKD","IS_CNY_CODE":0,"DPS_HKD_LY":0.045,"ORG_TYPE":"一般企业","PREMIUM_INCOME":null,"PREMIUM_INCOME_YOY":null,"NET_INTEREST_INCOME":null,"NET_INTEREST_INCOME_YOY":null,"FEE_COMMISSION_INCOME":null,"FEE_COMMISSION_INCOME_YOY":null,"ACCOUNTS_RECE_TDAYS":27.926496055417,"INVENTORY_TDAYS":6.756449118466,"CURRENT_ASSETS_TDAYS":2.287700383033,"TOTAL_ASSETS_TDAYS":1.162625267357,"PREMIUM_EXPENSE":null,"LOAN_DEPOSIT":null,"LOAN_EQUITY":null,"LOAN_ASSETS":null,"DEPOSIT_EQUITY":null,"DEPOSIT_ASSETS":null,"EQUITY_MULTIPLIER":2.785858493162,"EQUITY_RATIO":1.818483390179},{"SECUCODE":"06808.HK","SECURITY_CODE":"06808","SECURITY_NAME_ABBR":"高鑫零售","ORG_CODE":"10163748","STD_REPORT_DATE":"2023-06-30 00:00:00","REPORT_DATE":"2023-09-30 00:00:00","DATE_TYPE_CODE":"002","REPORT_TYPE":"2023年中报","PER_NETCASH_OPERATE":0.293614958543,"PER_OI":3.749382305303,"BPS":2.386656685505,"BASIC_EPS":-0.04,"DILUTED_EPS":-0.04,"OPERATE_INCOME":35768000000,"OPERATE_INCOME_YOY":-11.925340425,"GROSS_PROFIT":8889000000,"GROSS_PROFIT_YOY":-12.094541139241,"HOLDER_PROFIT":-359000000,"HOLDER_PROFIT_YOY":-420.2898550725,"GROSS_PROFIT_RATIO":24.851822858421,"EPS_TTM":0.011425930197,"OPERATE_INCOME_QOQ":0,"NET_PROFIT_RATIO":-1.0568105569,"ROE_AVG":-1.551224992438,"GROSS_PROFIT_QOQ":0,"ROA":-0.554993004615,"HOLDER_PROFIT_QOQ":0,"ROE_YEARLY":-3.102449984877,"ROIC_YEARLY":-1.481619050567,"TOTAL_ASSETS":65253000000,"TOTAL_LIABILITIES":41840000000,"TAX_EBT":-94.845360824742,"OCF_SALES":7.831022142697,"TOTAL_PARENT_EQUITY":22768000000,"DEBT_ASSET_RATIO":64.1196573338,"OPERATE_PROFIT":19000000,"PRETAX_PROFIT":-194000000,"NETCASH_OPERATE":2801000000,"NETCASH_INVEST":263000000,"NETCASH_FINANCE":-663000000,"END_CASH":14809000000,"DIVI_RATIO":15.004056304183,"DIVIDEND_RATE":7.48031496063,"CURRENT_RATIO":0.978583288774,"COMMON_ACS":null,"CURRENTDEBT_DEBT":84.925908221797,"ISSUED_COMMON_SHARES":9539704700,"HK_COMMON_SHARES":9539704700,"PER_SHARES":500,"TOTAL_MARKET_CAP":24230849938,"HKSK_MARKET_CAP":24230849938,"PE_TTM":-21.055865026514,"PB_TTM":1.019604225915,"REPORT_DATE_SQ":"2022-06-30 00:00:00","REPORT_TYPE_SQ":"2022年中报","OPERATE_INCOME_SQ":40611000000,"DPS_HKD":0.19,"OPERATE_INCOME_QOQ_SQ":0,"NET_PROFIT_RATIO_SQ":-0.2142276723,"HOLDER_PROFIT_SQ":-69000000,"HOLDER_PROFIT_QOQ_SQ":0,"ROE_AVG_SQ":-0.290709922056,"PE_TTM_SQ":-61.620227428142,"PB_TTM_SQ":0.472914645351,"ROA_SQ":-0.104050426758,"START_DATE":"2023-04-01 00:00:00","FISCAL_YEAR":"3-31","CURRENCY":"HKD","IS_CNY_CODE":0,"DPS_HKD_LY":0.045,"ORG_TYPE":"一般企业","PREMIUM_INCOME":null,"PREMIUM_INCOME_YOY":null,"NET_INTEREST_INCOME":null,"NET_INTEREST_INCOME_YOY":null,"FEE_COMMISSION_INCOME":null,"FEE_COMMISSION_INCOME_YOY":null,"ACCOUNTS_RECE_TDAYS":13.326378539493,"INVENTORY_TDAYS":3.127283304247,"CURRENT_ASSETS_TDAYS":1.054279103356,"TOTAL_ASSETS_TDAYS":0.552952361812,"PREMIUM_EXPENSE":null,"LOAN_DEPOSIT":null,"LOAN_EQUITY":null,"LOAN_ASSETS":null,"DEPOSIT_EQUITY":null,"DEPOSIT_ASSETS":null,"EQUITY_MULTIPLIER":2.787041387266,"EQUITY_RATIO":1.837666900914},{"SECUCODE":"06808.HK","SECURITY_CODE":"06808","SECURITY_NAME_ABBR":"高鑫零售","ORG_CODE":"10163748","STD_REPORT_DATE":"2022-12-31 00:00:00","REPORT_DATE":"2023-03-31 00:00:00","DATE_TYPE_CODE":"001","REPORT_TYPE":"2022年年报","PER_NETCASH_OPERATE":0.450957355106,"PER_OI":8.769873138736,"BPS":2.465275471263,"BASIC_EPS":0.01,"DILUTED_EPS":0.01,"OPERATE_INCOME":83662000000,"OPERATE_INCOME_YOY":-5.074091724,"GROSS_PROFIT":20581000000,"GROSS_PROFIT_YOY":-4.154053928189,"HOLDER_PROFIT":109000000,"HOLDER_PROFIT_YOY":114.749661705,"GROSS_PROFIT_RATIO":24.600176902297,"EPS_TTM":-0.096963169101,"OPERATE_INCOME_QOQ":0,"NET_PROFIT_RATIO":0.0932322918,"ROE_AVG":0.459179374842,"GROSS_PROFIT_QOQ":0,"ROA":0.167867923366,"HOLDER_PROFIT_QOQ":0,"ROE_YEARLY":0.459179374842,"ROIC_YEARLY":0.215083468172,"TOTAL_ASSETS":64118000000,"TOTAL_LIABILITIES":39921000000,"TAX_EBT":89.196675900277,"OCF_SALES":5.142119480768,"TOTAL_PARENT_EQUITY":23518000000,"DEBT_ASSET_RATIO":62.2617673664,"OPERATE_PROFIT":1177000000,"PRETAX_PROFIT":722000000,"NETCASH_OPERATE":4302000000,"NETCASH_INVEST":-1200000000,"NETCASH_FINANCE":-1988000000,"END_CASH":12408000000,"DIVI_RATIO":-1.768045553682,"DIVIDEND_RATE":7.48031496063,"CURRENT_RATIO":0.973514611106,"COMMON_ACS":null,"CURRENTDEBT_DEBT":85.120613211092,"ISSUED_COMMON_SHARES":9539704700,"HK_COMMON_SHARES":9539704700,"PER_SHARES":500,"TOTAL_MARKET_CAP":24230849938,"HKSK_MARKET_CAP":24230849938,"PE_TTM":-21.055865026514,"PB_TTM":1.019604225915,"REPORT_DATE_SQ":"2021-12-31 00:00:00","REPORT_TYPE_SQ":"2021年年报","OPERATE_INCOME_SQ":88134000000,"DPS_HKD":0.19,"OPERATE_INCOME_QOQ_SQ":0,"NET_PROFIT_RATIO_SQ":-0.9372092496,"HOLDER_PROFIT_SQ":-739000000,"HOLDER_PROFIT_QOQ_SQ":0,"ROE_AVG_SQ":-2.945337876886,"PE_TTM_SQ":-61.620227428142,"PB_TTM_SQ":0.472914645351,"ROA_SQ":-1.083792246266,"START_DATE":"2022-04-01 00:00:00","FISCAL_YEAR":"3-31","CURRENCY":"HKD","IS_CNY_CODE":0,"DPS_HKD_LY":0.045,"ORG_TYPE":"一般企业","PREMIUM_INCOME":null,"PREMIUM_INCOME_YOY":null,"NET_INTEREST_INCOME":null,"NET_INTEREST_INCOME_YOY":null,"FEE_COMMISSION_INCOME":null,"FEE_COMMISSION_INCOME_YOY":null,"ACCOUNTS_RECE_TDAYS":23.349706949484,"INVENTORY_TDAYS":6.933120844095,"CURRENT_ASSETS_TDAYS":2.504175521566,"TOTAL_ASSETS_TDAYS":1.288455615105,"PREMIUM_EXPENSE":null,"LOAN_DEPOSIT":null,"LOAN_EQUITY":null,"LOAN_ASSETS":null,"DEPOSIT_EQUITY":null,"DEPOSIT_ASSETS":null,"EQUITY_MULTIPLIER":2.649832623878,"EQUITY_RATIO":1.697465770899},{"SECUCODE":"06808.HK","SECURITY_CODE":"06808","SECURITY_NAME_ABBR":"高鑫零售","ORG_CODE":"10163748","STD_REPORT_DATE":"2022-06-30 00:00:00","REPORT_DATE":"2022-09-30 00:00:00","DATE_TYPE_CODE":"002","REPORT_TYPE":"2022年中报","PER_NETCASH_OPERATE":0.327787924085,"PER_OI":4.257050011202,"BPS":2.464646520977,"BASIC_EPS":-0.01,"DILUTED_EPS":-0.01,"OPERATE_INCOME":40611000000,"OPERATE_INCOME_YOY":-2.2222757259,"GROSS_PROFIT":10112000000,"GROSS_PROFIT_YOY":-7.509375285832,"HOLDER_PROFIT":-69000000,"HOLDER_PROFIT_YOY":-158.9743589744,"GROSS_PROFIT_RATIO":24.899657728202,"EPS_TTM":-0.077465710233,"OPERATE_INCOME_QOQ":0,"NET_PROFIT_RATIO":-0.2142276723,"ROE_AVG":-0.290709922056,"GROSS_PROFIT_QOQ":0,"ROA":-0.104050426758,"HOLDER_PROFIT_QOQ":0,"ROE_YEARLY":-0.581419844112,"ROIC_YEARLY":-0.266003585266,"TOTAL_ASSETS":66882000000,"TOTAL_LIABILITIES":42280000000,"TAX_EBT":132.830188679245,"OCF_SALES":7.699884267809,"TOTAL_PARENT_EQUITY":23512000000,"DEBT_ASSET_RATIO":63.2158129243,"OPERATE_PROFIT":500000000,"PRETAX_PROFIT":265000000,"NETCASH_OPERATE":3127000000,"NETCASH_INVEST":944000000,"NETCASH_FINANCE":-1187000000,"END_CASH":14178000000,"DIVI_RATIO":-2.213047546896,"DIVIDEND_RATE":7.48031496063,"CURRENT_RATIO":1.007129529061,"COMMON_ACS":null,"CURRENTDEBT_DEBT":84.926679280984,"ISSUED_COMMON_SHARES":9539704700,"HK_COMMON_SHARES":9539704700,"PER_SHARES":500,"TOTAL_MARKET_CAP":24230849938,"HKSK_MARKET_CAP":24230849938,"PE_TTM":-21.055865026514,"PB_TTM":1.019604225915,"REPORT_DATE_SQ":"2021-06-30 00:00:00","REPORT_TYPE_SQ":"2021年中报","OPERATE_INCOME_SQ":41534000000,"DPS_HKD":0.19,"OPERATE_INCOME_QOQ_SQ":0,"NET_PROFIT_RATIO_SQ":0.269658593,"HOLDER_PROFIT_SQ":117000000,"HOLDER_PROFIT_QOQ_SQ":0,"ROE_AVG_SQ":0.454086781029,"PE_TTM_SQ":-61.620227428142,"PB_TTM_SQ":0.472914645351,"ROA_SQ":0.166866335786,"START_DATE":"2022-04-01 00:00:00","FISCAL_YEAR":"3-31","CURRENCY":"HKD","IS_CNY_CODE":0,"DPS_HKD_LY":0.045,"ORG_TYPE":"一般企业","PREMIUM_INCOME":null,"PREMIUM_INCOME_YOY":null,"NET_INTEREST_INCOME":null,"NET_INTEREST_INCOME_YOY":null,"FEE_COMMISSION_INCOME":null,"FEE_COMMISSION_INCOME_YOY":null,"ACCOUNTS_RECE_TDAYS":10.46675257732,"INVENTORY_TDAYS":3.168068972681,"CURRENT_ASSETS_TDAYS":1.161974248927,"TOTAL_ASSETS_TDAYS":0.612404620442,"PREMIUM_EXPENSE":null,"LOAN_DEPOSIT":null,"LOAN_EQUITY":null,"LOAN_ASSETS":null,"DEPOSIT_EQUITY":null,"DEPOSIT_ASSETS":null,"EQUITY_MULTIPLIER":2.718559466713,"EQUITY_RATIO":1.798230690711},{"SECUCODE":"06808.HK","SECURITY_CODE":"06808","SECURITY_NAME_ABBR":"高鑫零售","ORG_CODE":"10163748","STD_REPORT_DATE":"2021-12-31 00:00:00","REPORT_DATE":"2022-03-31 00:00:00","DATE_TYPE_CODE":"001","REPORT_TYPE":"2021年年报","PER_NETCASH_OPERATE":0.37495919554,"PER_OI":9.238650751946,"BPS":2.511398492241,"BASIC_EPS":-0.08,"DILUTED_EPS":-0.08,"OPERATE_INCOME":88134000000,"OPERATE_INCOME_YOY":-7.6995580504,"GROSS_PROFIT":21473000000,"GROSS_PROFIT_YOY":-11.789836914103,"HOLDER_PROFIT":-739000000,"HOLDER_PROFIT_YOY":-125.7311977716,"GROSS_PROFIT_RATIO":24.364036580661,"EPS_TTM":0.226002802791,"OPERATE_INCOME_QOQ":0,"NET_PROFIT_RATIO":-0.9372092496,"ROE_AVG":-2.945337876886,"GROSS_PROFIT_QOQ":0,"ROA":-1.083792246266,"HOLDER_PROFIT_QOQ":0,"ROE_YEARLY":-2.945337876886,"ROIC_YEARLY":-1.295877391411,"TOTAL_ASSETS":65746000000,"TOTAL_LIABILITIES":40680000000,"TAX_EBT":-64.214711729622,"OCF_SALES":4.058592597635,"TOTAL_PARENT_EQUITY":23958000000,"DEBT_ASSET_RATIO":61.8744866608,"OPERATE_PROFIT":18000000,"PRETAX_PROFIT":-503000000,"NETCASH_OPERATE":3577000000,"NETCASH_INVEST":3301000000,"NETCASH_FINANCE":-3680000000,"END_CASH":11294000000,"DIVI_RATIO":0.758553866955,"DIVIDEND_RATE":7.48031496063,"CURRENT_RATIO":0.989557973778,"COMMON_ACS":null,"CURRENTDEBT_DEBT":83.807767944936,"ISSUED_COMMON_SHARES":9539704700,"HK_COMMON_SHARES":9539704700,"PER_SHARES":500,"TOTAL_MARKET_CAP":24230849938,"HKSK_MARKET_CAP":24230849938,"PE_TTM":-21.055865026514,"PB_TTM":1.019604225915,"REPORT_DATE_SQ":"2020-12-31 00:00:00","REPORT_TYPE_SQ":"2020年年报","OPERATE_INCOME_SQ":95486000000,"DPS_HKD":0.19,"OPERATE_INCOME_QOQ_SQ":-2.506611123023,"NET_PROFIT_RATIO_SQ":3.1899964393,"HOLDER_PROFIT_SQ":2872000000,"HOLDER_PROFIT_QOQ_SQ":-8.242811501597,"ROE_AVG_SQ":11.624706549016,"PE_TTM_SQ":-61.620227428142,"PB_TTM_SQ":0.472914645351,"ROA_SQ":4.050404405802,"START_DATE":"2021-04-01 00:00:00","FISCAL_YEAR":"3-31","CURRENCY":"HKD","IS_CNY_CODE":0,"DPS_HKD_LY":0.13,"ORG_TYPE":"一般企业","PREMIUM_INCOME":null,"PREMIUM_INCOME_YOY":null,"NET_INTEREST_INCOME":null,"NET_INTEREST_INCOME_YOY":null,"FEE_COMMISSION_INCOME":null,"FEE_COMMISSION_INCOME_YOY":null,"ACCOUNTS_RECE_TDAYS":23.920206269507,"INVENTORY_TDAYS":5.408380998742,"CURRENT_ASSETS_TDAYS":2.518078313167,"TOTAL_ASSETS_TDAYS":1.292543245364,"PREMIUM_EXPENSE":null,"LOAN_DEPOSIT":null,"LOAN_EQUITY":null,"LOAN_ASSETS":null,"DEPOSIT_EQUITY":null,"DEPOSIT_ASSETS":null,"EQUITY_MULTIPLIER":2.622915503073,"EQUITY_RATIO":1.697971450038},{"SECUCODE":"06808.HK","SECURITY_CODE":"06808","SECURITY_NAME_ABBR":"高鑫零售","ORG_CODE":"10163748","STD_REPORT_DATE":"2021-06-30 00:00:00","REPORT_DATE":"2021-09-30 00:00:00","DATE_TYPE_CODE":"002","REPORT_TYPE":"2021年中报","PER_NETCASH_OPERATE":0.331037500563,"PER_OI":4.353803530208,"BPS":2.653017131652,"BASIC_EPS":0.01,"DILUTED_EPS":0.01,"OPERATE_INCOME":41534000000,"OPERATE_INCOME_YOY":-4.9695693955,"GROSS_PROFIT":10933000000,"GROSS_PROFIT_YOY":-6.937351038475,"HOLDER_PROFIT":117000000,"HOLDER_PROFIT_YOY":-85.9543817527,"GROSS_PROFIT_RATIO":26.32301247171,"EPS_TTM":0.301057536928,"OPERATE_INCOME_QOQ":0,"NET_PROFIT_RATIO":0.269658593,"ROE_AVG":0.454086781029,"GROSS_PROFIT_QOQ":0,"ROA":0.166866335786,"HOLDER_PROFIT_QOQ":0,"ROE_YEARLY":0.908173562059,"ROIC_YEARLY":0.410109011883,"TOTAL_ASSETS":69605000000,"TOTAL_LIABILITIES":42670000000,"TAX_EBT":61.904761904762,"OCF_SALES":7.603409255068,"TOTAL_PARENT_EQUITY":25309000000,"DEBT_ASSET_RATIO":61.3030673084,"OPERATE_PROFIT":560000000,"PRETAX_PROFIT":294000000,"NETCASH_OPERATE":3158000000,"NETCASH_INVEST":5071000000,"NETCASH_FINANCE":-2402000000,"END_CASH":13923000000,"DIVI_RATIO":0.569443641071,"DIVIDEND_RATE":7.48031496063,"CURRENT_RATIO":1.01436927057,"COMMON_ACS":null,"CURRENTDEBT_DEBT":83.341926411999,"ISSUED_COMMON_SHARES":9539704700,"HK_COMMON_SHARES":9539704700,"PER_SHARES":500,"TOTAL_MARKET_CAP":24230849938,"HKSK_MARKET_CAP":24230849938,"PE_TTM":-21.055865026514,"PB_TTM":1.019604225915,"REPORT_DATE_SQ":"2020-06-30 00:00:00","REPORT_TYPE_SQ":"2020年中报","OPERATE_INCOME_SQ":43706000000,"DPS_HKD":0.19,"OPERATE_INCOME_QOQ_SQ":2.709816793733,"NET_PROFIT_RATIO_SQ":4.1207447809,"HOLDER_PROFIT_SQ":833000000,"HOLDER_PROFIT_QOQ_SQ":10.444601270289,"ROE_AVG_SQ":8.485247520678,"PE_TTM_SQ":-61.620227428142,"PB_TTM_SQ":0.472914645351,"ROA_SQ":3.052214780002,"START_DATE":"2021-04-01 00:00:00","FISCAL_YEAR":"3-31","CURRENCY":"HKD","IS_CNY_CODE":0,"DPS_HKD_LY":0.13,"ORG_TYPE":"一般企业","PREMIUM_INCOME":null,"PREMIUM_INCOME_YOY":null,"NET_INTEREST_INCOME":null,"NET_INTEREST_INCOME_YOY":null,"FEE_COMMISSION_INCOME":null,"FEE_COMMISSION_INCOME_YOY":null,"ACCOUNTS_RECE_TDAYS":10.918506834911,"INVENTORY_TDAYS":2.453477650832,"CURRENT_ASSETS_TDAYS":1.1483473188,"TOTAL_ASSETS_TDAYS":0.592361229962,"PREMIUM_EXPENSE":null,"LOAN_DEPOSIT":null,"LOAN_EQUITY":null,"LOAN_ASSETS":null,"DEPOSIT_EQUITY":null,"DEPOSIT_ASSETS":null,"EQUITY_MULTIPLIER":2.584184147022,"EQUITY_RATIO":1.685961515666},{"SECUCODE":"06808.HK","SECURITY_CODE":"06808","SECURITY_NAME_ABBR":"高鑫零售","ORG_CODE":"10163748","STD_REPORT_DATE":"2020-12-31 00:00:00","REPORT_DATE":"2020-12-31 00:00:00","DATE_TYPE_CODE":"001","REPORT_TYPE":"2020年年报","PER_NETCASH_OPERATE":0.85998469114,"PER_OI":10.009324502466,"BPS":2.671675990138,"BASIC_EPS":0.3,"DILUTED_EPS":0.3,"OPERATE_INCOME":95486000000,"OPERATE_INCOME_YOY":0.1352811015,"GROSS_PROFIT":24343000000,"GROSS_PROFIT_YOY":-5.394271501302,"HOLDER_PROFIT":2872000000,"HOLDER_PROFIT_YOY":1.3408609739,"GROSS_PROFIT_RATIO":25.493789665501,"EPS_TTM":0.301057536928,"OPERATE_INCOME_QOQ":-2.506611123023,"NET_PROFIT_RATIO":3.1899964393,"ROE_AVG":11.624706549016,"GROSS_PROFIT_QOQ":-4.899011602922,"ROA":4.050404405802,"HOLDER_PROFIT_QOQ":-8.242811501597,"ROE_YEARLY":11.624706549016,"ROIC_YEARLY":4.871429540674,"TOTAL_ASSETS":69227000000,"TOTAL_LIABILITIES":41373000000,"TAX_EBT":25.960136120564,"OCF_SALES":8.591835452318,"TOTAL_PARENT_EQUITY":26223000000,"DEBT_ASSET_RATIO":61.5472836167,"OPERATE_PROFIT":4664000000,"PRETAX_PROFIT":4114000000,"NETCASH_OPERATE":8204000000,"NETCASH_INVEST":-10943000000,"NETCASH_FINANCE":-2981000000,"END_CASH":7531000000,"DIVI_RATIO":0.569443641071,"DIVIDEND_RATE":7.48031496063,"CURRENT_RATIO":0.997551783897,"COMMON_ACS":null,"CURRENTDEBT_DEBT":82.459575085201,"ISSUED_COMMON_SHARES":9539704700,"HK_COMMON_SHARES":9539704700,"PER_SHARES":500,"TOTAL_MARKET_CAP":24230849938,"HKSK_MARKET_CAP":24230849938,"PE_TTM":-21.055865026514,"PB_TTM":1.019604225915,"REPORT_DATE_SQ":"2019-12-31 00:00:00","REPORT_TYPE_SQ":"2019年年报","OPERATE_INCOME_SQ":95357000000,"DPS_HKD":0.19,"OPERATE_INCOME_QOQ_SQ":-0.550659644366,"NET_PROFIT_RATIO_SQ":3.1932632109,"HOLDER_PROFIT_SQ":2834000000,"HOLDER_PROFIT_QOQ_SQ":6.062874251497,"ROE_AVG_SQ":12.265212498918,"PE_TTM_SQ":-61.620227428142,"PB_TTM_SQ":0.472914645351,"ROA_SQ":4.262775918475,"START_DATE":"2020-01-01 00:00:00","FISCAL_YEAR":"12-31","CURRENCY":"HKD","IS_CNY_CODE":0,"DPS_HKD_LY":0.15,"ORG_TYPE":"一般企业","PREMIUM_INCOME":null,"PREMIUM_INCOME_YOY":null,"NET_INTEREST_INCOME":null,"NET_INTEREST_INCOME_YOY":null,"FEE_COMMISSION_INCOME":null,"FEE_COMMISSION_INCOME_YOY":null,"ACCOUNTS_RECE_TDAYS":30.65853266977,"INVENTORY_TDAYS":4.357650373637,"CURRENT_ASSETS_TDAYS":2.690276956019,"TOTAL_ASSETS_TDAYS":1.346646640294,"PREMIUM_EXPENSE":null,"LOAN_DEPOSIT":null,"LOAN_EQUITY":null,"LOAN_ASSETS":null,"DEPOSIT_EQUITY":null,"DEPOSIT_ASSETS":null,"EQUITY_MULTIPLIER":2.600596509313,"EQUITY_RATIO":1.577737101018},{"SECUCODE":"06808.HK","SECURITY_CODE":"06808","SECURITY_NAME_ABBR":"高鑫零售","ORG_CODE":"10163748","STD_REPORT_DATE":"2020-06-30 00:00:00","REPORT_DATE":"2020-06-30 00:00:00","DATE_TYPE_CODE":"002","REPORT_TYPE":"2020年中报","PER_NETCASH_OPERATE":0.600018572902,"PER_OI":4.581483533762,"BPS":2.58676770152,"BASIC_EPS":0.09,"DILUTED_EPS":0.09,"OPERATE_INCOME":43706000000,"OPERATE_INCOME_YOY":5.1081326849,"GROSS_PROFIT":11748000000,"GROSS_PROFIT_YOY":-10.919017288444,"HOLDER_PROFIT":833000000,"HOLDER_PROFIT_YOY":16.7610419026,"GROSS_PROFIT_RATIO":24.551438781268,"EPS_TTM":0.328102399228,"OPERATE_INCOME_QOQ":2.709816793733,"NET_PROFIT_RATIO":4.1207447809,"ROE_AVG":8.485247520678,"GROSS_PROFIT_QOQ":-0.520772608915,"ROA":3.052214780002,"HOLDER_PROFIT_QOQ":10.444601270289,"ROE_YEARLY":16.970495041356,"ROIC_YEARLY":7.949726270337,"TOTAL_ASSETS":63929000000,"TOTAL_LIABILITIES":37612000000,"TAX_EBT":33.062130177515,"OCF_SALES":10.765469249577,"TOTAL_PARENT_EQUITY":24677000000,"DEBT_ASSET_RATIO":58.8340189898,"OPERATE_PROFIT":1631000000,"PRETAX_PROFIT":1352000000,"NETCASH_OPERATE":5283000000,"NETCASH_INVEST":-11651000000,"NETCASH_FINANCE":-2135000000,"END_CASH":7227000000,"DIVI_RATIO":0.52250547513,"DIVIDEND_RATE":7.48031496063,"CURRENT_RATIO":0.958500847261,"COMMON_ACS":null,"CURRENTDEBT_DEBT":80.019674571945,"ISSUED_COMMON_SHARES":9539704700,"HK_COMMON_SHARES":9539704700,"PER_SHARES":500,"TOTAL_MARKET_CAP":24230849938,"HKSK_MARKET_CAP":24230849938,"PE_TTM":-21.055865026514,"PB_TTM":1.019604225915,"REPORT_DATE_SQ":"2019-06-30 00:00:00","REPORT_TYPE_SQ":"2019年中报","OPERATE_INCOME_SQ":50586000000,"DPS_HKD":0.19,"OPERATE_INCOME_QOQ_SQ":-3.496412000926,"NET_PROFIT_RATIO_SQ":3.7540030839,"HOLDER_PROFIT_SQ":1766000000,"HOLDER_PROFIT_QOQ_SQ":3.245749613601,"ROE_AVG_SQ":7.819522238704,"PE_TTM_SQ":-61.620227428142,"PB_TTM_SQ":0.472914645351,"ROA_SQ":2.807832038858,"START_DATE":"2020-01-01 00:00:00","FISCAL_YEAR":"12-31","CURRENCY":"HKD","IS_CNY_CODE":0,"DPS_HKD_LY":0.15,"ORG_TYPE":"一般企业","PREMIUM_INCOME":null,"PREMIUM_INCOME_YOY":null,"NET_INTEREST_INCOME":null,"NET_INTEREST_INCOME_YOY":null,"FEE_COMMISSION_INCOME":null,"FEE_COMMISSION_INCOME_YOY":null,"ACCOUNTS_RECE_TDAYS":15.292512246326,"INVENTORY_TDAYS":3.011937833171,"CURRENT_ASSETS_TDAYS":1.672801635992,"TOTAL_ASSETS_TDAYS":0.787033267957,"PREMIUM_EXPENSE":null,"LOAN_DEPOSIT":null,"LOAN_EQUITY":null,"LOAN_ASSETS":null,"DEPOSIT_EQUITY":null,"DEPOSIT_ASSETS":null,"EQUITY_MULTIPLIER":2.429190257247,"EQUITY_RATIO":1.524172306196}],"count":41},"success":true,"message":"ok","code":0}