{"version":"0312bcba1c2bcc0f27754105730695da","result":{"pages":3,"data":[{"SECUCODE":"06812.HK","SECURITY_CODE":"06812","SECURITY_NAME_ABBR":"永顺控股香港","ORG_CODE":"10541899","STD_REPORT_DATE":"2024-06-30 00:00:00","REPORT_DATE":"2024-09-30 00:00:00","DATE_TYPE_CODE":"002","REPORT_TYPE":"2024年中报","PER_NETCASH_OPERATE":0.046024355633,"PER_OI":0.364396806183,"BPS":0.299568626067,"BASIC_EPS":-0.011452733,"DILUTED_EPS":-0.011452733,"OPERATE_INCOME":218638083.71,"OPERATE_INCOME_YOY":3.7392494972,"GROSS_PROFIT":21110002.11,"GROSS_PROFIT_YOY":-42.178361397585,"HOLDER_PROFIT":-6873443.38,"HOLDER_PROFIT_YOY":-159.4076383476,"GROSS_PROFIT_RATIO":9.655226459998,"EPS_TTM":0.016464458917,"OPERATE_INCOME_QOQ":0,"NET_PROFIT_RATIO":-3.1437539441,"ROE_AVG":-3.712471019152,"GROSS_PROFIT_QOQ":0,"ROA":-2.758341159249,"HOLDER_PROFIT_QOQ":0,"ROE_YEARLY":-7.424942038303,"ROIC_YEARLY":-8.933270043307,"TOTAL_ASSETS":244045115.17,"TOTAL_LIABILITIES":64303939.53,"TAX_EBT":-2.44623655914,"OCF_SALES":12.630285132131,"TOTAL_PARENT_EQUITY":179741175.64,"DEBT_ASSET_RATIO":26.3492016569,"OPERATE_PROFIT":-6669638.84,"PRETAX_PROFIT":-6709317.6,"NETCASH_OPERATE":27614613.38,"NETCASH_INVEST":-835057.54,"NETCASH_FINANCE":-4913853.71,"END_CASH":106236272.74,"DIVI_RATIO":0.400293658805,"DIVIDEND_RATE":4.353293413174,"CURRENT_RATIO":3.79813780925,"COMMON_ACS":10000000000,"CURRENTDEBT_DEBT":78.622014668967,"ISSUED_COMMON_SHARES":600000000,"HK_COMMON_SHARES":600000000,"PER_SHARES":5000,"TOTAL_MARKET_CAP":100200000,"HKSK_MARKET_CAP":100200000,"PE_TTM":-10.486656200942,"PB_TTM":0.502719300006,"REPORT_DATE_SQ":"2023-06-30 00:00:00","REPORT_TYPE_SQ":"2023年中报","OPERATE_INCOME_SQ":214459307.3,"DPS_HKD":0.00727,"OPERATE_INCOME_QOQ_SQ":0,"NET_PROFIT_RATIO_SQ":5.489709469,"HOLDER_PROFIT_SQ":11773192.9,"HOLDER_PROFIT_QOQ_SQ":0,"ROE_AVG_SQ":6.030552291422,"PE_TTM_SQ":5.150442477876,"PB_TTM_SQ":0.543379315174,"ROA_SQ":4.628911394049,"START_DATE":"2024-04-01 00:00:00","FISCAL_YEAR":"3-31","CURRENCY":"HKD","IS_CNY_CODE":0,"DPS_HKD_LY":0.00727,"ORG_TYPE":"一般企业","PREMIUM_INCOME":null,"PREMIUM_INCOME_YOY":null,"NET_INTEREST_INCOME":null,"NET_INTEREST_INCOME_YOY":null,"FEE_COMMISSION_INCOME":null,"FEE_COMMISSION_INCOME_YOY":null,"ACCOUNTS_RECE_TDAYS":2.319775341103,"INVENTORY_TDAYS":485.676274944568,"CURRENT_ASSETS_TDAYS":1.113722337701,"TOTAL_ASSETS_TDAYS":0.87740364172,"PREMIUM_EXPENSE":null,"LOAN_DEPOSIT":null,"LOAN_EQUITY":null,"LOAN_ASSETS":null,"DEPOSIT_EQUITY":null,"DEPOSIT_ASSETS":null,"EQUITY_MULTIPLIER":1.357758534187,"EQUITY_RATIO":0.357758534187},{"SECUCODE":"06812.HK","SECURITY_CODE":"06812","SECURITY_NAME_ABBR":"永顺控股香港","ORG_CODE":"10541899","STD_REPORT_DATE":"2023-12-31 00:00:00","REPORT_DATE":"2024-03-31 00:00:00","DATE_TYPE_CODE":"001","REPORT_TYPE":"2023年年报","PER_NETCASH_OPERATE":-0.036091266417,"PER_OI":0.711199051417,"BPS":0.319256691667,"BASIC_EPS":0.0163179,"DILUTED_EPS":0.0163179,"OPERATE_INCOME":426719430.85,"OPERATE_INCOME_YOY":1.8412062389,"GROSS_PROFIT":60339968,"GROSS_PROFIT_YOY":-11.043858948577,"HOLDER_PROFIT":9878675.35,"HOLDER_PROFIT_YOY":-55.9628207719,"GROSS_PROFIT_RATIO":14.140431308649,"EPS_TTM":0.033152040583,"OPERATE_INCOME_QOQ":0,"NET_PROFIT_RATIO":2.3150282447,"ROE_AVG":5.15730563082,"GROSS_PROFIT_QOQ":0,"ROA":3.91245886748,"HOLDER_PROFIT_QOQ":0,"ROE_YEARLY":5.15730563082,"ROIC_YEARLY":7.041111380341,"TOTAL_ASSETS":255672483.4,"TOTAL_LIABILITIES":64118468.4,"TAX_EBT":17.913370998117,"OCF_SALES":-5.074706770879,"TOTAL_PARENT_EQUITY":191554015,"DEBT_ASSET_RATIO":25.0783610138,"OPERATE_PROFIT":12099722.85,"PRETAX_PROFIT":12034451.25,"NETCASH_OPERATE":-21654759.85,"NETCASH_INVEST":-22495131.7,"NETCASH_FINANCE":-10603915.35,"END_CASH":84815911.45,"DIVI_RATIO":0.198799783785,"DIVIDEND_RATE":5.013793103448,"CURRENT_RATIO":4.052946106475,"COMMON_ACS":10000000000,"CURRENTDEBT_DEBT":77.601515665649,"ISSUED_COMMON_SHARES":600000000,"HK_COMMON_SHARES":600000000,"PER_SHARES":5000,"TOTAL_MARKET_CAP":87000000,"HKSK_MARKET_CAP":87000000,"PE_TTM":-9.105180533752,"PB_TTM":0.436492805394,"REPORT_DATE_SQ":"2022-12-31 00:00:00","REPORT_TYPE_SQ":"2022年年报","OPERATE_INCOME_SQ":404611875.77,"DPS_HKD":0.00727,"OPERATE_INCOME_QOQ_SQ":0,"NET_PROFIT_RATIO_SQ":5.3537777182,"HOLDER_PROFIT_SQ":21662020.45,"HOLDER_PROFIT_QOQ_SQ":0,"ROE_AVG_SQ":12.169781858689,"PE_TTM_SQ":5.309734513274,"PB_TTM_SQ":0.560184861004,"ROA_SQ":9.177629504901,"START_DATE":"2023-04-01 00:00:00","FISCAL_YEAR":"3-31","CURRENCY":"HKD","IS_CNY_CODE":0,"DPS_HKD_LY":0.0165,"ORG_TYPE":"一般企业","PREMIUM_INCOME":null,"PREMIUM_INCOME_YOY":null,"NET_INTEREST_INCOME":null,"NET_INTEREST_INCOME_YOY":null,"FEE_COMMISSION_INCOME":null,"FEE_COMMISSION_INCOME_YOY":null,"ACCOUNTS_RECE_TDAYS":4.662773650322,"INVENTORY_TDAYS":1280.97305863708,"CURRENT_ASSETS_TDAYS":2.038186746571,"TOTAL_ASSETS_TDAYS":1.690026407392,"PREMIUM_EXPENSE":null,"LOAN_DEPOSIT":null,"LOAN_EQUITY":null,"LOAN_ASSETS":null,"DEPOSIT_EQUITY":null,"DEPOSIT_ASSETS":null,"EQUITY_MULTIPLIER":1.334727875059,"EQUITY_RATIO":0.334727875059},{"SECUCODE":"06812.HK","SECURITY_CODE":"06812","SECURITY_NAME_ABBR":"永顺控股香港","ORG_CODE":"10541899","STD_REPORT_DATE":"2023-06-30 00:00:00","REPORT_DATE":"2023-09-30 00:00:00","DATE_TYPE_CODE":"002","REPORT_TYPE":"2023年中报","PER_NETCASH_OPERATE":-0.003636873567,"PER_OI":0.357432178833,"BPS":0.32761685075,"BASIC_EPS":0.019637282,"DILUTED_EPS":0.019637282,"OPERATE_INCOME":214459307.3,"OPERATE_INCOME_YOY":-1.0001228444,"GROSS_PROFIT":36508827.18,"GROSS_PROFIT_YOY":-1.739919920614,"HOLDER_PROFIT":11773192.9,"HOLDER_PROFIT_YOY":-14.3238731219,"GROSS_PROFIT_RATIO":17.023661803089,"EPS_TTM":0.036103367417,"OPERATE_INCOME_QOQ":0,"NET_PROFIT_RATIO":5.489709469,"ROE_AVG":6.030552291422,"GROSS_PROFIT_QOQ":0,"ROA":4.628911394049,"HOLDER_PROFIT_QOQ":0,"ROE_YEARLY":12.061104582844,"ROIC_YEARLY":18.052370165046,"TOTAL_ASSETS":256320670.27,"TOTAL_LIABILITIES":59750559.82,"TAX_EBT":17.998210405215,"OCF_SALES":-1.017500320911,"TOTAL_PARENT_EQUITY":196570110.45,"DEBT_ASSET_RATIO":23.3108628177,"OPERATE_PROFIT":14390273.66,"PRETAX_PROFIT":14357238.98,"NETCASH_OPERATE":-2182124.14,"NETCASH_INVEST":-22678307.82,"NETCASH_FINANCE":-9877369.32,"END_CASH":106537760.63,"DIVI_RATIO":0.182548581243,"DIVIDEND_RATE":5.013793103448,"CURRENT_RATIO":4.188327453435,"COMMON_ACS":10000000000,"CURRENTDEBT_DEBT":80.968762478115,"ISSUED_COMMON_SHARES":600000000,"HK_COMMON_SHARES":600000000,"PER_SHARES":5000,"TOTAL_MARKET_CAP":87000000,"HKSK_MARKET_CAP":87000000,"PE_TTM":-9.105180533752,"PB_TTM":0.436492805394,"REPORT_DATE_SQ":"2022-06-30 00:00:00","REPORT_TYPE_SQ":"2022年中报","OPERATE_INCOME_SQ":213512055.24,"DPS_HKD":0.00727,"OPERATE_INCOME_QOQ_SQ":0,"NET_PROFIT_RATIO_SQ":6.3434305781,"HOLDER_PROFIT_SQ":13543989,"HOLDER_PROFIT_QOQ_SQ":0,"ROE_AVG_SQ":7.546114443943,"PE_TTM_SQ":5.309734513274,"PB_TTM_SQ":0.560184861004,"ROA_SQ":5.626906948432,"START_DATE":"2023-04-01 00:00:00","FISCAL_YEAR":"3-31","CURRENCY":"HKD","IS_CNY_CODE":0,"DPS_HKD_LY":0.0165,"ORG_TYPE":"一般企业","PREMIUM_INCOME":null,"PREMIUM_INCOME_YOY":null,"NET_INTEREST_INCOME":null,"NET_INTEREST_INCOME_YOY":null,"FEE_COMMISSION_INCOME":null,"FEE_COMMISSION_INCOME_YOY":null,"ACCOUNTS_RECE_TDAYS":2.617514307794,"INVENTORY_TDAYS":1762.94545454545,"CURRENT_ASSETS_TDAYS":1.01556745717,"TOTAL_ASSETS_TDAYS":0.843197881452,"PREMIUM_EXPENSE":null,"LOAN_DEPOSIT":null,"LOAN_EQUITY":null,"LOAN_ASSETS":null,"DEPOSIT_EQUITY":null,"DEPOSIT_ASSETS":null,"EQUITY_MULTIPLIER":1.303965641996,"EQUITY_RATIO":0.303965641995},{"SECUCODE":"06812.HK","SECURITY_CODE":"06812","SECURITY_NAME_ABBR":"永顺控股香港","ORG_CODE":"10541899","STD_REPORT_DATE":"2022-12-31 00:00:00","REPORT_DATE":"2023-03-31 00:00:00","DATE_TYPE_CODE":"001","REPORT_TYPE":"2022年年报","PER_NETCASH_OPERATE":0.074539702483,"PER_OI":0.674353126283,"BPS":0.308268336417,"BASIC_EPS":0.03589181,"DILUTED_EPS":0.03589181,"OPERATE_INCOME":404611875.77,"OPERATE_INCOME_YOY":-2.4252404024,"GROSS_PROFIT":67831143.85,"GROSS_PROFIT_YOY":9.546770374396,"HOLDER_PROFIT":21662020.45,"HOLDER_PROFIT_YOY":11.9885952209,"GROSS_PROFIT_RATIO":16.764496524209,"EPS_TTM":0.037978188333,"OPERATE_INCOME_QOQ":0,"NET_PROFIT_RATIO":5.3537777182,"ROE_AVG":12.169781858689,"GROSS_PROFIT_QOQ":0,"ROA":9.177629504901,"HOLDER_PROFIT_QOQ":0,"ROE_YEARLY":12.169781858689,"ROIC_YEARLY":18.461182649696,"TOTAL_ASSETS":240749130.33,"TOTAL_LIABILITIES":55788128.48,"TAX_EBT":15.755966363667,"OCF_SALES":11.053511814226,"TOTAL_PARENT_EQUITY":184961001.85,"DEBT_ASSET_RATIO":23.172722744,"OPERATE_PROFIT":25799208.11,"PRETAX_PROFIT":25713417.93,"NETCASH_OPERATE":44411300.12,"NETCASH_INVEST":-2800436.59,"NETCASH_FINANCE":-9444798.49,"END_CASH":134775497.37,"DIVI_RATIO":0.173536937627,"DIVIDEND_RATE":5.013793103448,"CURRENT_RATIO":4.623426276357,"COMMON_ACS":10000000000,"CURRENTDEBT_DEBT":81.264122520713,"ISSUED_COMMON_SHARES":600000000,"HK_COMMON_SHARES":600000000,"PER_SHARES":5000,"TOTAL_MARKET_CAP":87000000,"HKSK_MARKET_CAP":87000000,"PE_TTM":-9.105180533752,"PB_TTM":0.436492805394,"REPORT_DATE_SQ":"2021-12-31 00:00:00","REPORT_TYPE_SQ":"2021年年报","OPERATE_INCOME_SQ":384163271.85,"DPS_HKD":0.00727,"OPERATE_INCOME_QOQ_SQ":0,"NET_PROFIT_RATIO_SQ":4.6647033366,"HOLDER_PROFIT_SQ":17920076.96,"HOLDER_PROFIT_QOQ_SQ":0,"ROE_AVG_SQ":10.936989556007,"PE_TTM_SQ":5.309734513274,"PB_TTM_SQ":0.560184861004,"ROA_SQ":8.173154280494,"START_DATE":"2022-04-01 00:00:00","FISCAL_YEAR":"3-31","CURRENCY":"HKD","IS_CNY_CODE":0,"DPS_HKD_LY":0.01473,"ORG_TYPE":"一般企业","PREMIUM_INCOME":null,"PREMIUM_INCOME_YOY":null,"NET_INTEREST_INCOME":null,"NET_INTEREST_INCOME_YOY":null,"FEE_COMMISSION_INCOME":null,"FEE_COMMISSION_INCOME_YOY":null,"ACCOUNTS_RECE_TDAYS":4.99934560283,"INVENTORY_TDAYS":4964.02580645161,"CURRENT_ASSETS_TDAYS":1.984159248917,"TOTAL_ASSETS_TDAYS":1.714234319772,"PREMIUM_EXPENSE":null,"LOAN_DEPOSIT":null,"LOAN_EQUITY":null,"LOAN_ASSETS":null,"DEPOSIT_EQUITY":null,"DEPOSIT_ASSETS":null,"EQUITY_MULTIPLIER":1.301621033201,"EQUITY_RATIO":0.301621033202},{"SECUCODE":"06812.HK","SECURITY_CODE":"06812","SECURITY_NAME_ABBR":"永顺控股香港","ORG_CODE":"10541899","STD_REPORT_DATE":"2022-06-30 00:00:00","REPORT_DATE":"2022-09-30 00:00:00","DATE_TYPE_CODE":"002","REPORT_TYPE":"2022年中报","PER_NETCASH_OPERATE":0.0417760836,"PER_OI":0.3558534254,"BPS":0.303763711,"BASIC_EPS":0.022611,"DILUTED_EPS":0.022611,"OPERATE_INCOME":213512055.24,"OPERATE_INCOME_YOY":-2.540210714,"GROSS_PROFIT":37155299.64,"GROSS_PROFIT_YOY":15.262924647347,"HOLDER_PROFIT":13543989,"HOLDER_PROFIT_YOY":43.7692012289,"GROSS_PROFIT_RATIO":17.401968051984,"EPS_TTM":0.029866794933,"OPERATE_INCOME_QOQ":0,"NET_PROFIT_RATIO":6.3434305781,"ROE_AVG":7.546114443943,"GROSS_PROFIT_QOQ":0,"ROA":5.626906948432,"HOLDER_PROFIT_QOQ":0,"ROE_YEARLY":15.092228887887,"ROIC_YEARLY":21.354038551348,"TOTAL_ASSETS":242417957.64,"TOTAL_LIABILITIES":60159731.04,"TAX_EBT":19.519535658623,"OCF_SALES":11.739688483549,"TOTAL_PARENT_EQUITY":182258226.6,"DEBT_ASSET_RATIO":24.816532416,"OPERATE_PROFIT":16878659.28,"PRETAX_PROFIT":16828915.08,"NETCASH_OPERATE":25065650.16,"NETCASH_INVEST":-540855.12,"NETCASH_FINANCE":-8851754.28,"END_CASH":121685166.48,"DIVI_RATIO":0.220667082448,"DIVIDEND_RATE":5.013793103448,"CURRENT_RATIO":4.359281885986,"COMMON_ACS":10000000000,"CURRENTDEBT_DEBT":80.22430693367,"ISSUED_COMMON_SHARES":600000000,"HK_COMMON_SHARES":600000000,"PER_SHARES":5000,"TOTAL_MARKET_CAP":87000000,"HKSK_MARKET_CAP":87000000,"PE_TTM":-9.105180533752,"PB_TTM":0.436492805394,"REPORT_DATE_SQ":"2021-06-30 00:00:00","REPORT_TYPE_SQ":"2021年中报","OPERATE_INCOME_SQ":201787125.44,"DPS_HKD":0.00727,"OPERATE_INCOME_QOQ_SQ":0,"NET_PROFIT_RATIO_SQ":4.3001519255,"HOLDER_PROFIT_SQ":8677152.96,"HOLDER_PROFIT_QOQ_SQ":0,"ROE_AVG_SQ":5.309139099852,"PE_TTM_SQ":5.309734513274,"PB_TTM_SQ":0.560184861004,"ROA_SQ":3.938420585961,"START_DATE":"2022-04-01 00:00:00","FISCAL_YEAR":"3-31","CURRENCY":"HKD","IS_CNY_CODE":0,"DPS_HKD_LY":0.01473,"ORG_TYPE":"一般企业","PREMIUM_INCOME":null,"PREMIUM_INCOME_YOY":null,"NET_INTEREST_INCOME":null,"NET_INTEREST_INCOME_YOY":null,"FEE_COMMISSION_INCOME":null,"FEE_COMMISSION_INCOME_YOY":null,"ACCOUNTS_RECE_TDAYS":2.360639180825,"INVENTORY_TDAYS":3481.96428571429,"CURRENT_ASSETS_TDAYS":1.028477200595,"TOTAL_ASSETS_TDAYS":0.887044774773,"PREMIUM_EXPENSE":null,"LOAN_DEPOSIT":null,"LOAN_EQUITY":null,"LOAN_ASSETS":null,"DEPOSIT_EQUITY":null,"DEPOSIT_ASSETS":null,"EQUITY_MULTIPLIER":1.330079646676,"EQUITY_RATIO":0.330079646676},{"SECUCODE":"06812.HK","SECURITY_CODE":"06812","SECURITY_NAME_ABBR":"永顺控股香港","ORG_CODE":"10541899","STD_REPORT_DATE":"2021-12-31 00:00:00","REPORT_DATE":"2022-03-31 00:00:00","DATE_TYPE_CODE":"001","REPORT_TYPE":"2021年年报","PER_NETCASH_OPERATE":0.052057380217,"PER_OI":0.64027211975,"BPS":0.2640891863,"BASIC_EPS":0.03000737,"DILUTED_EPS":0.03000737,"OPERATE_INCOME":384163271.85,"OPERATE_INCOME_YOY":-10.6232794389,"GROSS_PROFIT":61919802.49,"GROSS_PROFIT_YOY":-2.087209176294,"HOLDER_PROFIT":17920076.96,"HOLDER_PROFIT_YOY":-70.0632714168,"GROSS_PROFIT_RATIO":16.11809535873,"EPS_TTM":0.0593422129,"OPERATE_INCOME_QOQ":0,"NET_PROFIT_RATIO":4.6647033366,"ROE_AVG":10.936989556007,"GROSS_PROFIT_QOQ":0,"ROA":8.173154280494,"HOLDER_PROFIT_QOQ":0,"ROE_YEARLY":10.936989556007,"ROIC_YEARLY":14.64227612645,"TOTAL_ASSETS":214295605.33,"TOTAL_LIABILITIES":55842093.55,"TAX_EBT":16.245925252066,"OCF_SALES":8.130508671374,"TOTAL_PARENT_EQUITY":158453511.78,"DEBT_ASSET_RATIO":26.0584408458,"OPERATE_PROFIT":21490142.98,"PRETAX_PROFIT":21396065.82,"NETCASH_OPERATE":31234428.13,"NETCASH_INVEST":-4270778.66,"NETCASH_FINANCE":-30580754.07,"END_CASH":95060915.13,"DIVI_RATIO":0.111061218952,"DIVIDEND_RATE":5.013793103448,"CURRENT_RATIO":4.08244244533,"COMMON_ACS":10000000000,"CURRENTDEBT_DEBT":80.559146031516,"ISSUED_COMMON_SHARES":600000000,"HK_COMMON_SHARES":600000000,"PER_SHARES":5000,"TOTAL_MARKET_CAP":87000000,"HKSK_MARKET_CAP":87000000,"PE_TTM":-9.105180533752,"PB_TTM":0.436492805394,"REPORT_DATE_SQ":"2020-12-31 00:00:00","REPORT_TYPE_SQ":"2020年年报","OPERATE_INCOME_SQ":447934412.66,"DPS_HKD":0.00727,"OPERATE_INCOME_QOQ_SQ":0,"NET_PROFIT_RATIO_SQ":13.9265680102,"HOLDER_PROFIT_SQ":62381890.62,"HOLDER_PROFIT_QOQ_SQ":0,"ROE_AVG_SQ":42.967792638733,"PE_TTM_SQ":5.309734513274,"PB_TTM_SQ":0.560184861004,"ROA_SQ":30.492278710061,"START_DATE":"2021-04-01 00:00:00","FISCAL_YEAR":"3-31","CURRENCY":"HKD","IS_CNY_CODE":0,"DPS_HKD_LY":0.059,"ORG_TYPE":"一般企业","PREMIUM_INCOME":null,"PREMIUM_INCOME_YOY":null,"NET_INTEREST_INCOME":null,"NET_INTEREST_INCOME_YOY":null,"FEE_COMMISSION_INCOME":null,"FEE_COMMISSION_INCOME_YOY":null,"ACCOUNTS_RECE_TDAYS":4.508408920022,"INVENTORY_TDAYS":3044.72030651341,"CURRENT_ASSETS_TDAYS":2.039705983672,"TOTAL_ASSETS_TDAYS":1.752127346739,"PREMIUM_EXPENSE":null,"LOAN_DEPOSIT":null,"LOAN_EQUITY":null,"LOAN_ASSETS":null,"DEPOSIT_EQUITY":null,"DEPOSIT_ASSETS":null,"EQUITY_MULTIPLIER":1.352419412626,"EQUITY_RATIO":0.352419412626},{"SECUCODE":"06812.HK","SECURITY_CODE":"06812","SECURITY_NAME_ABBR":"永顺控股香港","ORG_CODE":"10541899","STD_REPORT_DATE":"2021-06-30 00:00:00","REPORT_DATE":"2021-09-30 00:00:00","DATE_TYPE_CODE":"002","REPORT_TYPE":"2021年中报","PER_NETCASH_OPERATE":0.043038656467,"PER_OI":0.336311875733,"BPS":0.255052426467,"BASIC_EPS":0.014495244,"DILUTED_EPS":0.014495244,"OPERATE_INCOME":201787125.44,"OPERATE_INCOME_YOY":-8.1911042887,"GROSS_PROFIT":32235256.7,"GROSS_PROFIT_YOY":-9.775615357255,"HOLDER_PROFIT":8677152.96,"HOLDER_PROFIT_YOY":-74.1839541973,"GROSS_PROFIT_RATIO":15.974882753154,"EPS_TTM":0.1039698177,"OPERATE_INCOME_QOQ":0,"NET_PROFIT_RATIO":4.3001519255,"ROE_AVG":5.309139099852,"GROSS_PROFIT_QOQ":0,"ROA":3.938420585961,"HOLDER_PROFIT_QOQ":0,"ROE_YEARLY":10.618278199704,"ROIC_YEARLY":14.07586589008,"TOTAL_ASSETS":210330155.74,"TOTAL_LIABILITIES":57298699.86,"TAX_EBT":19.573778086634,"OCF_SALES":12.797245524804,"TOTAL_PARENT_EQUITY":153031455.88,"DEBT_ASSET_RATIO":27.2422656934,"OPERATE_PROFIT":10837277.54,"PRETAX_PROFIT":10788960.06,"NETCASH_OPERATE":25823193.88,"NETCASH_INVEST":-3898720.8,"NETCASH_FINANCE":-30587464.02,"END_CASH":92697918.44,"DIVI_RATIO":0.063389728344,"DIVIDEND_RATE":5.013793103448,"CURRENT_RATIO":3.946195248701,"COMMON_ACS":10000000000,"CURRENTDEBT_DEBT":78.335586862651,"ISSUED_COMMON_SHARES":600000000,"HK_COMMON_SHARES":600000000,"PER_SHARES":5000,"TOTAL_MARKET_CAP":87000000,"HKSK_MARKET_CAP":87000000,"PE_TTM":-9.105180533752,"PB_TTM":0.436492805394,"REPORT_DATE_SQ":"2020-06-30 00:00:00","REPORT_TYPE_SQ":"2020年中报","OPERATE_INCOME_SQ":231837091.2,"DPS_HKD":0.00727,"OPERATE_INCOME_QOQ_SQ":0,"NET_PROFIT_RATIO_SQ":15.2925123657,"HOLDER_PROFIT_SQ":35453715.84,"HOLDER_PROFIT_QOQ_SQ":0,"ROE_AVG_SQ":26.022515825897,"PE_TTM_SQ":5.309734513274,"PB_TTM_SQ":0.560184861004,"ROA_SQ":17.517116819853,"START_DATE":"2021-04-01 00:00:00","FISCAL_YEAR":"3-31","CURRENCY":"HKD","IS_CNY_CODE":0,"DPS_HKD_LY":0.059,"ORG_TYPE":"一般企业","PREMIUM_INCOME":null,"PREMIUM_INCOME_YOY":null,"NET_INTEREST_INCOME":null,"NET_INTEREST_INCOME_YOY":null,"FEE_COMMISSION_INCOME":null,"FEE_COMMISSION_INCOME_YOY":null,"ACCOUNTS_RECE_TDAYS":2.499680089162,"INVENTORY_TDAYS":1583.88326848249,"CURRENT_ASSETS_TDAYS":1.075031732929,"TOTAL_ASSETS_TDAYS":0.915879404775,"PREMIUM_EXPENSE":null,"LOAN_DEPOSIT":null,"LOAN_EQUITY":null,"LOAN_ASSETS":null,"DEPOSIT_EQUITY":null,"DEPOSIT_ASSETS":null,"EQUITY_MULTIPLIER":1.374424326885,"EQUITY_RATIO":0.374424326884},{"SECUCODE":"06812.HK","SECURITY_CODE":"06812","SECURITY_NAME_ABBR":"永顺控股香港","ORG_CODE":"10541899","STD_REPORT_DATE":"2020-12-31 00:00:00","REPORT_DATE":"2021-03-31 00:00:00","DATE_TYPE_CODE":"001","REPORT_TYPE":"2020年年报","PER_NETCASH_OPERATE":0.132157979333,"PER_OI":0.746557354433,"BPS":0.293956421267,"BASIC_EPS":0.10395714,"DILUTED_EPS":0.10395714,"OPERATE_INCOME":447934412.66,"OPERATE_INCOME_YOY":-6.9478315679,"GROSS_PROFIT":63239748.32,"GROSS_PROFIT_YOY":-17.31340519194,"HOLDER_PROFIT":62381890.62,"HOLDER_PROFIT_YOY":256.5307699739,"GROSS_PROFIT_RATIO":14.118082141637,"EPS_TTM":0.074932274867,"OPERATE_INCOME_QOQ":0,"NET_PROFIT_RATIO":13.9265680102,"ROE_AVG":42.967792638733,"GROSS_PROFIT_QOQ":0,"ROA":30.492278710061,"HOLDER_PROFIT_QOQ":0,"ROE_YEARLY":42.967792638733,"ROIC_YEARLY":45.847801375266,"TOTAL_ASSETS":233661843.52,"TOTAL_LIABILITIES":57287990.76,"TAX_EBT":3.744131455399,"OCF_SALES":17.702321000326,"TOTAL_PARENT_EQUITY":176373852.76,"DEBT_ASSET_RATIO":24.5174778633,"OPERATE_PROFIT":64980819.12,"PRETAX_PROFIT":64808402.4,"NETCASH_OPERATE":79294787.6,"NETCASH_INVEST":-7901587.82,"NETCASH_FINANCE":-2761203.06,"END_CASH":102835586.14,"DIVI_RATIO":0.087954336255,"DIVIDEND_RATE":5.013793103448,"CURRENT_RATIO":4.566935932613,"COMMON_ACS":10000000000,"CURRENTDEBT_DEBT":76.889144610664,"ISSUED_COMMON_SHARES":600000000,"HK_COMMON_SHARES":600000000,"PER_SHARES":5000,"TOTAL_MARKET_CAP":87000000,"HKSK_MARKET_CAP":87000000,"PE_TTM":-9.105180533752,"PB_TTM":0.436492805394,"REPORT_DATE_SQ":"2019-12-31 00:00:00","REPORT_TYPE_SQ":"2019年年报","OPERATE_INCOME_SQ":520406058.3,"DPS_HKD":0.00727,"OPERATE_INCOME_QOQ_SQ":2.061500073663,"NET_PROFIT_RATIO_SQ":3.634741967,"HOLDER_PROFIT_SQ":18915417.4,"HOLDER_PROFIT_QOQ_SQ":8.066774691916,"ROE_AVG_SQ":15.982151128679,"PE_TTM_SQ":5.309734513274,"PB_TTM_SQ":0.560184861004,"ROA_SQ":10.368159303648,"START_DATE":"2020-04-01 00:00:00","FISCAL_YEAR":"3-31","CURRENCY":"HKD","IS_CNY_CODE":0,"DPS_HKD_LY":null,"ORG_TYPE":"一般企业","PREMIUM_INCOME":null,"PREMIUM_INCOME_YOY":null,"NET_INTEREST_INCOME":null,"NET_INTEREST_INCOME_YOY":null,"FEE_COMMISSION_INCOME":null,"FEE_COMMISSION_INCOME_YOY":null,"ACCOUNTS_RECE_TDAYS":4.596232731183,"INVENTORY_TDAYS":1974.67678958785,"CURRENT_ASSETS_TDAYS":2.578880397839,"TOTAL_ASSETS_TDAYS":2.189504168422,"PREMIUM_EXPENSE":null,"LOAN_DEPOSIT":null,"LOAN_EQUITY":null,"LOAN_ASSETS":null,"DEPOSIT_EQUITY":null,"DEPOSIT_ASSETS":null,"EQUITY_MULTIPLIER":1.324809997987,"EQUITY_RATIO":0.324809997987},{"SECUCODE":"06812.HK","SECURITY_CODE":"06812","SECURITY_NAME_ABBR":"永顺控股香港","ORG_CODE":"10541899","STD_REPORT_DATE":"2020-06-30 00:00:00","REPORT_DATE":"2020-09-30 00:00:00","DATE_TYPE_CODE":"002","REPORT_TYPE":"2020年中报","PER_NETCASH_OPERATE":0.081256702933,"PER_OI":0.386395152,"BPS":0.256615530667,"BASIC_EPS":0.059049984,"DILUTED_EPS":0.059049984,"OPERATE_INCOME":231837091.2,"OPERATE_INCOME_YOY":-6.6952650062,"GROSS_PROFIT":35727876.48,"GROSS_PROFIT_YOY":-6.531420272168,"HOLDER_PROFIT":35453715.84,"HOLDER_PROFIT_YOY":286.7618865031,"GROSS_PROFIT_RATIO":15.410768093695,"EPS_TTM":0.031525695667,"OPERATE_INCOME_QOQ":0,"NET_PROFIT_RATIO":15.2925123657,"ROE_AVG":26.022515825897,"GROSS_PROFIT_QOQ":0,"ROA":17.517116819853,"HOLDER_PROFIT_QOQ":0,"ROE_YEARLY":52.045031651795,"ROIC_YEARLY":48.942383798685,"TOTAL_ASSETS":222321432.32,"TOTAL_LIABILITIES":68352113.92,"TAX_EBT":7.038846136123,"OCF_SALES":21.029431273334,"TOTAL_PARENT_EQUITY":153969318.4,"DEBT_ASSET_RATIO":30.7447254215,"OPERATE_PROFIT":38246288,"PRETAX_PROFIT":38138205.44,"NETCASH_OPERATE":48754021.76,"NETCASH_INVEST":-3233689.6,"NETCASH_FINANCE":-1611572.48,"END_CASH":79469679.36,"DIVI_RATIO":0.209055450185,"DIVIDEND_RATE":5.013793103448,"CURRENT_RATIO":3.443717318967,"COMMON_ACS":10000000000,"CURRENTDEBT_DEBT":81.132851669966,"ISSUED_COMMON_SHARES":600000000,"HK_COMMON_SHARES":600000000,"PER_SHARES":5000,"TOTAL_MARKET_CAP":87000000,"HKSK_MARKET_CAP":87000000,"PE_TTM":-9.105180533752,"PB_TTM":0.436492805394,"REPORT_DATE_SQ":"2019-06-30 00:00:00","REPORT_TYPE_SQ":"2019年中报","OPERATE_INCOME_SQ":255058661.67,"DPS_HKD":0.00727,"OPERATE_INCOME_QOQ_SQ":2.767765364408,"NET_PROFIT_RATIO_SQ":3.6892565257,"HOLDER_PROFIT_SQ":9409768.32,"HOLDER_PROFIT_QOQ_SQ":3.995809571987,"ROE_AVG_SQ":8.386054326069,"PE_TTM_SQ":5.309734513274,"PB_TTM_SQ":0.560184861004,"ROA_SQ":5.295754056085,"START_DATE":"2020-04-01 00:00:00","FISCAL_YEAR":"3-31","CURRENCY":"HKD","IS_CNY_CODE":0,"DPS_HKD_LY":null,"ORG_TYPE":"一般企业","PREMIUM_INCOME":null,"PREMIUM_INCOME_YOY":null,"NET_INTEREST_INCOME":null,"NET_INTEREST_INCOME_YOY":null,"FEE_COMMISSION_INCOME":null,"FEE_COMMISSION_INCOME_YOY":null,"ACCOUNTS_RECE_TDAYS":2.145383727171,"INVENTORY_TDAYS":798.483005366726,"CURRENT_ASSETS_TDAYS":1.351824952157,"TOTAL_ASSETS_TDAYS":1.145470175271,"PREMIUM_EXPENSE":null,"LOAN_DEPOSIT":null,"LOAN_EQUITY":null,"LOAN_ASSETS":null,"DEPOSIT_EQUITY":null,"DEPOSIT_ASSETS":null,"EQUITY_MULTIPLIER":1.443933340942,"EQUITY_RATIO":0.443933340943}],"count":27},"success":true,"message":"ok","code":0}