{"version":"32c62abf2165653dc3847af0227db9ee","result":{"pages":6,"data":[{"SECUCODE":"06818.HK","SECURITY_CODE":"06818","SECURITY_NAME_ABBR":"中国光大银行","ORG_CODE":"10008223","STD_REPORT_DATE":"2024-09-30 00:00:00","REPORT_DATE":"2024-09-30 00:00:00","DATE_TYPE_CODE":"004","REPORT_TYPE":"2024年三季报","PER_NETCASH_OPERATE":-0.601229900747,"PER_OI":1.734535739443,"BPS":8.043235469013,"BASIC_EPS":0.57,"DILUTED_EPS":0.57,"OPERATE_INCOME":102486000000,"OPERATE_INCOME_YOY":-8.7025076834,"GROSS_PROFIT":null,"GROSS_PROFIT_YOY":null,"HOLDER_PROFIT":38414000000,"HOLDER_PROFIT_YOY":1.9209339347,"GROSS_PROFIT_RATIO":null,"EPS_TTM":0.702642173162,"OPERATE_INCOME_QOQ":-2.231969511757,"NET_PROFIT_RATIO":37.6558749488,"ROE_AVG":6.783755647758,"GROSS_PROFIT_QOQ":null,"ROA":0.562531800202,"HOLDER_PROFIT_QOQ":0.749872594462,"ROE_YEARLY":9.045007530344,"ROIC_YEARLY":0.589897207947,"TOTAL_ASSETS":6884743000000,"TOTAL_LIABILITIES":6302078000000,"TAX_EBT":18.741709304529,"OCF_SALES":-34.6622953379,"TOTAL_PARENT_EQUITY":580138000000,"DEBT_ASSET_RATIO":91.5368663725,"OPERATE_PROFIT":47481000000,"PRETAX_PROFIT":47493000000,"NETCASH_OPERATE":-35524000000,"NETCASH_INVEST":92068000000,"NETCASH_FINANCE":-59817000000,"END_CASH":120165000000,"DIVI_RATIO":0.390670314243,"DIVIDEND_RATE":9.65195543131,"CURRENT_RATIO":null,"COMMON_ACS":null,"CURRENTDEBT_DEBT":null,"ISSUED_COMMON_SHARES":59085551061,"HK_COMMON_SHARES":12678735500,"PER_SHARES":1000,"TOTAL_MARKET_CAP":184937774820.93,"HKSK_MARKET_CAP":39684442115,"PE_TTM":3.973938561251,"PB_TTM":0.350928766275,"REPORT_DATE_SQ":"2023-09-30 00:00:00","REPORT_TYPE_SQ":"2023年三季报","OPERATE_INCOME_SQ":112255000000,"DPS_HKD":0.302106205,"OPERATE_INCOME_QOQ_SQ":-2.105228038568,"NET_PROFIT_RATIO_SQ":33.7677609015,"HOLDER_PROFIT_SQ":37690000000,"HOLDER_PROFIT_QOQ_SQ":0.715225976305,"ROE_AVG_SQ":7.138534734777,"PE_TTM_SQ":2.839265944631,"PB_TTM_SQ":0.298511802501,"ROA_SQ":0.573867076915,"START_DATE":"2024-01-01 00:00:00","FISCAL_YEAR":"12-31","CURRENCY":"HKD","IS_CNY_CODE":0,"DPS_HKD_LY":0.189605664,"ORG_TYPE":"银行","PREMIUM_INCOME":null,"PREMIUM_INCOME_YOY":null,"NET_INTEREST_INCOME":72590000000,"NET_INTEREST_INCOME_YOY":-11.026401588508,"FEE_COMMISSION_INCOME":15172000000,"FEE_COMMISSION_INCOME_YOY":null,"ACCOUNTS_RECE_TDAYS":null,"INVENTORY_TDAYS":null,"CURRENT_ASSETS_TDAYS":null,"TOTAL_ASSETS_TDAYS":0.015007974716,"PREMIUM_EXPENSE":null,"LOAN_DEPOSIT":99.279291376961,"LOAN_EQUITY":6.851858271906,"LOAN_ASSETS":57.988192151835,"DEPOSIT_EQUITY":6.901598688783,"DEPOSIT_ASSETS":58.409151946558,"EQUITY_MULTIPLIER":11.815954279046,"EQUITY_RATIO":10.863067063354},{"SECUCODE":"06818.HK","SECURITY_CODE":"06818","SECURITY_NAME_ABBR":"中国光大银行","ORG_CODE":"10008223","STD_REPORT_DATE":"2024-06-30 00:00:00","REPORT_DATE":"2024-06-30 00:00:00","DATE_TYPE_CODE":"002","REPORT_TYPE":"2024年中报","PER_NETCASH_OPERATE":-2.49013502215,"PER_OI":1.182454910641,"BPS":7.84442205712,"BASIC_EPS":0.37,"DILUTED_EPS":0.37,"OPERATE_INCOME":69866000000,"OPERATE_INCOME_YOY":-8.7088892083,"GROSS_PROFIT":null,"GROSS_PROFIT_YOY":null,"HOLDER_PROFIT":24487000000,"HOLDER_PROFIT_YOY":1.7239946826,"GROSS_PROFIT_RATIO":null,"EPS_TTM":0.697412468193,"OPERATE_INCOME_QOQ":-2.109568020723,"NET_PROFIT_RATIO":35.2245727536,"ROE_AVG":4.369627634991,"GROSS_PROFIT_QOQ":null,"ROA":0.360912606148,"HOLDER_PROFIT_QOQ":0.898628795299,"ROE_YEARLY":8.739255269981,"ROIC_YEARLY":0.759865792316,"TOTAL_ASSETS":6796694000000,"TOTAL_LIABILITIES":6225829000000,"TAX_EBT":17.457655542512,"OCF_SALES":-210.590272807947,"TOTAL_PARENT_EQUITY":568391000000,"DEBT_ASSET_RATIO":91.6008429981,"OPERATE_PROFIT":29805000000,"PRETAX_PROFIT":29815000000,"NETCASH_OPERATE":-147131000000,"NETCASH_INVEST":109946000000,"NETCASH_FINANCE":56526000000,"END_CASH":143456000000,"DIVI_RATIO":0.393599843865,"DIVIDEND_RATE":10.526348606272,"CURRENT_RATIO":null,"COMMON_ACS":null,"CURRENTDEBT_DEBT":null,"ISSUED_COMMON_SHARES":59085551061,"HK_COMMON_SHARES":12678735500,"PER_SHARES":1000,"TOTAL_MARKET_CAP":169575531545.07,"HKSK_MARKET_CAP":36387970885,"PE_TTM":3.643835038591,"PB_TTM":0.321778133933,"REPORT_DATE_SQ":"2023-06-30 00:00:00","REPORT_TYPE_SQ":"2023年中报","OPERATE_INCOME_SQ":76531000000,"DPS_HKD":0.302106205,"OPERATE_INCOME_QOQ_SQ":-0.894079369383,"NET_PROFIT_RATIO_SQ":31.6459996603,"HOLDER_PROFIT_SQ":24072000000,"HOLDER_PROFIT_QOQ_SQ":0.319137229008,"ROE_AVG_SQ":4.601440721948,"PE_TTM_SQ":2.629811899535,"PB_TTM_SQ":0.276490440022,"ROA_SQ":0.368681154668,"START_DATE":"2024-01-01 00:00:00","FISCAL_YEAR":"12-31","CURRENCY":"HKD","IS_CNY_CODE":0,"DPS_HKD_LY":0.189605664,"ORG_TYPE":"银行","PREMIUM_INCOME":null,"PREMIUM_INCOME_YOY":null,"NET_INTEREST_INCOME":48111000000,"NET_INTEREST_INCOME_YOY":-12.098733853434,"FEE_COMMISSION_INCOME":10533000000,"FEE_COMMISSION_INCOME_YOY":null,"ACCOUNTS_RECE_TDAYS":null,"INVENTORY_TDAYS":null,"CURRENT_ASSETS_TDAYS":null,"TOTAL_ASSETS_TDAYS":0.010297513024,"PREMIUM_EXPENSE":null,"LOAN_DEPOSIT":101.523867253233,"LOAN_EQUITY":6.970993141986,"LOAN_ASSETS":58.550465858843,"DEPOSIT_EQUITY":6.866358946511,"DEPOSIT_ASSETS":57.671626823276,"EQUITY_MULTIPLIER":11.905956749871,"EQUITY_RATIO":10.953426426527},{"SECUCODE":"06818.HK","SECURITY_CODE":"06818","SECURITY_NAME_ABBR":"中国光大银行","ORG_CODE":"10008223","STD_REPORT_DATE":"2024-03-31 00:00:00","REPORT_DATE":"2024-03-31 00:00:00","DATE_TYPE_CODE":"003","REPORT_TYPE":"2024年一季报","PER_NETCASH_OPERATE":-2.683058669222,"PER_OI":0.583797550849,"BPS":7.792632745773,"BASIC_EPS":0.18,"DILUTED_EPS":0.18,"OPERATE_INCOME":34494000000,"OPERATE_INCOME_YOY":-9.6116555736,"GROSS_PROFIT":null,"GROSS_PROFIT_YOY":null,"HOLDER_PROFIT":12426000000,"HOLDER_PROFIT_YOY":0.3877847794,"GROSS_PROFIT_RATIO":null,"EPS_TTM":0.691201135754,"OPERATE_INCOME_QOQ":-2.516897107764,"NET_PROFIT_RATIO":36.2236910767,"ROE_AVG":2.223450911765,"GROSS_PROFIT_QOQ":null,"ROA":0.181795252256,"HOLDER_PROFIT_QOQ":0.117670131398,"ROE_YEARLY":8.893803647061,"ROIC_YEARLY":0.765148548871,"TOTAL_ASSETS":6897528000000,"TOTAL_LIABILITIES":6329733000000,"TAX_EBT":16.627744044839,"OCF_SALES":-459.587174581087,"TOTAL_PARENT_EQUITY":565331000000,"DEBT_ASSET_RATIO":91.7681378024,"OPERATE_PROFIT":14980000000,"PRETAX_PROFIT":14987000000,"NETCASH_OPERATE":-158530000000,"NETCASH_INVEST":89992000000,"NETCASH_FINANCE":45009000000,"END_CASH":100323000000,"DIVI_RATIO":0.3971368454,"DIVIDEND_RATE":10.526348606272,"CURRENT_RATIO":null,"COMMON_ACS":null,"CURRENTDEBT_DEBT":null,"ISSUED_COMMON_SHARES":59085551061,"HK_COMMON_SHARES":12678735500,"PER_SHARES":1000,"TOTAL_MARKET_CAP":169575531545.07,"HKSK_MARKET_CAP":36387970885,"PE_TTM":3.643835038591,"PB_TTM":0.321778133933,"REPORT_DATE_SQ":"2023-03-31 00:00:00","REPORT_TYPE_SQ":"2023年一季报","OPERATE_INCOME_SQ":38162000000,"DPS_HKD":0.302106205,"OPERATE_INCOME_QOQ_SQ":-0.426694761795,"NET_PROFIT_RATIO_SQ":32.6345579372,"HOLDER_PROFIT_SQ":12378000000,"HOLDER_PROFIT_QOQ_SQ":1.401566719486,"ROE_AVG_SQ":2.371157620299,"PE_TTM_SQ":2.629811899535,"PB_TTM_SQ":0.276490440022,"ROA_SQ":0.190500814915,"START_DATE":"2024-01-01 00:00:00","FISCAL_YEAR":"12-31","CURRENCY":"HKD","IS_CNY_CODE":0,"DPS_HKD_LY":0.189605664,"ORG_TYPE":"银行","PREMIUM_INCOME":null,"PREMIUM_INCOME_YOY":null,"NET_INTEREST_INCOME":24192000000,"NET_INTEREST_INCOME_YOY":-11.717695142868,"FEE_COMMISSION_INCOME":5498000000,"FEE_COMMISSION_INCOME_YOY":null,"ACCOUNTS_RECE_TDAYS":null,"INVENTORY_TDAYS":null,"CURRENT_ASSETS_TDAYS":null,"TOTAL_ASSETS_TDAYS":0.005046551932,"PREMIUM_EXPENSE":null,"LOAN_DEPOSIT":96.689488168483,"LOAN_EQUITY":7.02379027642,"LOAN_ASSETS":57.818873660245,"DEPOSIT_EQUITY":7.264274958392,"DEPOSIT_ASSETS":59.798510422865,"EQUITY_MULTIPLIER":12.147919583634,"EQUITY_RATIO":11.19650788653},{"SECUCODE":"06818.HK","SECURITY_CODE":"06818","SECURITY_NAME_ABBR":"中国光大银行","ORG_CODE":"10008223","STD_REPORT_DATE":"2023-12-31 00:00:00","REPORT_DATE":"2023-12-31 00:00:00","DATE_TYPE_CODE":"001","REPORT_TYPE":"2023年年报","PER_NETCASH_OPERATE":-0.061165546146,"PER_OI":2.466508264424,"BPS":7.5736282723,"BASIC_EPS":0.62,"DILUTED_EPS":0.61,"OPERATE_INCOME":145735000000,"OPERATE_INCOME_YOY":-4.0364797682,"GROSS_PROFIT":null,"GROSS_PROFIT_YOY":null,"HOLDER_PROFIT":40792000000,"HOLDER_PROFIT_YOY":-8.9606534693,"GROSS_PROFIT_RATIO":null,"EPS_TTM":0.690388754399,"OPERATE_INCOME_QOQ":-0.664576375162,"NET_PROFIT_RATIO":28.185405016,"ROE_AVG":7.694614788253,"GROSS_PROFIT_QOQ":null,"ROA":0.624050259361,"HOLDER_PROFIT_QOQ":-11.140155970897,"ROE_YEARLY":7.694614788253,"ROIC_YEARLY":0.659895373129,"TOTAL_ASSETS":6772796000000,"TOTAL_LIABILITIES":6218011000000,"TAX_EBT":17.446791406234,"OCF_SALES":-2.479843551652,"TOTAL_PARENT_EQUITY":552391000000,"DEBT_ASSET_RATIO":91.8086267474,"OPERATE_PROFIT":49721000000,"PRETAX_PROFIT":49757000000,"NETCASH_OPERATE":-3614000000,"NETCASH_INVEST":-205825000000,"NETCASH_FINANCE":196019000000,"END_CASH":123902000000,"DIVI_RATIO":0.397604156848,"DIVIDEND_RATE":10.526348606272,"CURRENT_RATIO":null,"COMMON_ACS":null,"CURRENTDEBT_DEBT":null,"ISSUED_COMMON_SHARES":59085551061,"HK_COMMON_SHARES":12678735500,"PER_SHARES":1000,"TOTAL_MARKET_CAP":169575531545.07,"HKSK_MARKET_CAP":36387970885,"PE_TTM":3.643835038591,"PB_TTM":0.321778133933,"REPORT_DATE_SQ":"2022-12-31 00:00:00","REPORT_TYPE_SQ":"2022年年报","OPERATE_INCOME_SQ":151865000000,"DPS_HKD":0.302106205,"OPERATE_INCOME_QOQ_SQ":-1.196455524905,"NET_PROFIT_RATIO_SQ":29.657919863,"HOLDER_PROFIT_SQ":44807000000,"HOLDER_PROFIT_QOQ_SQ":-0.236011845123,"ROE_AVG_SQ":9.048519142302,"PE_TTM_SQ":2.629811899535,"PB_TTM_SQ":0.276490440022,"ROA_SQ":0.734385739277,"START_DATE":"2023-01-01 00:00:00","FISCAL_YEAR":"12-31","CURRENCY":"HKD","IS_CNY_CODE":0,"DPS_HKD_LY":0.207936612,"ORG_TYPE":"银行","PREMIUM_INCOME":null,"PREMIUM_INCOME_YOY":null,"NET_INTEREST_INCOME":107480000000,"NET_INTEREST_INCOME_YOY":-5.433108970129,"FEE_COMMISSION_INCOME":23698000000,"FEE_COMMISSION_INCOME_YOY":null,"ACCOUNTS_RECE_TDAYS":null,"INVENTORY_TDAYS":null,"CURRENT_ASSETS_TDAYS":null,"TOTAL_ASSETS_TDAYS":0.022295049164,"PREMIUM_EXPENSE":null,"LOAN_DEPOSIT":94.15412472451,"LOAN_EQUITY":6.948938778085,"LOAN_ASSETS":56.921351241053,"DEPOSIT_EQUITY":7.380386996765,"DEPOSIT_ASSETS":60.455504639443,"EQUITY_MULTIPLIER":12.207965247861,"EQUITY_RATIO":11.256539299156},{"SECUCODE":"06818.HK","SECURITY_CODE":"06818","SECURITY_NAME_ABBR":"中国光大银行","ORG_CODE":"10008223","STD_REPORT_DATE":"2023-09-30 00:00:00","REPORT_DATE":"2023-09-30 00:00:00","DATE_TYPE_CODE":"004","REPORT_TYPE":"2023年三季报","PER_NETCASH_OPERATE":1.322133729773,"PER_OI":1.899872269688,"BPS":7.500598573456,"BASIC_EPS":0.57,"DILUTED_EPS":0.56,"OPERATE_INCOME":112255000000,"OPERATE_INCOME_YOY":-4.3905970531,"GROSS_PROFIT":null,"GROSS_PROFIT_YOY":null,"HOLDER_PROFIT":37690000000,"HOLDER_PROFIT_YOY":3.0034707988,"GROSS_PROFIT_RATIO":null,"EPS_TTM":0.776941217872,"OPERATE_INCOME_QOQ":-2.105228038568,"NET_PROFIT_RATIO":33.7677609015,"ROE_AVG":7.138534734777,"GROSS_PROFIT_QOQ":null,"ROA":0.573867076915,"HOLDER_PROFIT_QOQ":0.715225976305,"ROE_YEARLY":9.518046313036,"ROIC_YEARLY":0.605308356748,"TOTAL_ASSETS":6834936000000,"TOTAL_LIABILITIES":6284532000000,"TAX_EBT":16.569089228331,"OCF_SALES":69.590664112957,"TOTAL_PARENT_EQUITY":548076000000,"DEBT_ASSET_RATIO":91.9471959942,"OPERATE_PROFIT":45408000000,"PRETAX_PROFIT":45434000000,"NETCASH_OPERATE":78119000000,"NETCASH_INVEST":-252953000000,"NETCASH_FINANCE":139870000000,"END_CASH":102859000000,"DIVI_RATIO":0.353310433628,"DIVIDEND_RATE":10.526348606272,"CURRENT_RATIO":null,"COMMON_ACS":null,"CURRENTDEBT_DEBT":null,"ISSUED_COMMON_SHARES":59085551061,"HK_COMMON_SHARES":12678735500,"PER_SHARES":1000,"TOTAL_MARKET_CAP":169575531545.07,"HKSK_MARKET_CAP":36387970885,"PE_TTM":3.643835038591,"PB_TTM":0.321778133933,"REPORT_DATE_SQ":"2022-09-30 00:00:00","REPORT_TYPE_SQ":"2022年三季报","OPERATE_INCOME_SQ":117410000000,"DPS_HKD":0.302106205,"OPERATE_INCOME_QOQ_SQ":-0.638688490678,"NET_PROFIT_RATIO_SQ":31.3116429606,"HOLDER_PROFIT_SQ":36591000000,"HOLDER_PROFIT_QOQ_SQ":1.473080138271,"ROE_AVG_SQ":7.434014512084,"PE_TTM_SQ":2.629811899535,"PB_TTM_SQ":0.276490440022,"ROA_SQ":0.601493995293,"START_DATE":"2023-01-01 00:00:00","FISCAL_YEAR":"12-31","CURRENCY":"HKD","IS_CNY_CODE":0,"DPS_HKD_LY":0.207936612,"ORG_TYPE":"银行","PREMIUM_INCOME":null,"PREMIUM_INCOME_YOY":null,"NET_INTEREST_INCOME":81586000000,"NET_INTEREST_INCOME_YOY":-4.262010373395,"FEE_COMMISSION_INCOME":19099000000,"FEE_COMMISSION_INCOME_YOY":null,"ACCOUNTS_RECE_TDAYS":null,"INVENTORY_TDAYS":null,"CURRENT_ASSETS_TDAYS":null,"TOTAL_ASSETS_TDAYS":0.017091920594,"PREMIUM_EXPENSE":null,"LOAN_DEPOSIT":93.610997223035,"LOAN_EQUITY":6.948312512264,"LOAN_ASSETS":55.953398832118,"DEPOSIT_EQUITY":7.422538717015,"DEPOSIT_ASSETS":59.772249513382,"EQUITY_MULTIPLIER":12.418034752612,"EQUITY_RATIO":11.466533838373},{"SECUCODE":"06818.HK","SECURITY_CODE":"06818","SECURITY_NAME_ABBR":"中国光大银行","ORG_CODE":"10008223","STD_REPORT_DATE":"2023-06-30 00:00:00","REPORT_DATE":"2023-06-30 00:00:00","DATE_TYPE_CODE":"002","REPORT_TYPE":"2023年中报","PER_NETCASH_OPERATE":1.197670136425,"PER_OI":1.29525744663,"BPS":7.336802182863,"BASIC_EPS":0.38,"DILUTED_EPS":0.36,"OPERATE_INCOME":76531000000,"OPERATE_INCOME_YOY":-2.5467649718,"GROSS_PROFIT":null,"GROSS_PROFIT_YOY":null,"HOLDER_PROFIT":24072000000,"HOLDER_PROFIT_YOY":3.3177389588,"GROSS_PROFIT_RATIO":null,"EPS_TTM":0.771423794507,"OPERATE_INCOME_QOQ":-0.894079369383,"NET_PROFIT_RATIO":31.6459996603,"ROE_AVG":4.601440721948,"GROSS_PROFIT_QOQ":null,"ROA":0.368681154668,"HOLDER_PROFIT_QOQ":0.319137229008,"ROE_YEARLY":9.202881443895,"ROIC_YEARLY":0.779088440309,"TOTAL_ASSETS":6757928000000,"TOTAL_LIABILITIES":6217251000000,"TAX_EBT":17.65885832795,"OCF_SALES":92.465798173289,"TOTAL_PARENT_EQUITY":538398000000,"DEBT_ASSET_RATIO":91.9993672617,"OPERATE_PROFIT":29391000000,"PRETAX_PROFIT":29413000000,"NETCASH_OPERATE":70765000000,"NETCASH_INVEST":-126280000000,"NETCASH_FINANCE":39638000000,"END_CASH":122023000000,"DIVI_RATIO":0.355837401626,"DIVIDEND_RATE":10.526348606272,"CURRENT_RATIO":null,"COMMON_ACS":null,"CURRENTDEBT_DEBT":null,"ISSUED_COMMON_SHARES":59085551061,"HK_COMMON_SHARES":12678735500,"PER_SHARES":1000,"TOTAL_MARKET_CAP":169575531545.07,"HKSK_MARKET_CAP":36387970885,"PE_TTM":3.643835038591,"PB_TTM":0.321778133933,"REPORT_DATE_SQ":"2022-06-30 00:00:00","REPORT_TYPE_SQ":"2022年中报","OPERATE_INCOME_SQ":78531000000,"DPS_HKD":0.302106205,"OPERATE_INCOME_QOQ_SQ":0.856706959277,"NET_PROFIT_RATIO_SQ":29.8557257643,"HOLDER_PROFIT_SQ":23299000000,"HOLDER_PROFIT_QOQ_SQ":1.434628165464,"ROE_AVG_SQ":4.789012341999,"PE_TTM_SQ":2.629811899535,"PB_TTM_SQ":0.276490440022,"ROA_SQ":0.383228793462,"START_DATE":"2023-01-01 00:00:00","FISCAL_YEAR":"12-31","CURRENCY":"HKD","IS_CNY_CODE":0,"DPS_HKD_LY":0.207936612,"ORG_TYPE":"银行","PREMIUM_INCOME":null,"PREMIUM_INCOME_YOY":null,"NET_INTEREST_INCOME":54733000000,"NET_INTEREST_INCOME_YOY":-3.426554918394,"FEE_COMMISSION_INCOME":13445000000,"FEE_COMMISSION_INCOME_YOY":null,"ACCOUNTS_RECE_TDAYS":null,"INVENTORY_TDAYS":null,"CURRENT_ASSETS_TDAYS":null,"TOTAL_ASSETS_TDAYS":0.011721310007,"PREMIUM_EXPENSE":null,"LOAN_DEPOSIT":91.760621995987,"LOAN_EQUITY":7.05492188497,"LOAN_ASSETS":56.443838999173,"DEPOSIT_EQUITY":7.688398063909,"DEPOSIT_ASSETS":61.512049255334,"EQUITY_MULTIPLIER":12.499011424595,"EQUITY_RATIO":11.547685912652},{"SECUCODE":"06818.HK","SECURITY_CODE":"06818","SECURITY_NAME_ABBR":"中国光大银行","ORG_CODE":"10008223","STD_REPORT_DATE":"2023-03-31 00:00:00","REPORT_DATE":"2023-03-31 00:00:00","DATE_TYPE_CODE":"003","REPORT_TYPE":"2023年一季报","PER_NETCASH_OPERATE":-0.279983848893,"PER_OI":0.645877026019,"BPS":7.298992600657,"BASIC_EPS":0.19,"DILUTED_EPS":0.18,"OPERATE_INCOME":38162000000,"OPERATE_INCOME_YOY":-1.6696727648,"GROSS_PROFIT":null,"GROSS_PROFIT_YOY":null,"HOLDER_PROFIT":12378000000,"HOLDER_PROFIT_YOY":5.3446808511,"GROSS_PROFIT_RATIO":null,"EPS_TTM":0.768969725832,"OPERATE_INCOME_QOQ":-0.426694761795,"NET_PROFIT_RATIO":32.6345579372,"ROE_AVG":2.371157620299,"GROSS_PROFIT_QOQ":null,"ROA":0.190500814915,"HOLDER_PROFIT_QOQ":1.401566719486,"ROE_YEARLY":9.484630481195,"ROIC_YEARLY":0.805499233985,"TOTAL_ASSETS":6694710000000,"TOTAL_LIABILITIES":6156341000000,"TAX_EBT":19.003642039542,"OCF_SALES":-43.349405167444,"TOTAL_PARENT_EQUITY":536164000000,"DEBT_ASSET_RATIO":91.9582924428,"OPERATE_PROFIT":15361000000,"PRETAX_PROFIT":15376000000,"NETCASH_OPERATE":-16543000000,"NETCASH_INVEST":-67557000000,"NETCASH_FINANCE":55250000000,"END_CASH":107322000000,"DIVI_RATIO":0.35697301125,"DIVIDEND_RATE":10.526348606272,"CURRENT_RATIO":null,"COMMON_ACS":null,"CURRENTDEBT_DEBT":null,"ISSUED_COMMON_SHARES":59085551061,"HK_COMMON_SHARES":12678735500,"PER_SHARES":1000,"TOTAL_MARKET_CAP":169575531545.07,"HKSK_MARKET_CAP":36387970885,"PE_TTM":3.643835038591,"PB_TTM":0.321778133933,"REPORT_DATE_SQ":"2022-03-31 00:00:00","REPORT_TYPE_SQ":"2022年一季报","OPERATE_INCOME_SQ":38810000000,"DPS_HKD":0.302106205,"OPERATE_INCOME_QOQ_SQ":0.007824420015,"NET_PROFIT_RATIO_SQ":30.4947178562,"HOLDER_PROFIT_SQ":11750000000,"HOLDER_PROFIT_QOQ_SQ":0.525260902619,"ROE_AVG_SQ":2.415652606541,"PE_TTM_SQ":2.629811899535,"PB_TTM_SQ":0.276490440022,"ROA_SQ":0.19342678179,"START_DATE":"2023-01-01 00:00:00","FISCAL_YEAR":"12-31","CURRENCY":"HKD","IS_CNY_CODE":0,"DPS_HKD_LY":0.207936612,"ORG_TYPE":"银行","PREMIUM_INCOME":null,"PREMIUM_INCOME_YOY":null,"NET_INTEREST_INCOME":27403000000,"NET_INTEREST_INCOME_YOY":-1.827105649697,"FEE_COMMISSION_INCOME":7311000000,"FEE_COMMISSION_INCOME_YOY":null,"ACCOUNTS_RECE_TDAYS":null,"INVENTORY_TDAYS":null,"CURRENT_ASSETS_TDAYS":null,"TOTAL_ASSETS_TDAYS":0.005873236467,"PREMIUM_EXPENSE":null,"LOAN_DEPOSIT":91.621267779782,"LOAN_EQUITY":7.016785884774,"LOAN_ASSETS":56.426940076568,"DEPOSIT_EQUITY":7.65846844822,"DEPOSIT_ASSETS":61.587163596332,"EQUITY_MULTIPLIER":12.435169929857,"EQUITY_RATIO":11.482197611179},{"SECUCODE":"06818.HK","SECURITY_CODE":"06818","SECURITY_NAME_ABBR":"中国光大银行","ORG_CODE":"10008223","STD_REPORT_DATE":"2022-12-31 00:00:00","REPORT_DATE":"2022-12-31 00:00:00","DATE_TYPE_CODE":"001","REPORT_TYPE":"2022年年报","PER_NETCASH_OPERATE":-1.043789250459,"PER_OI":2.810650280523,"BPS":6.749890503488,"BASIC_EPS":0.74,"DILUTED_EPS":0.67,"OPERATE_INCOME":151865000000,"OPERATE_INCOME_YOY":-0.9787045369,"GROSS_PROFIT":null,"GROSS_PROFIT_YOY":null,"HOLDER_PROFIT":44807000000,"HOLDER_PROFIT_YOY":3.2252862442,"GROSS_PROFIT_RATIO":null,"EPS_TTM":0.829268146837,"OPERATE_INCOME_QOQ":-1.196455524905,"NET_PROFIT_RATIO":29.657919863,"ROE_AVG":9.048519142302,"GROSS_PROFIT_QOQ":null,"ROA":0.734385739277,"HOLDER_PROFIT_QOQ":-0.236011845123,"ROE_YEARLY":9.048519142302,"ROIC_YEARLY":0.781707210375,"TOTAL_ASSETS":6300510000000,"TOTAL_LIABILITIES":5790497000000,"TAX_EBT":19.522567272987,"OCF_SALES":-37.136930826721,"TOTAL_PARENT_EQUITY":507883000000,"DEBT_ASSET_RATIO":91.905210848,"OPERATE_PROFIT":56029000000,"PRETAX_PROFIT":55966000000,"NETCASH_OPERATE":-56398000000,"NETCASH_INVEST":-103094000000,"NETCASH_FINANCE":70566000000,"END_CASH":136664000000,"DIVI_RATIO":0.331016498869,"DIVIDEND_RATE":10.526348606272,"CURRENT_RATIO":null,"COMMON_ACS":null,"CURRENTDEBT_DEBT":null,"ISSUED_COMMON_SHARES":59085551061,"HK_COMMON_SHARES":12678735500,"PER_SHARES":1000,"TOTAL_MARKET_CAP":169575531545.07,"HKSK_MARKET_CAP":36387970885,"PE_TTM":3.643835038591,"PB_TTM":0.321778133933,"REPORT_DATE_SQ":"2021-12-31 00:00:00","REPORT_TYPE_SQ":"2021年年报","OPERATE_INCOME_SQ":153366000000,"DPS_HKD":0.302106205,"OPERATE_INCOME_QOQ_SQ":0.399329649899,"NET_PROFIT_RATIO_SQ":28.4541554191,"HOLDER_PROFIT_SQ":43407000000,"HOLDER_PROFIT_QOQ_SQ":0.256374722838,"ROE_AVG_SQ":9.275406294506,"PE_TTM_SQ":2.629811899535,"PB_TTM_SQ":0.276490440022,"ROA_SQ":0.770298324454,"START_DATE":"2022-01-01 00:00:00","FISCAL_YEAR":"12-31","CURRENCY":"HKD","IS_CNY_CODE":0,"DPS_HKD_LY":0.233005657,"ORG_TYPE":"银行","PREMIUM_INCOME":null,"PREMIUM_INCOME_YOY":null,"NET_INTEREST_INCOME":113655000000,"NET_INTEREST_INCOME_YOY":1.337434800053,"FEE_COMMISSION_INCOME":26744000000,"FEE_COMMISSION_INCOME_YOY":null,"ACCOUNTS_RECE_TDAYS":null,"INVENTORY_TDAYS":null,"CURRENT_ASSETS_TDAYS":null,"TOTAL_ASSETS_TDAYS":0.024890639921,"PREMIUM_EXPENSE":null,"LOAN_DEPOSIT":92.65188523954,"LOAN_EQUITY":7.116151941225,"LOAN_ASSETS":57.603749537736,"DEPOSIT_EQUITY":7.680525790519,"DEPOSIT_ASSETS":62.172236850668,"EQUITY_MULTIPLIER":12.353626280098,"EQUITY_RATIO":11.401242018339},{"SECUCODE":"06818.HK","SECURITY_CODE":"06818","SECURITY_NAME_ABBR":"中国光大银行","ORG_CODE":"10008223","STD_REPORT_DATE":"2022-09-30 00:00:00","REPORT_DATE":"2022-09-30 00:00:00","DATE_TYPE_CODE":"004","REPORT_TYPE":"2022年三季报","PER_NETCASH_OPERATE":-2.398655747021,"PER_OI":2.172974377779,"BPS":6.649172140146,"BASIC_EPS":0.59,"DILUTED_EPS":0.53,"OPERATE_INCOME":117410000000,"OPERATE_INCOME_YOY":0.2887112204,"GROSS_PROFIT":null,"GROSS_PROFIT_YOY":null,"HOLDER_PROFIT":36591000000,"HOLDER_PROFIT_YOY":4.2924326635,"GROSS_PROFIT_RATIO":null,"EPS_TTM":0.831230714839,"OPERATE_INCOME_QOQ":-0.638688490678,"NET_PROFIT_RATIO":31.3116429606,"ROE_AVG":7.434014512084,"GROSS_PROFIT_QOQ":null,"ROA":0.601493995293,"HOLDER_PROFIT_QOQ":1.473080138271,"ROE_YEARLY":9.912019349445,"ROIC_YEARLY":0.639609539448,"TOTAL_ASSETS":6264636000000,"TOTAL_LIABILITIES":5760672000000,"TAX_EBT":20.090857714211,"OCF_SALES":-110.385827442296,"TOTAL_PARENT_EQUITY":501932000000,"DEBT_ASSET_RATIO":91.9554144886,"OPERATE_PROFIT":46059000000,"PRETAX_PROFIT":46006000000,"NETCASH_OPERATE":-129604000000,"NETCASH_INVEST":-65942000000,"NETCASH_FINANCE":84803000000,"END_CASH":115217000000,"DIVI_RATIO":0.330234956059,"DIVIDEND_RATE":10.526348606272,"CURRENT_RATIO":null,"COMMON_ACS":null,"CURRENTDEBT_DEBT":null,"ISSUED_COMMON_SHARES":59085551061,"HK_COMMON_SHARES":12678735500,"PER_SHARES":1000,"TOTAL_MARKET_CAP":169575531545.07,"HKSK_MARKET_CAP":36387970885,"PE_TTM":3.643835038591,"PB_TTM":0.321778133933,"REPORT_DATE_SQ":"2021-09-30 00:00:00","REPORT_TYPE_SQ":"2021年三季报","OPERATE_INCOME_SQ":117072000000,"DPS_HKD":0.302106205,"OPERATE_INCOME_QOQ_SQ":3.423855273225,"NET_PROFIT_RATIO_SQ":30.1071135711,"HOLDER_PROFIT_SQ":35085000000,"HOLDER_PROFIT_QOQ_SQ":3.339141227296,"ROE_AVG_SQ":7.564601502787,"PE_TTM_SQ":2.629811899535,"PB_TTM_SQ":0.276490440022,"ROA_SQ":0.6347893896,"START_DATE":"2022-01-01 00:00:00","FISCAL_YEAR":"12-31","CURRENCY":"HKD","IS_CNY_CODE":0,"DPS_HKD_LY":0.233005657,"ORG_TYPE":"银行","PREMIUM_INCOME":null,"PREMIUM_INCOME_YOY":null,"NET_INTEREST_INCOME":85218000000,"NET_INTEREST_INCOME_YOY":1.45724694621,"FEE_COMMISSION_INCOME":21554000000,"FEE_COMMISSION_INCOME_YOY":null,"ACCOUNTS_RECE_TDAYS":null,"INVENTORY_TDAYS":null,"CURRENT_ASSETS_TDAYS":null,"TOTAL_ASSETS_TDAYS":0.019300213164,"PREMIUM_EXPENSE":null,"LOAN_DEPOSIT":90.332344352342,"LOAN_EQUITY":7.133031327635,"LOAN_ASSETS":57.382280470885,"DEPOSIT_EQUITY":7.896431094285,"DEPOSIT_ASSETS":63.523515173108,"EQUITY_MULTIPLIER":12.430721242044,"EQUITY_RATIO":11.47699688404}],"count":51},"success":true,"message":"ok","code":0}