{"version":"5b6a503295a7bf866caccf738a27618f","result":{"pages":2,"data":[{"SECUCODE":"06811.HK","SECURITY_CODE":"06811","SECURITY_NAME_ABBR":"太兴集团","ORG_CODE":"11004395","STD_REPORT_DATE":"2024-06-30 00:00:00","REPORT_DATE":"2024-06-30 00:00:00","DATE_TYPE_CODE":"002","REPORT_TYPE":"2024年中报","PER_NETCASH_OPERATE":0.278117129896,"PER_OI":1.46378258566,"BPS":0.83173698645,"BASIC_EPS":0.009765676,"DILUTED_EPS":0.009765676,"OPERATE_INCOME":1471685547.84,"OPERATE_INCOME_YOY":2.8245885551,"GROSS_PROFIT":1084418995.6,"GROSS_PROFIT_YOY":2.01092498863,"HOLDER_PROFIT":9783016.92,"HOLDER_PROFIT_YOY":-76.3513215373,"GROSS_PROFIT_RATIO":73.685509597591,"EPS_TTM":0.052744643032,"OPERATE_INCOME_QOQ":0.887838795615,"NET_PROFIT_RATIO":0.664811149,"ROE_AVG":1.128571797076,"GROSS_PROFIT_QOQ":0.995594158778,"ROA":0.423449519575,"HOLDER_PROFIT_QOQ":-37.638912938947,"ROE_YEARLY":2.257143594152,"ROIC_YEARLY":0.960230476814,"TOTAL_ASSETS":2264433007.08,"TOTAL_LIABILITIES":1428072221.36,"TAX_EBT":32.519199294977,"OCF_SALES":18.99989333254,"TOTAL_PARENT_EQUITY":836227534.44,"DEBT_ASSET_RATIO":63.0653332156,"OPERATE_PROFIT":30789259.8,"PRETAX_PROFIT":14498834.48,"NETCASH_OPERATE":279618684.28,"NETCASH_INVEST":-73092890.48,"NETCASH_FINANCE":-271949434.24,"END_CASH":189853868.24,"DIVI_RATIO":1.0339381758,"DIVIDEND_RATE":7.317073170732,"CURRENT_RATIO":0.653739287023,"COMMON_ACS":10000000000,"CURRENTDEBT_DEBT":49.544769547173,"ISSUED_COMMON_SHARES":1005399000,"HK_COMMON_SHARES":1005399000,"PER_SHARES":1000,"TOTAL_MARKET_CAP":824427180,"HKSK_MARKET_CAP":824427180,"PE_TTM":13.919316213341,"PB_TTM":0.89980079303,"REPORT_DATE_SQ":"2023-06-30 00:00:00","REPORT_TYPE_SQ":"2023年中报","OPERATE_INCOME_SQ":1445842582.14,"DPS_HKD":0.06,"OPERATE_INCOME_QOQ_SQ":16.931238754584,"NET_PROFIT_RATIO_SQ":2.8909706905,"HOLDER_PROFIT_SQ":41789665.48,"HOLDER_PROFIT_QOQ_SQ":224.851953063767,"ROE_AVG_SQ":4.734646296037,"PE_TTM_SQ":15.635207106005,"PB_TTM_SQ":0.889531735639,"ROA_SQ":1.808822549344,"START_DATE":"2024-01-01 00:00:00","FISCAL_YEAR":"12-31","CURRENCY":"HKD","IS_CNY_CODE":0,"DPS_HKD_LY":0.06,"ORG_TYPE":"一般企业","PREMIUM_INCOME":null,"PREMIUM_INCOME_YOY":null,"NET_INTEREST_INCOME":null,"NET_INTEREST_INCOME_YOY":null,"FEE_COMMISSION_INCOME":null,"FEE_COMMISSION_INCOME_YOY":null,"ACCOUNTS_RECE_TDAYS":42.476930574398,"INVENTORY_TDAYS":5.316468701448,"CURRENT_ASSETS_TDAYS":3.005661870309,"TOTAL_ASSETS_TDAYS":0.637006501465,"PREMIUM_EXPENSE":null,"LOAN_DEPOSIT":null,"LOAN_EQUITY":null,"LOAN_ASSETS":null,"DEPOSIT_EQUITY":null,"DEPOSIT_ASSETS":null,"EQUITY_MULTIPLIER":2.70748347572,"EQUITY_RATIO":1.707755559994},{"SECUCODE":"06811.HK","SECURITY_CODE":"06811","SECURITY_NAME_ABBR":"太兴集团","ORG_CODE":"11004395","STD_REPORT_DATE":"2023-12-31 00:00:00","REPORT_DATE":"2023-12-31 00:00:00","DATE_TYPE_CODE":"001","REPORT_TYPE":"2023年年报","PER_NETCASH_OPERATE":0.617371326568,"PER_OI":2.895141427891,"BPS":0.886333435701,"BASIC_EPS":0.084550326,"DILUTED_EPS":0.084550326,"OPERATE_INCOME":2910772296.46,"OPERATE_INCOME_YOY":20.0670537828,"GROSS_PROFIT":2147157794.32,"GROSS_PROFIT_YOY":23.752490223326,"HOLDER_PROFIT":85036059.92,"HOLDER_PROFIT_YOY":317.4495400088,"GROSS_PROFIT_RATIO":73.765914184745,"EPS_TTM":0.084579415655,"OPERATE_INCOME_QOQ":4.17036777577,"NET_PROFIT_RATIO":2.9218619094,"ROE_AVG":9.687446767874,"GROSS_PROFIT_QOQ":4.959874938986,"ROA":3.683974244844,"HOLDER_PROFIT_QOQ":76.690844668313,"ROE_YEARLY":9.687446767874,"ROIC_YEARLY":4.188082558374,"TOTAL_ASSETS":2339519301.28,"TOTAL_LIABILITIES":1447298587.84,"TAX_EBT":19.065523724107,"OCF_SALES":21.324392674579,"TOTAL_PARENT_EQUITY":891118749.92,"DEBT_ASSET_RATIO":61.8630753355,"OPERATE_PROFIT":132287276.94,"PRETAX_PROFIT":105083458.76,"NETCASH_OPERATE":620704514.36,"NETCASH_INVEST":-138287359.56,"NETCASH_FINANCE":-443392602.94,"END_CASH":256593474.34,"DIVI_RATIO":0.644775085968,"DIVIDEND_RATE":8.695652173913,"CURRENT_RATIO":0.707408314425,"COMMON_ACS":10000000000,"CURRENTDEBT_DEBT":50.11320716912,"ISSUED_COMMON_SHARES":1005399000,"HK_COMMON_SHARES":1005399000,"PER_SHARES":1000,"TOTAL_MARKET_CAP":693725310,"HKSK_MARKET_CAP":693725310,"PE_TTM":11.712595350251,"PB_TTM":0.757149447793,"REPORT_DATE_SQ":"2022-12-31 00:00:00","REPORT_TYPE_SQ":"2022年年报","OPERATE_INCOME_SQ":2389645532.82,"DPS_HKD":0.06,"OPERATE_INCOME_QOQ_SQ":1.247101192694,"NET_PROFIT_RATIO_SQ":-1.6101430715,"HOLDER_PROFIT_SQ":-38547280.31,"HOLDER_PROFIT_QOQ_SQ":-537.164578015911,"ROE_AVG_SQ":-4.215255134635,"PE_TTM_SQ":14.531545427934,"PB_TTM_SQ":0.826741260182,"ROA_SQ":-1.643471776525,"START_DATE":"2023-01-01 00:00:00","FISCAL_YEAR":"12-31","CURRENCY":"HKD","IS_CNY_CODE":0,"DPS_HKD_LY":0.059,"ORG_TYPE":"一般企业","PREMIUM_INCOME":null,"PREMIUM_INCOME_YOY":null,"NET_INTEREST_INCOME":null,"NET_INTEREST_INCOME_YOY":null,"FEE_COMMISSION_INCOME":null,"FEE_COMMISSION_INCOME_YOY":null,"ACCOUNTS_RECE_TDAYS":97.471944891209,"INVENTORY_TDAYS":9.560373729982,"CURRENT_ASSETS_TDAYS":5.746610083068,"TOTAL_ASSETS_TDAYS":1.261019170321,"PREMIUM_EXPENSE":null,"LOAN_DEPOSIT":null,"LOAN_EQUITY":null,"LOAN_ASSETS":null,"DEPOSIT_EQUITY":null,"DEPOSIT_ASSETS":null,"EQUITY_MULTIPLIER":2.62213067466,"EQUITY_RATIO":1.624136612511},{"SECUCODE":"06811.HK","SECURITY_CODE":"06811","SECURITY_NAME_ABBR":"太兴集团","ORG_CODE":"11004395","STD_REPORT_DATE":"2023-06-30 00:00:00","REPORT_DATE":"2023-06-30 00:00:00","DATE_TYPE_CODE":"002","REPORT_TYPE":"2023年中报","PER_NETCASH_OPERATE":0.292380928666,"PER_OI":1.438078396875,"BPS":0.88100622901,"BASIC_EPS":0.041581298,"DILUTED_EPS":0.041581298,"OPERATE_INCOME":1445842582.14,"OPERATE_INCOME_YOY":28.7979000641,"GROSS_PROFIT":1063042018.02,"GROSS_PROFIT_YOY":41.288662770399,"HOLDER_PROFIT":41789665.48,"HOLDER_PROFIT_YOY":186.3599123559,"GROSS_PROFIT_RATIO":73.524049654603,"EPS_TTM":0.047868589804,"OPERATE_INCOME_QOQ":16.931238754584,"NET_PROFIT_RATIO":2.8909706905,"ROE_AVG":4.734646296037,"GROSS_PROFIT_QOQ":17.904570956534,"ROA":1.808822549344,"HOLDER_PROFIT_QOQ":224.851953063767,"ROE_YEARLY":9.469292592074,"ROIC_YEARLY":4.113368561263,"TOTAL_ASSETS":2304028941.98,"TOTAL_LIABILITIES":1417169926.12,"TAX_EBT":24.908073011561,"OCF_SALES":20.331362274924,"TOTAL_PARENT_EQUITY":885762781.64,"DEBT_ASSET_RATIO":61.5083387322,"OPERATE_PROFIT":69142968.12,"PRETAX_PROFIT":55663620.52,"NETCASH_OPERATE":293959493.3,"NETCASH_INVEST":-33871701.24,"NETCASH_FINANCE":-215352400.48,"END_CASH":264580600.6,"DIVI_RATIO":1.139258545608,"DIVIDEND_RATE":8.695652173913,"CURRENT_RATIO":0.735950686649,"COMMON_ACS":10000000000,"CURRENTDEBT_DEBT":50.43848977356,"ISSUED_COMMON_SHARES":1005399000,"HK_COMMON_SHARES":1005399000,"PER_SHARES":1000,"TOTAL_MARKET_CAP":693725310,"HKSK_MARKET_CAP":693725310,"PE_TTM":11.712595350251,"PB_TTM":0.757149447793,"REPORT_DATE_SQ":"2022-06-30 00:00:00","REPORT_TYPE_SQ":"2022年中报","OPERATE_INCOME_SQ":1041245991.59,"DPS_HKD":0.06,"OPERATE_INCOME_QOQ_SQ":-9.022031156758,"NET_PROFIT_RATIO_SQ":-4.3850780372,"HOLDER_PROFIT_SQ":-44884647.15,"HOLDER_PROFIT_QOQ_SQ":-89.184588573525,"ROE_AVG_SQ":-5.063824839998,"PE_TTM_SQ":14.531545427934,"PB_TTM_SQ":0.826741260182,"ROA_SQ":-1.978201527043,"START_DATE":"2023-01-01 00:00:00","FISCAL_YEAR":"12-31","CURRENCY":"HKD","IS_CNY_CODE":0,"DPS_HKD_LY":0.059,"ORG_TYPE":"一般企业","PREMIUM_INCOME":null,"PREMIUM_INCOME_YOY":null,"NET_INTEREST_INCOME":null,"NET_INTEREST_INCOME_YOY":null,"FEE_COMMISSION_INCOME":null,"FEE_COMMISSION_INCOME_YOY":null,"ACCOUNTS_RECE_TDAYS":62.513922385442,"INVENTORY_TDAYS":4.845783512193,"CURRENT_ASSETS_TDAYS":2.794662993183,"TOTAL_ASSETS_TDAYS":0.625818042652,"PREMIUM_EXPENSE":null,"LOAN_DEPOSIT":null,"LOAN_EQUITY":null,"LOAN_ASSETS":null,"DEPOSIT_EQUITY":null,"DEPOSIT_ASSETS":null,"EQUITY_MULTIPLIER":2.597965291866,"EQUITY_RATIO":1.599942959328},{"SECUCODE":"06811.HK","SECURITY_CODE":"06811","SECURITY_NAME_ABBR":"太兴集团","ORG_CODE":"11004395","STD_REPORT_DATE":"2022-12-31 00:00:00","REPORT_DATE":"2022-12-31 00:00:00","DATE_TYPE_CODE":"001","REPORT_TYPE":"2022年年报","PER_NETCASH_OPERATE":0.458978113008,"PER_OI":2.376813118792,"BPS":0.847544730182,"BASIC_EPS":-0.03841061,"DILUTED_EPS":-0.03841061,"OPERATE_INCOME":2389645532.82,"OPERATE_INCOME_YOY":-15.690411711,"GROSS_PROFIT":1735042091.23,"GROSS_PROFIT_YOY":-7.522914903856,"HOLDER_PROFIT":-38547280.31,"HOLDER_PROFIT_YOY":-143.2759035661,"GROSS_PROFIT_RATIO":72.606671885034,"EPS_TTM":-0.038340281132,"OPERATE_INCOME_QOQ":1.247101192694,"NET_PROFIT_RATIO":-1.6101430715,"ROE_AVG":-4.215255134635,"GROSS_PROFIT_QOQ":1.315086297359,"ROA":-1.643471776525,"HOLDER_PROFIT_QOQ":-537.164578015911,"ROE_YEARLY":-4.215255134635,"ROIC_YEARLY":-1.912229240627,"TOTAL_ASSETS":2244481118.39,"TOTAL_LIABILITIES":1391259985.57,"TAX_EBT":0.888173032674,"OCF_SALES":19.310652124018,"TOTAL_PARENT_EQUITY":852120624.18,"DEBT_ASSET_RATIO":61.9858181996,"OPERATE_PROFIT":-12520072.32,"PRETAX_PROFIT":-38821514.2,"NETCASH_OPERATE":461456135.84,"NETCASH_INVEST":-194790922.55,"NETCASH_FINANCE":-451682868.77,"END_CASH":214911829.3,"DIVI_RATIO":-1.422386544637,"DIVIDEND_RATE":8.695652173913,"CURRENT_RATIO":0.712133415944,"COMMON_ACS":10000000000,"CURRENTDEBT_DEBT":49.741539437467,"ISSUED_COMMON_SHARES":1005399000,"HK_COMMON_SHARES":1005399000,"PER_SHARES":1000,"TOTAL_MARKET_CAP":693725310,"HKSK_MARKET_CAP":693725310,"PE_TTM":11.712595350251,"PB_TTM":0.757149447793,"REPORT_DATE_SQ":"2021-12-31 00:00:00","REPORT_TYPE_SQ":"2021年年报","OPERATE_INCOME_SQ":2594266875.2,"DPS_HKD":0.06,"OPERATE_INCOME_QOQ_SQ":6.882999453001,"NET_PROFIT_RATIO_SQ":3.0051745541,"HOLDER_PROFIT_SQ":81527801.6,"HOLDER_PROFIT_QOQ_SQ":-32.211997376126,"ROE_AVG_SQ":9.186206871138,"PE_TTM_SQ":14.531545427934,"PB_TTM_SQ":0.826741260182,"ROA_SQ":3.349876222282,"START_DATE":"2022-01-01 00:00:00","FISCAL_YEAR":"12-31","CURRENCY":"HKD","IS_CNY_CODE":0,"DPS_HKD_LY":0.0745,"ORG_TYPE":"一般企业","PREMIUM_INCOME":null,"PREMIUM_INCOME_YOY":null,"NET_INTEREST_INCOME":null,"NET_INTEREST_INCOME_YOY":null,"FEE_COMMISSION_INCOME":null,"FEE_COMMISSION_INCOME_YOY":null,"ACCOUNTS_RECE_TDAYS":95.97524530468,"INVENTORY_TDAYS":7.87589942555,"CURRENT_ASSETS_TDAYS":4.155546028166,"TOTAL_ASSETS_TDAYS":1.018830630204,"PREMIUM_EXPENSE":null,"LOAN_DEPOSIT":null,"LOAN_EQUITY":null,"LOAN_ASSETS":null,"DEPOSIT_EQUITY":null,"DEPOSIT_ASSETS":null,"EQUITY_MULTIPLIER":2.630597194622,"EQUITY_RATIO":1.632703101053},{"SECUCODE":"06811.HK","SECURITY_CODE":"06811","SECURITY_NAME_ABBR":"太兴集团","ORG_CODE":"11004395","STD_REPORT_DATE":"2022-06-30 00:00:00","REPORT_DATE":"2022-06-30 00:00:00","DATE_TYPE_CODE":"002","REPORT_TYPE":"2022年中报","PER_NETCASH_OPERATE":0.166943365318,"PER_OI":1.037515087336,"BPS":0.833079565377,"BASIC_EPS":-0.044726437,"DILUTED_EPS":-0.044726437,"OPERATE_INCOME":1041245991.59,"OPERATE_INCOME_YOY":-20.5593256722,"GROSS_PROFIT":752390175.67,"GROSS_PROFIT_YOY":-17.866282082506,"HOLDER_PROFIT":-44884647.15,"HOLDER_PROFIT_YOY":-256.9480577734,"GROSS_PROFIT_RATIO":72.258638376229,"EPS_TTM":0.008785972812,"OPERATE_INCOME_QOQ":-9.022031156758,"NET_PROFIT_RATIO":-4.3850780372,"ROE_AVG":-5.063824839998,"GROSS_PROFIT_QOQ":-8.723282508269,"ROA":-1.978201527043,"HOLDER_PROFIT_QOQ":-89.184588573525,"ROE_YEARLY":-10.127649679995,"ROIC_YEARLY":-4.624478633759,"TOTAL_ASSETS":2195741374.12,"TOTAL_LIABILITIES":1357750100.21,"TAX_EBT":11.673035882674,"OCF_SALES":16.090692786645,"TOTAL_PARENT_EQUITY":837577361.95,"DEBT_ASSET_RATIO":61.8356112524,"OPERATE_PROFIT":-38934235.13,"PRETAX_PROFIT":-51693669.93,"NETCASH_OPERATE":167543693.66,"NETCASH_INVEST":-42856136.47,"NETCASH_FINANCE":-242938099.25,"END_CASH":266686725.55,"DIVI_RATIO":6.207018979953,"DIVIDEND_RATE":8.695652173913,"CURRENT_RATIO":0.777352119561,"COMMON_ACS":10000000000,"CURRENTDEBT_DEBT":47.417046103729,"ISSUED_COMMON_SHARES":1005399000,"HK_COMMON_SHARES":1005399000,"PER_SHARES":1000,"TOTAL_MARKET_CAP":693725310,"HKSK_MARKET_CAP":693725310,"PE_TTM":11.712595350251,"PB_TTM":0.757149447793,"REPORT_DATE_SQ":"2021-06-30 00:00:00","REPORT_TYPE_SQ":"2021年中报","OPERATE_INCOME_SQ":1275301557.36,"DPS_HKD":0.06,"OPERATE_INCOME_QOQ_SQ":3.072756697733,"NET_PROFIT_RATIO_SQ":2.0765763209,"HOLDER_PROFIT_SQ":27825587.28,"HOLDER_PROFIT_QOQ_SQ":20.123844106667,"ROE_AVG_SQ":3.140825757007,"PE_TTM_SQ":14.531545427934,"PB_TTM_SQ":0.826741260182,"ROA_SQ":1.065403428241,"START_DATE":"2022-01-01 00:00:00","FISCAL_YEAR":"12-31","CURRENCY":"HKD","IS_CNY_CODE":0,"DPS_HKD_LY":0.0745,"ORG_TYPE":"一般企业","PREMIUM_INCOME":null,"PREMIUM_INCOME_YOY":null,"NET_INTEREST_INCOME":null,"NET_INTEREST_INCOME_YOY":null,"FEE_COMMISSION_INCOME":null,"FEE_COMMISSION_INCOME_YOY":null,"ACCOUNTS_RECE_TDAYS":50.782490824157,"INVENTORY_TDAYS":3.765046844607,"CURRENT_ASSETS_TDAYS":1.843366370961,"TOTAL_ASSETS_TDAYS":0.458908455648,"PREMIUM_EXPENSE":null,"LOAN_DEPOSIT":null,"LOAN_EQUITY":null,"LOAN_ASSETS":null,"DEPOSIT_EQUITY":null,"DEPOSIT_ASSETS":null,"EQUITY_MULTIPLIER":2.620243721479,"EQUITY_RATIO":1.621044409616},{"SECUCODE":"06811.HK","SECURITY_CODE":"06811","SECURITY_NAME_ABBR":"太兴集团","ORG_CODE":"11004395","STD_REPORT_DATE":"2021-12-31 00:00:00","REPORT_DATE":"2021-12-31 00:00:00","DATE_TYPE_CODE":"001","REPORT_TYPE":"2021年年报","PER_NETCASH_OPERATE":0.561229728297,"PER_OI":2.584971318339,"BPS":0.889272217697,"BASIC_EPS":0.08126944,"DILUTED_EPS":0.08110592,"OPERATE_INCOME":2594266875.2,"OPERATE_INCOME_YOY":13.4065161908,"GROSS_PROFIT":1876185964.8,"GROSS_PROFIT_YOY":12.798191929935,"HOLDER_PROFIT":81527801.6,"HOLDER_PROFIT_YOY":-16.1761615346,"GROSS_PROFIT_RATIO":72.320468751133,"EPS_TTM":0.081235678102,"OPERATE_INCOME_QOQ":6.882999453001,"NET_PROFIT_RATIO":3.0051745541,"ROE_AVG":9.186206871138,"GROSS_PROFIT_QOQ":8.366085580057,"ROA":3.349876222282,"HOLDER_PROFIT_QOQ":-32.211997376126,"ROE_YEARLY":9.186206871138,"ROIC_YEARLY":4.044018793356,"TOTAL_ASSETS":2239232251.2,"TOTAL_LIABILITIES":1343814718.4,"TAX_EBT":25.680415263749,"OCF_SALES":21.711255529814,"TOTAL_PARENT_EQUITY":894073398.4,"DEBT_ASSET_RATIO":60.0122974149,"OPERATE_PROFIT":133398798.4,"PRETAX_PROFIT":104901350.4,"NETCASH_OPERATE":563247910.4,"NETCASH_INVEST":-109490539.2,"NETCASH_FINANCE":-533932862.4,"END_CASH":370051483.2,"DIVI_RATIO":0.671314640001,"DIVIDEND_RATE":8.695652173913,"CURRENT_RATIO":0.863125618037,"COMMON_ACS":10000000000,"CURRENTDEBT_DEBT":51.867384517851,"ISSUED_COMMON_SHARES":1005399000,"HK_COMMON_SHARES":1005399000,"PER_SHARES":1000,"TOTAL_MARKET_CAP":693725310,"HKSK_MARKET_CAP":693725310,"PE_TTM":11.712595350251,"PB_TTM":0.757149447793,"REPORT_DATE_SQ":"2020-12-31 00:00:00","REPORT_TYPE_SQ":"2020年年报","OPERATE_INCOME_SQ":2354843913.72,"DPS_HKD":0.06,"OPERATE_INCOME_QOQ_SQ":-11.938411802262,"NET_PROFIT_RATIO_SQ":4.208907822,"HOLDER_PROFIT_SQ":100120652.76,"HOLDER_PROFIT_QOQ_SQ":209.923939688209,"ROE_AVG_SQ":11.638793237977,"PE_TTM_SQ":14.531545427934,"PB_TTM_SQ":0.826741260182,"ROA_SQ":3.594266287336,"START_DATE":"2021-01-01 00:00:00","FISCAL_YEAR":"12-31","CURRENCY":"HKD","IS_CNY_CODE":0,"DPS_HKD_LY":0.0892,"ORG_TYPE":"一般企业","PREMIUM_INCOME":null,"PREMIUM_INCOME_YOY":null,"NET_INTEREST_INCOME":null,"NET_INTEREST_INCOME_YOY":null,"FEE_COMMISSION_INCOME":null,"FEE_COMMISSION_INCOME_YOY":null,"ACCOUNTS_RECE_TDAYS":121.066313098554,"INVENTORY_TDAYS":10.000102474182,"CURRENT_ASSETS_TDAYS":4.095039469108,"TOTAL_ASSETS_TDAYS":1.065952073886,"PREMIUM_EXPENSE":null,"LOAN_DEPOSIT":null,"LOAN_EQUITY":null,"LOAN_ASSETS":null,"DEPOSIT_EQUITY":null,"DEPOSIT_ASSETS":null,"EQUITY_MULTIPLIER":2.500768824795,"EQUITY_RATIO":1.503025054548},{"SECUCODE":"06811.HK","SECURITY_CODE":"06811","SECURITY_NAME_ABBR":"太兴集团","ORG_CODE":"11004395","STD_REPORT_DATE":"2021-06-30 00:00:00","REPORT_DATE":"2021-06-30 00:00:00","DATE_TYPE_CODE":"002","REPORT_TYPE":"2021年中报","PER_NETCASH_OPERATE":0.26763068317,"PER_OI":1.272917383101,"BPS":0.87063098173,"BASIC_EPS":0.027791472,"DILUTED_EPS":0.027708264,"OPERATE_INCOME":1275301557.36,"OPERATE_INCOME_YOY":16.3811936334,"GROSS_PROFIT":916055177.76,"GROSS_PROFIT_YOY":8.021969149647,"HOLDER_PROFIT":27825587.28,"HOLDER_PROFIT_YOY":297.8703152885,"GROSS_PROFIT_RATIO":71.830475895938,"EPS_TTM":0.120043934551,"OPERATE_INCOME_QOQ":3.072756697733,"NET_PROFIT_RATIO":2.0765763209,"ROE_AVG":3.140825757007,"GROSS_PROFIT_QOQ":4.089938587478,"ROA":1.065403428241,"HOLDER_PROFIT_QOQ":20.123844106667,"ROE_YEARLY":6.281651514013,"ROIC_YEARLY":2.578605998241,"TOTAL_ASSETS":2548656879.6,"TOTAL_LIABILITIES":1669993712.88,"TAX_EBT":22.097662464815,"OCF_SALES":21.02498455307,"TOTAL_PARENT_EQUITY":875331518.4,"DEBT_ASSET_RATIO":65.5244621686,"OPERATE_PROFIT":50897501.52,"PRETAX_PROFIT":33994628.4,"NETCASH_OPERATE":268131955.44,"NETCASH_INVEST":-76223520.48,"NETCASH_FINANCE":-229162320.72,"END_CASH":431459274.48,"DIVI_RATIO":0.454289508288,"DIVIDEND_RATE":8.695652173913,"CURRENT_RATIO":0.751075308968,"COMMON_ACS":10000000000,"CURRENTDEBT_DEBT":49.370830553495,"ISSUED_COMMON_SHARES":1005399000,"HK_COMMON_SHARES":1005399000,"PER_SHARES":1000,"TOTAL_MARKET_CAP":693725310,"HKSK_MARKET_CAP":693725310,"PE_TTM":11.712595350251,"PB_TTM":0.757149447793,"REPORT_DATE_SQ":"2020-06-30 00:00:00","REPORT_TYPE_SQ":"2020年中报","OPERATE_INCOME_SQ":1202942933.28,"DPS_HKD":0.06,"OPERATE_INCOME_QOQ_SQ":-8.2110655708,"NET_PROFIT_RATIO_SQ":0.5720850732,"HOLDER_PROFIT_SQ":7677463.2,"HOLDER_PROFIT_QOQ_SQ":-53.081490700154,"ROE_AVG_SQ":0.872612579222,"PE_TTM_SQ":14.531545427934,"PB_TTM_SQ":0.826741260182,"ROA_SQ":0.256982046265,"START_DATE":"2021-01-01 00:00:00","FISCAL_YEAR":"12-31","CURRENCY":"HKD","IS_CNY_CODE":0,"DPS_HKD_LY":0.0892,"ORG_TYPE":"一般企业","PREMIUM_INCOME":null,"PREMIUM_INCOME_YOY":null,"NET_INTEREST_INCOME":null,"NET_INTEREST_INCOME_YOY":null,"FEE_COMMISSION_INCOME":null,"FEE_COMMISSION_INCOME_YOY":null,"ACCOUNTS_RECE_TDAYS":66.711658577989,"INVENTORY_TDAYS":5.856194345163,"CURRENT_ASSETS_TDAYS":1.96734751509,"TOTAL_ASSETS_TDAYS":0.488295408675,"PREMIUM_EXPENSE":null,"LOAN_DEPOSIT":null,"LOAN_EQUITY":null,"LOAN_ASSETS":null,"DEPOSIT_EQUITY":null,"DEPOSIT_ASSETS":null,"EQUITY_MULTIPLIER":2.90060739557,"EQUITY_RATIO":1.907841403829},{"SECUCODE":"06811.HK","SECURITY_CODE":"06811","SECURITY_NAME_ABBR":"太兴集团","ORG_CODE":"11004395","STD_REPORT_DATE":"2020-12-31 00:00:00","REPORT_DATE":"2020-12-31 00:00:00","DATE_TYPE_CODE":"001","REPORT_TYPE":"2020年年报","PER_NETCASH_OPERATE":0.569736498099,"PER_OI":2.350441536722,"BPS":0.90196373221,"BASIC_EPS":0.100070996,"DILUTED_EPS":0.099650176,"OPERATE_INCOME":2354843913.72,"OPERATE_INCOME_YOY":-13.9696210316,"GROSS_PROFIT":1663312091,"GROSS_PROFIT_YOY":-19.954036421285,"HOLDER_PROFIT":100120652.76,"HOLDER_PROFIT_YOY":54.76555995,"GROSS_PROFIT_RATIO":70.63364502883,"EPS_TTM":0.099933477357,"OPERATE_INCOME_QOQ":-11.938411802262,"NET_PROFIT_RATIO":4.208907822,"ROE_AVG":11.638793237977,"GROSS_PROFIT_QOQ":-11.92196226018,"ROA":3.594266287336,"HOLDER_PROFIT_QOQ":209.923939688209,"ROE_YEARLY":11.638793237977,"ROIC_YEARLY":4.458289476816,"TOTAL_ASSETS":2705558668.28,"TOTAL_LIABILITIES":1794052448.6,"TAX_EBT":2.917535716936,"OCF_SALES":24.239551981952,"TOTAL_PARENT_EQUITY":906833434.4,"DEBT_ASSET_RATIO":66.3098704764,"OPERATE_PROFIT":141371112.44,"PRETAX_PROFIT":102091773.64,"NETCASH_OPERATE":570803614.56,"NETCASH_INVEST":-140825729.72,"NETCASH_FINANCE":-567060841.48,"END_CASH":463074536.2,"DIVI_RATIO":0.545710020729,"DIVIDEND_RATE":8.695652173913,"CURRENT_RATIO":0.806352889424,"COMMON_ACS":10000000000,"CURRENTDEBT_DEBT":47.350764561143,"ISSUED_COMMON_SHARES":1005399000,"HK_COMMON_SHARES":1005399000,"PER_SHARES":1000,"TOTAL_MARKET_CAP":693725310,"HKSK_MARKET_CAP":693725310,"PE_TTM":11.712595350251,"PB_TTM":0.757149447793,"REPORT_DATE_SQ":"2019-12-31 00:00:00","REPORT_TYPE_SQ":"2019年年报","OPERATE_INCOME_SQ":2913300505,"DPS_HKD":0.06,"OPERATE_INCOME_QOQ_SQ":1.021792140397,"NET_PROFIT_RATIO_SQ":2.3727265739,"HOLDER_PROFIT_SQ":68853233.92,"HOLDER_PROFIT_QOQ_SQ":-63.747787633238,"ROE_AVG_SQ":11.534507933126,"PE_TTM_SQ":14.531545427934,"PB_TTM_SQ":0.826741260182,"ROA_SQ":3.200029309178,"START_DATE":"2020-01-01 00:00:00","FISCAL_YEAR":"12-31","CURRENCY":"HKD","IS_CNY_CODE":0,"DPS_HKD_LY":0.031,"ORG_TYPE":"一般企业","PREMIUM_INCOME":null,"PREMIUM_INCOME_YOY":null,"NET_INTEREST_INCOME":null,"NET_INTEREST_INCOME_YOY":null,"FEE_COMMISSION_INCOME":null,"FEE_COMMISSION_INCOME_YOY":null,"ACCOUNTS_RECE_TDAYS":114.58913871483,"INVENTORY_TDAYS":10.540908420303,"CURRENT_ASSETS_TDAYS":3.217149789005,"TOTAL_ASSETS_TDAYS":0.84537364247,"PREMIUM_EXPENSE":null,"LOAN_DEPOSIT":null,"LOAN_EQUITY":null,"LOAN_ASSETS":null,"DEPOSIT_EQUITY":null,"DEPOSIT_ASSETS":null,"EQUITY_MULTIPLIER":2.968228422213,"EQUITY_RATIO":1.978370426744},{"SECUCODE":"06811.HK","SECURITY_CODE":"06811","SECURITY_NAME_ABBR":"太兴集团","ORG_CODE":"11004395","STD_REPORT_DATE":"2020-06-30 00:00:00","REPORT_DATE":"2020-06-30 00:00:00","DATE_TYPE_CODE":"002","REPORT_TYPE":"2020年中报","PER_NETCASH_OPERATE":0.23631697584,"PER_OI":1.20294293328,"BPS":0.871900879472,"BASIC_EPS":0.007672896,"DILUTED_EPS":0.007672896,"OPERATE_INCOME":1202942933.28,"OPERATE_INCOME_YOY":-19.6718771635,"GROSS_PROFIT":848026734.72,"GROSS_PROFIT_YOY":-18.264079906652,"HOLDER_PROFIT":7677463.2,"HOLDER_PROFIT_YOY":-83.2822818044,"GROSS_PROFIT_RATIO":70.496007022356,"EPS_TTM":0.03230491096,"OPERATE_INCOME_QOQ":-8.2110655708,"NET_PROFIT_RATIO":0.5720850732,"ROE_AVG":0.872612579222,"GROSS_PROFIT_QOQ":-9.119270100943,"ROA":0.256982046265,"HOLDER_PROFIT_QOQ":-53.081490700154,"ROE_YEARLY":1.745225158443,"ROIC_YEARLY":0.64733879637,"TOTAL_ASSETS":2865063020.16,"TOTAL_LIABILITIES":1985444963.04,"TAX_EBT":46.67704720787,"OCF_SALES":19.644903286945,"TOTAL_PARENT_EQUITY":876608272.32,"DEBT_ASSET_RATIO":69.2984743815,"OPERATE_PROFIT":35466134.88,"PRETAX_PROFIT":12905993.76,"NETCASH_OPERATE":236316975.84,"NETCASH_INVEST":-59593739.04,"NETCASH_FINANCE":-254845192.8,"END_CASH":574768418.4,"DIVI_RATIO":1.688124139006,"DIVIDEND_RATE":8.695652173913,"CURRENT_RATIO":0.811833702594,"COMMON_ACS":10000000000,"CURRENTDEBT_DEBT":49.421441292313,"ISSUED_COMMON_SHARES":1005399000,"HK_COMMON_SHARES":1005399000,"PER_SHARES":1000,"TOTAL_MARKET_CAP":693725310,"HKSK_MARKET_CAP":693725310,"PE_TTM":11.712595350251,"PB_TTM":0.757149447793,"REPORT_DATE_SQ":"2019-06-30 00:00:00","REPORT_TYPE_SQ":"2019年中报","OPERATE_INCOME_SQ":1442155948.02,"DPS_HKD":0.06,"OPERATE_INCOME_QOQ_SQ":5.28600080114,"NET_PROFIT_RATIO_SQ":3.0665218211,"HOLDER_PROFIT_SQ":44225786.16,"HOLDER_PROFIT_QOQ_SQ":-28.914548176325,"ROE_AVG_SQ":7.601198629619,"PE_TTM_SQ":14.531545427934,"PB_TTM_SQ":0.826741260182,"ROA_SQ":2.057730733434,"START_DATE":"2020-01-01 00:00:00","FISCAL_YEAR":"12-31","CURRENCY":"HKD","IS_CNY_CODE":0,"DPS_HKD_LY":0.031,"ORG_TYPE":"一般企业","PREMIUM_INCOME":null,"PREMIUM_INCOME_YOY":null,"NET_INTEREST_INCOME":null,"NET_INTEREST_INCOME_YOY":null,"FEE_COMMISSION_INCOME":null,"FEE_COMMISSION_INCOME_YOY":null,"ACCOUNTS_RECE_TDAYS":54.247399748728,"INVENTORY_TDAYS":5.469747733544,"CURRENT_ASSETS_TDAYS":1.465227552269,"TOTAL_ASSETS_TDAYS":0.402652189247,"PREMIUM_EXPENSE":null,"LOAN_DEPOSIT":null,"LOAN_EQUITY":null,"LOAN_ASSETS":null,"DEPOSIT_EQUITY":null,"DEPOSIT_ASSETS":null,"EQUITY_MULTIPLIER":3.257167127217,"EQUITY_RATIO":2.264916982571}],"count":17},"success":true,"message":"ok","code":0}