{"version":"876b544cb89ff975d363cc9ba1d56fba","result":{"pages":3,"data":[{"SECUCODE":"06816.HK","SECURITY_CODE":"06816","SECURITY_NAME_ABBR":"瑞港建设","ORG_CODE":"10524087","STD_REPORT_DATE":"2024-06-30 00:00:00","REPORT_DATE":"2024-06-30 00:00:00","DATE_TYPE_CODE":"002","REPORT_TYPE":"2024年中报","PER_NETCASH_OPERATE":0.1487691217,"PER_OI":0.5806401709,"BPS":0.2866339991,"BASIC_EPS":-0.06114956,"DILUTED_EPS":-0.06114956,"OPERATE_INCOME":464512136.72,"OPERATE_INCOME_YOY":-41.7887231478,"GROSS_PROFIT":32269626.76,"GROSS_PROFIT_YOY":-27.388169762336,"HOLDER_PROFIT":-48908695.84,"HOLDER_PROFIT_YOY":-8.5898397131,"GROSS_PROFIT_RATIO":6.946993244969,"EPS_TTM":-0.218241312975,"OPERATE_INCOME_QOQ":-17.73132893773,"NET_PROFIT_RATIO":-11.5981012036,"ROE_AVG":-18.925357004745,"GROSS_PROFIT_QOQ":-7.416596828276,"ROA":-1.101507079898,"HOLDER_PROFIT_QOQ":-1.991962940537,"ROE_YEARLY":-37.85071400949,"ROIC_YEARLY":-2.394741828348,"TOTAL_ASSETS":4284428405.84,"TOTAL_LIABILITIES":3911543865.04,"TAX_EBT":5.396179242259,"OCF_SALES":25.621568943362,"TOTAL_PARENT_EQUITY":229307199.28,"DEBT_ASSET_RATIO":91.2967494032,"OPERATE_PROFIT":-18675258.16,"PRETAX_PROFIT":-56947581.28,"NETCASH_OPERATE":119015297.36,"NETCASH_INVEST":6732840.36,"NETCASH_FINANCE":5617545.4,"END_CASH":266913266,"DIVI_RATIO":null,"DIVIDEND_RATE":null,"CURRENT_RATIO":1.129762109774,"COMMON_ACS":4000000000,"CURRENTDEBT_DEBT":87.527305427393,"ISSUED_COMMON_SHARES":800000000,"HK_COMMON_SHARES":800000000,"PER_SHARES":2000,"TOTAL_MARKET_CAP":80000000,"HKSK_MARKET_CAP":80000000,"PE_TTM":-0.414213744648,"PB_TTM":0.318413029461,"REPORT_DATE_SQ":"2023-06-30 00:00:00","REPORT_TYPE_SQ":"2023年中报","OPERATE_INCOME_SQ":806107397.56,"DPS_HKD":null,"OPERATE_INCOME_QOQ_SQ":-11.892026182395,"NET_PROFIT_RATIO_SQ":-4.9850055243,"HOLDER_PROFIT_SQ":-45498791.02,"HOLDER_PROFIT_QOQ_SQ":-448.187933989919,"ROE_AVG_SQ":-10.277358946378,"PE_TTM_SQ":-2.324869990823,"PB_TTM_SQ":0.335873004649,"ROA_SQ":-1.032370977424,"START_DATE":"2024-01-01 00:00:00","FISCAL_YEAR":"12-31","CURRENCY":"HKD","IS_CNY_CODE":0,"DPS_HKD_LY":null,"ORG_TYPE":"一般企业","PREMIUM_INCOME":null,"PREMIUM_INCOME_YOY":null,"NET_INTEREST_INCOME":null,"NET_INTEREST_INCOME_YOY":null,"FEE_COMMISSION_INCOME":null,"FEE_COMMISSION_INCOME_YOY":null,"ACCOUNTS_RECE_TDAYS":0.454191049664,"INVENTORY_TDAYS":23.372501603909,"CURRENT_ASSETS_TDAYS":0.115778787932,"TOTAL_ASSETS_TDAYS":0.104616039849,"PREMIUM_EXPENSE":null,"LOAN_DEPOSIT":null,"LOAN_EQUITY":null,"LOAN_ASSETS":null,"DEPOSIT_EQUITY":null,"DEPOSIT_ASSETS":null,"EQUITY_MULTIPLIER":11.489959858994,"EQUITY_RATIO":17.058094457225},{"SECUCODE":"06816.HK","SECURITY_CODE":"06816","SECURITY_NAME_ABBR":"瑞港建设","ORG_CODE":"10524087","STD_REPORT_DATE":"2023-12-31 00:00:00","REPORT_DATE":"2023-12-31 00:00:00","DATE_TYPE_CODE":"001","REPORT_TYPE":"2023年年报","PER_NETCASH_OPERATE":-0.999897094175,"PER_OI":2.408133522025,"BPS":0.356895489825,"BASIC_EPS":-0.213958542,"DILUTED_EPS":-0.213958542,"OPERATE_INCOME":1926506817.62,"OPERATE_INCOME_YOY":-26.1648069558,"GROSS_PROFIT":164113723.34,"GROSS_PROFIT_YOY":-16.72411855043,"HOLDER_PROFIT":-171183145.56,"HOLDER_PROFIT_YOY":-1450.1230920729,"GROSS_PROFIT_RATIO":8.518720091671,"EPS_TTM":-0.21397893195,"OPERATE_INCOME_QOQ":-14.984307911468,"NET_PROFIT_RATIO":-8.5440273657,"ROE_AVG":-45.912827897989,"GROSS_PROFIT_QOQ":2.313845149368,"ROA":-3.804746174014,"HOLDER_PROFIT_QOQ":-186.871634446035,"ROE_YEARLY":-45.912827897989,"ROIC_YEARLY":-4.120063723164,"TOTAL_ASSETS":4563365056.88,"TOTAL_LIABILITIES":4127949002.38,"TAX_EBT":-8.043399380179,"OCF_SALES":-41.521663355867,"TOTAL_PARENT_EQUITY":285516391.86,"DEBT_ASSET_RATIO":90.4584435154,"OPERATE_PROFIT":-90983581.78,"PRETAX_PROFIT":-152347362.86,"NETCASH_OPERATE":-799917675.34,"NETCASH_INVEST":156332012.2,"NETCASH_FINANCE":485574425.28,"END_CASH":131356589,"DIVI_RATIO":null,"DIVIDEND_RATE":null,"CURRENT_RATIO":1.048473915601,"COMMON_ACS":4000000000,"CURRENTDEBT_DEBT":95.349769457682,"ISSUED_COMMON_SHARES":800000000,"HK_COMMON_SHARES":800000000,"PER_SHARES":2000,"TOTAL_MARKET_CAP":99200000,"HKSK_MARKET_CAP":99200000,"PE_TTM":-0.513625043363,"PB_TTM":0.394832156532,"REPORT_DATE_SQ":"2022-12-31 00:00:00","REPORT_TYPE_SQ":"2022年年报","OPERATE_INCOME_SQ":2571912809.97,"DPS_HKD":null,"OPERATE_INCOME_QOQ_SQ":-11.276273144726,"NET_PROFIT_RATIO_SQ":0.3660030474,"HOLDER_PROFIT_SQ":-10885388.22,"HOLDER_PROFIT_QOQ_SQ":-880.615516007645,"ROE_AVG_SQ":-2.318462273143,"PE_TTM_SQ":-3.059039461609,"PB_TTM_SQ":0.441938164012,"ROA_SQ":-0.261195521438,"START_DATE":"2023-01-01 00:00:00","FISCAL_YEAR":"12-31","CURRENCY":"HKD","IS_CNY_CODE":0,"DPS_HKD_LY":null,"ORG_TYPE":"一般企业","PREMIUM_INCOME":null,"PREMIUM_INCOME_YOY":null,"NET_INTEREST_INCOME":null,"NET_INTEREST_INCOME_YOY":null,"FEE_COMMISSION_INCOME":null,"FEE_COMMISSION_INCOME_YOY":null,"ACCOUNTS_RECE_TDAYS":2.075209937403,"INVENTORY_TDAYS":113.520357236669,"CURRENT_ASSETS_TDAYS":0.475542416327,"TOTAL_ASSETS_TDAYS":0.428188734327,"PREMIUM_EXPENSE":null,"LOAN_DEPOSIT":null,"LOAN_EQUITY":null,"LOAN_ASSETS":null,"DEPOSIT_EQUITY":null,"DEPOSIT_ASSETS":null,"EQUITY_MULTIPLIER":10.480470367848,"EQUITY_RATIO":14.457835417044},{"SECUCODE":"06816.HK","SECURITY_CODE":"06816","SECURITY_NAME_ABBR":"瑞港建设","ORG_CODE":"10524087","STD_REPORT_DATE":"2023-06-30 00:00:00","REPORT_DATE":"2023-06-30 00:00:00","DATE_TYPE_CODE":"002","REPORT_TYPE":"2023年中报","PER_NETCASH_OPERATE":-0.47143372845,"PER_OI":1.00763424695,"BPS":0.5215548662,"BASIC_EPS":-0.056886166,"DILUTED_EPS":-0.056886166,"OPERATE_INCOME":806107397.56,"OPERATE_INCOME_YOY":-32.7573410939,"GROSS_PROFIT":44441279.96,"GROSS_PROFIT_YOY":-45.209542740257,"HOLDER_PROFIT":-45498791.02,"HOLDER_PROFIT_YOY":-1383.4590377113,"GROSS_PROFIT_RATIO":5.513071843097,"EPS_TTM":-0.074590480988,"OPERATE_INCOME_QOQ":-11.892026182395,"NET_PROFIT_RATIO":-4.9850055243,"ROE_AVG":-10.277358946378,"GROSS_PROFIT_QOQ":-18.607416886741,"ROA":-1.032370977424,"HOLDER_PROFIT_QOQ":-448.187933989919,"ROE_YEARLY":-20.554717892755,"ROIC_YEARLY":-2.252832246421,"TOTAL_ASSETS":4302262011.42,"TOTAL_LIABILITIES":3770620684.02,"TAX_EBT":-1.061979734273,"OCF_SALES":-46.786195474894,"TOTAL_PARENT_EQUITY":417243892.96,"DEBT_ASSET_RATIO":87.6427487217,"OPERATE_PROFIT":-10802839.66,"PRETAX_PROFIT":-39762231.46,"NETCASH_OPERATE":-377146982.76,"NETCASH_INVEST":91338714.64,"NETCASH_FINANCE":182188779.88,"END_CASH":206312386.58,"DIVI_RATIO":null,"DIVIDEND_RATE":null,"CURRENT_RATIO":1.128864672059,"COMMON_ACS":4000000000,"CURRENTDEBT_DEBT":90.433012307263,"ISSUED_COMMON_SHARES":800000000,"HK_COMMON_SHARES":800000000,"PER_SHARES":2000,"TOTAL_MARKET_CAP":99200000,"HKSK_MARKET_CAP":99200000,"PE_TTM":-0.513625043363,"PB_TTM":0.394832156532,"REPORT_DATE_SQ":"2022-06-30 00:00:00","REPORT_TYPE_SQ":"2022年中报","OPERATE_INCOME_SQ":1111959942.31,"DPS_HKD":null,"OPERATE_INCOME_QOQ_SQ":11.288876522245,"NET_PROFIT_RATIO_SQ":0.5439727314,"HOLDER_PROFIT_SQ":3288205.55,"HOLDER_PROFIT_QOQ_SQ":-33.918809913025,"ROE_AVG_SQ":0.719061199682,"PE_TTM_SQ":-3.059039461609,"PB_TTM_SQ":0.441938164012,"ROA_SQ":0.085576603245,"START_DATE":"2023-01-01 00:00:00","FISCAL_YEAR":"12-31","CURRENCY":"HKD","IS_CNY_CODE":0,"DPS_HKD_LY":null,"ORG_TYPE":"一般企业","PREMIUM_INCOME":null,"PREMIUM_INCOME_YOY":null,"NET_INTEREST_INCOME":null,"NET_INTEREST_INCOME_YOY":null,"FEE_COMMISSION_INCOME":null,"FEE_COMMISSION_INCOME_YOY":null,"ACCOUNTS_RECE_TDAYS":0.985476895471,"INVENTORY_TDAYS":52.218324326033,"CURRENT_ASSETS_TDAYS":0.204232646034,"TOTAL_ASSETS_TDAYS":0.182906372515,"PREMIUM_EXPENSE":null,"LOAN_DEPOSIT":null,"LOAN_EQUITY":null,"LOAN_ASSETS":null,"DEPOSIT_EQUITY":null,"DEPOSIT_ASSETS":null,"EQUITY_MULTIPLIER":8.092414546559,"EQUITY_RATIO":9.03697033711},{"SECUCODE":"06816.HK","SECURITY_CODE":"06816","SECURITY_NAME_ABBR":"瑞港建设","ORG_CODE":"10524087","STD_REPORT_DATE":"2022-12-31 00:00:00","REPORT_DATE":"2022-12-31 00:00:00","DATE_TYPE_CODE":"001","REPORT_TYPE":"2022年年报","PER_NETCASH_OPERATE":0.34868347815,"PER_OI":3.214891012463,"BPS":0.5669941998,"BASIC_EPS":-0.013577704,"DILUTED_EPS":-0.013577704,"OPERATE_INCOME":2571912809.97,"OPERATE_INCOME_YOY":-9.6247173821,"GROSS_PROFIT":197072334.13,"GROSS_PROFIT_YOY":17.527714987473,"HOLDER_PROFIT":-10885388.22,"HOLDER_PROFIT_YOY":-572.1425803952,"GROSS_PROFIT_RATIO":7.662481145008,"EPS_TTM":-0.013606735275,"OPERATE_INCOME_QOQ":-11.276273144726,"NET_PROFIT_RATIO":0.3660030474,"ROE_AVG":-2.318462273143,"GROSS_PROFIT_QOQ":1.458541507098,"ROA":-0.261195521438,"HOLDER_PROFIT_QOQ":-880.615516007645,"ROE_YEARLY":-2.318462273143,"ROIC_YEARLY":-0.287553370576,"TOTAL_ASSETS":4371658020.38,"TOTAL_LIABILITIES":3813974373.79,"TAX_EBT":46.653842259796,"OCF_SALES":10.845887988063,"TOTAL_PARENT_EQUITY":453595359.84,"DEBT_ASSET_RATIO":87.2432005434,"OPERATE_PROFIT":66996143.27,"PRETAX_PROFIT":17645655.58,"NETCASH_OPERATE":278946782.52,"NETCASH_INVEST":-168913783.92,"NETCASH_FINANCE":-67472256.18,"END_CASH":289829490.93,"DIVI_RATIO":null,"DIVIDEND_RATE":null,"CURRENT_RATIO":1.119843042717,"COMMON_ACS":4000000000,"CURRENTDEBT_DEBT":91.751647724172,"ISSUED_COMMON_SHARES":800000000,"HK_COMMON_SHARES":800000000,"PER_SHARES":2000,"TOTAL_MARKET_CAP":99200000,"HKSK_MARKET_CAP":99200000,"PE_TTM":-0.513625043363,"PB_TTM":0.394832156532,"REPORT_DATE_SQ":"2021-12-31 00:00:00","REPORT_TYPE_SQ":"2021年年报","OPERATE_INCOME_SQ":2604741966.4,"DPS_HKD":null,"OPERATE_INCOME_QOQ_SQ":62.911908371861,"NET_PROFIT_RATIO_SQ":0.5261408376,"HOLDER_PROFIT_SQ":2110225.6,"HOLDER_PROFIT_QOQ_SQ":-77.174431372573,"ROE_AVG_SQ":0.478577136955,"PE_TTM_SQ":-3.059039461609,"PB_TTM_SQ":0.441938164012,"ROA_SQ":0.083382102117,"START_DATE":"2022-01-01 00:00:00","FISCAL_YEAR":"12-31","CURRENCY":"HKD","IS_CNY_CODE":0,"DPS_HKD_LY":null,"ORG_TYPE":"一般企业","PREMIUM_INCOME":null,"PREMIUM_INCOME_YOY":null,"NET_INTEREST_INCOME":null,"NET_INTEREST_INCOME_YOY":null,"FEE_COMMISSION_INCOME":null,"FEE_COMMISSION_INCOME_YOY":null,"ACCOUNTS_RECE_TDAYS":4.066484048447,"INVENTORY_TDAYS":82.661235911387,"CURRENT_ASSETS_TDAYS":0.692064876267,"TOTAL_ASSETS_TDAYS":0.617131969862,"PREMIUM_EXPENSE":null,"LOAN_DEPOSIT":null,"LOAN_EQUITY":null,"LOAN_ASSETS":null,"DEPOSIT_EQUITY":null,"DEPOSIT_ASSETS":null,"EQUITY_MULTIPLIER":7.838956812029,"EQUITY_RATIO":8.408318760437},{"SECUCODE":"06816.HK","SECURITY_CODE":"06816","SECURITY_NAME_ABBR":"瑞港建设","ORG_CODE":"10524087","STD_REPORT_DATE":"2022-06-30 00:00:00","REPORT_DATE":"2022-06-30 00:00:00","DATE_TYPE_CODE":"002","REPORT_TYPE":"2022年中报","PER_NETCASH_OPERATE":0.263301242138,"PER_OI":1.389949927888,"BPS":0.56231735665,"BASIC_EPS":0.004104912,"DILUTED_EPS":0.004104912,"OPERATE_INCOME":1111959942.31,"OPERATE_INCOME_YOY":32.2769144688,"GROSS_PROFIT":81111350.74,"GROSS_PROFIT_YOY":48.681773493675,"HOLDER_PROFIT":3288205.55,"HOLDER_PROFIT_YOY":-20.0955943475,"GROSS_PROFIT_RATIO":7.29444898631,"EPS_TTM":0.001743077738,"OPERATE_INCOME_QOQ":11.288876522245,"NET_PROFIT_RATIO":0.5439727314,"ROE_AVG":0.719061199682,"GROSS_PROFIT_QOQ":15.838167237256,"ROA":0.085576603245,"HOLDER_PROFIT_QOQ":-33.918809913025,"ROE_YEARLY":1.438122399364,"ROIC_YEARLY":0.194755628539,"TOTAL_ASSETS":3890391009.26,"TOTAL_LIABILITIES":3352354207.09,"TAX_EBT":11.498998998999,"OCF_SALES":18.943217799052,"TOTAL_PARENT_EQUITY":449853885.32,"DEBT_ASSET_RATIO":86.170109871,"OPERATE_PROFIT":31811357.62,"PRETAX_PROFIT":6834678.48,"NETCASH_OPERATE":210640993.71,"NETCASH_INVEST":4856624.01,"NETCASH_FINANCE":-13736916.97,"END_CASH":479442604.13,"DIVI_RATIO":null,"DIVIDEND_RATE":null,"CURRENT_RATIO":1.214422376354,"COMMON_ACS":4000000000,"CURRENTDEBT_DEBT":84.626267630371,"ISSUED_COMMON_SHARES":800000000,"HK_COMMON_SHARES":800000000,"PER_SHARES":2000,"TOTAL_MARKET_CAP":99200000,"HKSK_MARKET_CAP":99200000,"PE_TTM":-0.513625043363,"PB_TTM":0.394832156532,"REPORT_DATE_SQ":"2021-06-30 00:00:00","REPORT_TYPE_SQ":"2021年中报","OPERATE_INCOME_SQ":817913838,"DPS_HKD":null,"OPERATE_INCOME_QOQ_SQ":29.610923732404,"NET_PROFIT_RATIO_SQ":0.590350721,"HOLDER_PROFIT_SQ":4003968.96,"HOLDER_PROFIT_QOQ_SQ":-19.178017015464,"ROE_AVG_SQ":0.89780474426,"PE_TTM_SQ":-3.059039461609,"PB_TTM_SQ":0.441938164012,"ROA_SQ":0.216853461679,"START_DATE":"2022-01-01 00:00:00","FISCAL_YEAR":"12-31","CURRENCY":"HKD","IS_CNY_CODE":0,"DPS_HKD_LY":null,"ORG_TYPE":"一般企业","PREMIUM_INCOME":null,"PREMIUM_INCOME_YOY":null,"NET_INTEREST_INCOME":null,"NET_INTEREST_INCOME_YOY":null,"FEE_COMMISSION_INCOME":null,"FEE_COMMISSION_INCOME_YOY":null,"ACCOUNTS_RECE_TDAYS":1.981422388833,"INVENTORY_TDAYS":28.478010749513,"CURRENT_ASSETS_TDAYS":0.326600128354,"TOTAL_ASSETS_TDAYS":0.289391138604,"PREMIUM_EXPENSE":null,"LOAN_DEPOSIT":null,"LOAN_EQUITY":null,"LOAN_ASSETS":null,"DEPOSIT_EQUITY":null,"DEPOSIT_ASSETS":null,"EQUITY_MULTIPLIER":7.230715433546,"EQUITY_RATIO":7.452095705932},{"SECUCODE":"06816.HK","SECURITY_CODE":"06816","SECURITY_NAME_ABBR":"瑞港建设","ORG_CODE":"10524087","STD_REPORT_DATE":"2021-12-31 00:00:00","REPORT_DATE":"2021-12-31 00:00:00","DATE_TYPE_CODE":"001","REPORT_TYPE":"2021年年报","PER_NETCASH_OPERATE":-0.620968222,"PER_OI":3.255927458,"BPS":0.555377284,"BASIC_EPS":0.00261632,"DILUTED_EPS":0.00261632,"OPERATE_INCOME":2604741966.4,"OPERATE_INCOME_YOY":117.3601483527,"GROSS_PROFIT":167681584,"GROSS_PROFIT_YOY":129.993600757348,"HOLDER_PROFIT":2110225.6,"HOLDER_PROFIT_YOY":-81.0094915753,"GROSS_PROFIT_RATIO":6.437550673465,"EPS_TTM":0.002637782,"OPERATE_INCOME_QOQ":62.911908371861,"NET_PROFIT_RATIO":0.5261408376,"ROE_AVG":0.478577136955,"GROSS_PROFIT_QOQ":83.961739756554,"ROA":0.083382102117,"HOLDER_PROFIT_QOQ":-77.174431372573,"ROE_YEARLY":0.478577136955,"ROIC_YEARLY":0.093780884832,"TOTAL_ASSETS":3627647867.2,"TOTAL_LIABILITIES":3101604844.8,"TAX_EBT":46.267029972752,"OCF_SALES":-19.071930502452,"TOTAL_PARENT_EQUITY":444301827.2,"DEBT_ASSET_RATIO":85.4990605026,"OPERATE_PROFIT":57966204.8,"PRETAX_PROFIT":25505032,"NETCASH_OPERATE":-496774577.6,"NETCASH_INVEST":-173377803.2,"NETCASH_FINANCE":713803227.2,"END_CASH":238606748.8,"DIVI_RATIO":null,"DIVIDEND_RATE":null,"CURRENT_RATIO":1.227040492456,"COMMON_ACS":4000000000,"CURRENTDEBT_DEBT":84.506825800016,"ISSUED_COMMON_SHARES":800000000,"HK_COMMON_SHARES":800000000,"PER_SHARES":2000,"TOTAL_MARKET_CAP":99200000,"HKSK_MARKET_CAP":99200000,"PE_TTM":-0.513625043363,"PB_TTM":0.394832156532,"REPORT_DATE_SQ":"2020-12-31 00:00:00","REPORT_TYPE_SQ":"2020年年报","OPERATE_INCOME_SQ":1233588381.44,"DPS_HKD":null,"OPERATE_INCOME_QOQ_SQ":61.688128476127,"NET_PROFIT_RATIO_SQ":1.0948382202,"HOLDER_PROFIT_SQ":11438729.24,"HOLDER_PROFIT_QOQ_SQ":5.20638039348,"ROE_AVG_SQ":2.583363904375,"PE_TTM_SQ":-3.059039461609,"PB_TTM_SQ":0.441938164012,"ROA_SQ":1.013400281927,"START_DATE":"2021-01-01 00:00:00","FISCAL_YEAR":"12-31","CURRENCY":"HKD","IS_CNY_CODE":0,"DPS_HKD_LY":null,"ORG_TYPE":"一般企业","PREMIUM_INCOME":null,"PREMIUM_INCOME_YOY":null,"NET_INTEREST_INCOME":null,"NET_INTEREST_INCOME_YOY":null,"FEE_COMMISSION_INCOME":null,"FEE_COMMISSION_INCOME_YOY":null,"ACCOUNTS_RECE_TDAYS":6.639536834515,"INVENTORY_TDAYS":111.13903803132,"CURRENT_ASSETS_TDAYS":1.191142848276,"TOTAL_ASSETS_TDAYS":1.029221049313,"PREMIUM_EXPENSE":null,"LOAN_DEPOSIT":null,"LOAN_EQUITY":null,"LOAN_ASSETS":null,"DEPOSIT_EQUITY":null,"DEPOSIT_ASSETS":null,"EQUITY_MULTIPLIER":6.896104905336,"EQUITY_RATIO":6.980850977693},{"SECUCODE":"06816.HK","SECURITY_CODE":"06816","SECURITY_NAME_ABBR":"瑞港建设","ORG_CODE":"10524087","STD_REPORT_DATE":"2021-06-30 00:00:00","REPORT_DATE":"2021-06-30 00:00:00","DATE_TYPE_CODE":"002","REPORT_TYPE":"2021年中报","PER_NETCASH_OPERATE":-0.285060207,"PER_OI":1.0223922975,"BPS":0.5582799156,"BASIC_EPS":0.00499248,"DILUTED_EPS":0.00499248,"OPERATE_INCOME":817913838,"OPERATE_INCOME_YOY":98.3684136177,"GROSS_PROFIT":54553661.04,"GROSS_PROFIT_YOY":73.171279358076,"HOLDER_PROFIT":4003968.96,"HOLDER_PROFIT_YOY":-29.0788504053,"GROSS_PROFIT_RATIO":6.08204684758,"EPS_TTM":0.01155625975,"OPERATE_INCOME_QOQ":29.610923732404,"NET_PROFIT_RATIO":0.590350721,"ROE_AVG":0.89780474426,"GROSS_PROFIT_QOQ":25.022518846425,"ROA":0.216853461679,"HOLDER_PROFIT_QOQ":-19.178017015464,"ROE_YEARLY":1.79560948852,"ROIC_YEARLY":0.503614364522,"TOTAL_ASSETS":2233460815.2,"TOTAL_LIABILITIES":1714894413.84,"TAX_EBT":43.899845320959,"OCF_SALES":-27.881685699026,"TOTAL_PARENT_EQUITY":446623932.48,"DEBT_ASSET_RATIO":76.7819342148,"OPERATE_PROFIT":20923483.68,"PRETAX_PROFIT":8607035.52,"NETCASH_OPERATE":-228048165.6,"NETCASH_INVEST":-68691532.32,"NETCASH_FINANCE":304015405.44,"END_CASH":204754918.08,"DIVI_RATIO":null,"DIVIDEND_RATE":null,"CURRENT_RATIO":1.365939773069,"COMMON_ACS":4000000000,"CURRENTDEBT_DEBT":79.486921953854,"ISSUED_COMMON_SHARES":800000000,"HK_COMMON_SHARES":800000000,"PER_SHARES":2000,"TOTAL_MARKET_CAP":99200000,"HKSK_MARKET_CAP":99200000,"PE_TTM":-0.513625043363,"PB_TTM":0.394832156532,"REPORT_DATE_SQ":"2020-06-30 00:00:00","REPORT_TYPE_SQ":"2020年中报","OPERATE_INCOME_SQ":452636923.2,"DPS_HKD":null,"OPERATE_INCOME_QOQ_SQ":65.355489346706,"NET_PROFIT_RATIO_SQ":1.5347204004,"HOLDER_PROFIT_SQ":6197690.4,"HOLDER_PROFIT_QOQ_SQ":0.410675335261,"ROE_AVG_SQ":1.294120003166,"PE_TTM_SQ":-3.059039461609,"PB_TTM_SQ":0.441938164012,"ROA_SQ":0.558524474649,"START_DATE":"2021-01-01 00:00:00","FISCAL_YEAR":"12-31","CURRENCY":"HKD","IS_CNY_CODE":0,"DPS_HKD_LY":null,"ORG_TYPE":"一般企业","PREMIUM_INCOME":null,"PREMIUM_INCOME_YOY":null,"NET_INTEREST_INCOME":null,"NET_INTEREST_INCOME_YOY":null,"FEE_COMMISSION_INCOME":null,"FEE_COMMISSION_INCOME_YOY":null,"ACCOUNTS_RECE_TDAYS":2.459100466691,"INVENTORY_TDAYS":18.034224766072,"CURRENT_ASSETS_TDAYS":0.538137716941,"TOTAL_ASSETS_TDAYS":0.442979076255,"PREMIUM_EXPENSE":null,"LOAN_DEPOSIT":null,"LOAN_EQUITY":null,"LOAN_ASSETS":null,"DEPOSIT_EQUITY":null,"DEPOSIT_ASSETS":null,"EQUITY_MULTIPLIER":4.30699098388,"EQUITY_RATIO":3.839683208013},{"SECUCODE":"06816.HK","SECURITY_CODE":"06816","SECURITY_NAME_ABBR":"瑞港建设","ORG_CODE":"10524087","STD_REPORT_DATE":"2020-12-31 00:00:00","REPORT_DATE":"2020-12-31 00:00:00","DATE_TYPE_CODE":"001","REPORT_TYPE":"2020年年报","PER_NETCASH_OPERATE":-0.1736703099,"PER_OI":1.5419854768,"BPS":0.5630487436,"BASIC_EPS":0.01430788,"DILUTED_EPS":0.01430788,"OPERATE_INCOME":1233588381.44,"OPERATE_INCOME_YOY":184.5586193909,"GROSS_PROFIT":72907065,"GROSS_PROFIT_YOY":63.281860551853,"HOLDER_PROFIT":11438729.24,"HOLDER_PROFIT_YOY":12.4338186631,"GROSS_PROFIT_RATIO":5.910161452307,"EPS_TTM":0.01429841155,"OPERATE_INCOME_QOQ":61.688128476127,"NET_PROFIT_RATIO":1.0948382202,"ROE_AVG":2.583363904375,"GROSS_PROFIT_QOQ":19.647721449201,"ROA":1.013400281927,"HOLDER_PROFIT_QOQ":5.20638039348,"ROE_YEARLY":2.583363904375,"ROIC_YEARLY":1.316068507994,"TOTAL_ASSETS":1476093481.2,"TOTAL_LIABILITIES":1009091011.12,"TAX_EBT":43.454667183481,"OCF_SALES":-11.262772089165,"TOTAL_PARENT_EQUITY":450438994.88,"DEBT_ASSET_RATIO":68.3622700034,"OPERATE_PROFIT":32103516.16,"PRETAX_PROFIT":23884901.56,"NETCASH_OPERATE":-138936247.92,"NETCASH_INVEST":-104492972.56,"NETCASH_FINANCE":146957077.12,"END_CASH":192584906.44,"DIVI_RATIO":null,"DIVIDEND_RATE":null,"CURRENT_RATIO":1.351014292191,"COMMON_ACS":4000000000,"CURRENTDEBT_DEBT":87.390467389183,"ISSUED_COMMON_SHARES":800000000,"HK_COMMON_SHARES":800000000,"PER_SHARES":2000,"TOTAL_MARKET_CAP":99200000,"HKSK_MARKET_CAP":99200000,"PE_TTM":-0.513625043363,"PB_TTM":0.394832156532,"REPORT_DATE_SQ":"2019-12-31 00:00:00","REPORT_TYPE_SQ":"2019年年报","OPERATE_INCOME_SQ":461395675.06,"DPS_HKD":null,"OPERATE_INCOME_QOQ_SQ":70.38089243047,"NET_PROFIT_RATIO_SQ":2.3468335802,"HOLDER_PROFIT_SQ":10828188.64,"HOLDER_PROFIT_QOQ_SQ":56.388797731079,"ROE_AVG_SQ":2.377931349232,"PE_TTM_SQ":-3.059039461609,"PB_TTM_SQ":0.441938164012,"ROA_SQ":1.383240453604,"START_DATE":"2020-01-01 00:00:00","FISCAL_YEAR":"12-31","CURRENCY":"HKD","IS_CNY_CODE":0,"DPS_HKD_LY":null,"ORG_TYPE":"一般企业","PREMIUM_INCOME":null,"PREMIUM_INCOME_YOY":null,"NET_INTEREST_INCOME":null,"NET_INTEREST_INCOME_YOY":null,"FEE_COMMISSION_INCOME":null,"FEE_COMMISSION_INCOME_YOY":null,"ACCOUNTS_RECE_TDAYS":4.515885132231,"INVENTORY_TDAYS":535.769619269619,"CURRENT_ASSETS_TDAYS":1.383212937705,"TOTAL_ASSETS_TDAYS":1.092882598498,"PREMIUM_EXPENSE":null,"LOAN_DEPOSIT":null,"LOAN_EQUITY":null,"LOAN_ASSETS":null,"DEPOSIT_EQUITY":null,"DEPOSIT_ASSETS":null,"EQUITY_MULTIPLIER":3.160783027441,"EQUITY_RATIO":2.240239017026},{"SECUCODE":"06816.HK","SECURITY_CODE":"06816","SECURITY_NAME_ABBR":"瑞港建设","ORG_CODE":"10524087","STD_REPORT_DATE":"2020-06-30 00:00:00","REPORT_DATE":"2020-06-30 00:00:00","DATE_TYPE_CODE":"002","REPORT_TYPE":"2020年中报","PER_NETCASH_OPERATE":-0.120499863,"PER_OI":0.565796154,"BPS":0.6069660366,"BASIC_EPS":0.00867768,"DILUTED_EPS":0.00867768,"OPERATE_INCOME":452636923.2,"OPERATE_INCOME_YOY":188.5030769858,"GROSS_PROFIT":31502718.72,"GROSS_PROFIT_YOY":106.996015268459,"HOLDER_PROFIT":6197690.4,"HOLDER_PROFIT_YOY":-3.0021443888,"GROSS_PROFIT_RATIO":6.959820797934,"EPS_TTM":0.013590821675,"OPERATE_INCOME_QOQ":65.355489346706,"NET_PROFIT_RATIO":1.5347204004,"ROE_AVG":1.294120003166,"GROSS_PROFIT_QOQ":36.468842510451,"ROA":0.558524474649,"HOLDER_PROFIT_QOQ":0.410675335261,"ROE_YEARLY":2.588240006332,"ROIC_YEARLY":1.443871234776,"TOTAL_ASSETS":1371246080.16,"TOTAL_LIABILITIES":885673250.88,"TAX_EBT":12.846665138666,"OCF_SALES":-21.297398744778,"TOTAL_PARENT_EQUITY":485572829.28,"DEBT_ASSET_RATIO":64.5889358369,"OPERATE_PROFIT":12747055.2,"PRETAX_PROFIT":7970677.44,"NETCASH_OPERATE":-96399890.4,"NETCASH_INVEST":-56141849.28,"NETCASH_FINANCE":26039434.08,"END_CASH":177481392,"DIVI_RATIO":null,"DIVIDEND_RATE":null,"CURRENT_RATIO":1.262794633487,"COMMON_ACS":4000000000,"CURRENTDEBT_DEBT":98.174611851048,"ISSUED_COMMON_SHARES":800000000,"HK_COMMON_SHARES":800000000,"PER_SHARES":2000,"TOTAL_MARKET_CAP":99200000,"HKSK_MARKET_CAP":99200000,"PE_TTM":-0.513625043363,"PB_TTM":0.394832156532,"REPORT_DATE_SQ":"2019-06-30 00:00:00","REPORT_TYPE_SQ":"2019年中报","OPERATE_INCOME_SQ":151089521.94,"DPS_HKD":null,"OPERATE_INCOME_QOQ_SQ":-19.634952862497,"NET_PROFIT_RATIO_SQ":4.0725667942,"HOLDER_PROFIT_SQ":6153221.7,"HOLDER_PROFIT_QOQ_SQ":-74.018806194744,"ROE_AVG_SQ":1.386448481893,"PE_TTM_SQ":-3.059039461609,"PB_TTM_SQ":0.441938164012,"ROA_SQ":0.813906337357,"START_DATE":"2020-01-01 00:00:00","FISCAL_YEAR":"12-31","CURRENCY":"HKD","IS_CNY_CODE":0,"DPS_HKD_LY":null,"ORG_TYPE":"一般企业","PREMIUM_INCOME":null,"PREMIUM_INCOME_YOY":null,"NET_INTEREST_INCOME":null,"NET_INTEREST_INCOME_YOY":null,"FEE_COMMISSION_INCOME":null,"FEE_COMMISSION_INCOME_YOY":null,"ACCOUNTS_RECE_TDAYS":1.02401167158,"INVENTORY_TDAYS":null,"CURRENT_ASSETS_TDAYS":0.520033456434,"TOTAL_ASSETS_TDAYS":0.407908080948,"PREMIUM_EXPENSE":null,"LOAN_DEPOSIT":null,"LOAN_EQUITY":null,"LOAN_ASSETS":null,"DEPOSIT_EQUITY":null,"DEPOSIT_ASSETS":null,"EQUITY_MULTIPLIER":2.82397613185,"EQUITY_RATIO":1.823976131847}],"count":21},"success":true,"message":"ok","code":0}