{"version":"a19fa0f1b87ecb13a9cd423a09c2f2bf","result":{"pages":2,"data":[{"SECUCODE":"06820.HK","SECURITY_CODE":"06820","SECURITY_NAME_ABBR":"友谊时光","ORG_CODE":"10000007082","STD_REPORT_DATE":"2024-06-30 00:00:00","REPORT_DATE":"2024-06-30 00:00:00","DATE_TYPE_CODE":"002","REPORT_TYPE":"2024年中报","PER_NETCASH_OPERATE":-0.053316826008,"PER_OI":0.241223376207,"BPS":0.517303345026,"BASIC_EPS":-0.03,"DILUTED_EPS":-0.03,"OPERATE_INCOME":526072000,"OPERATE_INCOME_YOY":-15.1964561484,"GROSS_PROFIT":360287000,"GROSS_PROFIT_YOY":-12.681828537083,"HOLDER_PROFIT":-72328000,"HOLDER_PROFIT_YOY":10.6443961257,"GROSS_PROFIT_RATIO":68.486252832312,"EPS_TTM":-0.059382350918,"OPERATE_INCOME_QOQ":-8.926804370697,"NET_PROFIT_RATIO":-13.7486883925,"ROE_AVG":-6.203824382227,"GROSS_PROFIT_QOQ":-7.449690705505,"ROA":-5.088595581249,"HOLDER_PROFIT_QOQ":6.238053866203,"ROE_YEARLY":-12.407648764454,"ROIC_YEARLY":-17.719969939162,"TOTAL_ASSETS":1377134000,"TOTAL_LIABILITIES":248973000,"TAX_EBT":-4.434208816437,"OCF_SALES":-22.102677960431,"TOTAL_PARENT_EQUITY":1128161000,"DEBT_ASSET_RATIO":18.0790685583,"OPERATE_PROFIT":-79254000,"PRETAX_PROFIT":-69257000,"NETCASH_OPERATE":-116276000,"NETCASH_INVEST":163936000,"NETCASH_FINANCE":8660000,"END_CASH":452704000,"DIVI_RATIO":null,"DIVIDEND_RATE":null,"CURRENT_RATIO":3.72802000697,"COMMON_ACS":5000000000,"CURRENTDEBT_DEBT":97.968454410719,"ISSUED_COMMON_SHARES":2180850000,"HK_COMMON_SHARES":2180850000,"PER_SHARES":2000,"TOTAL_MARKET_CAP":1243084500,"HKSK_MARKET_CAP":1243084500,"PE_TTM":-8.640476349425,"PB_TTM":1.005652882399,"REPORT_DATE_SQ":"2023-06-30 00:00:00","REPORT_TYPE_SQ":"2023年中报","OPERATE_INCOME_SQ":620342000,"DPS_HKD":null,"OPERATE_INCOME_QOQ_SQ":-13.494897306531,"NET_PROFIT_RATIO_SQ":-13.0482862679,"HOLDER_PROFIT_SQ":-80944000,"HOLDER_PROFIT_QOQ_SQ":-31.786866313568,"ROE_AVG_SQ":-5.762455336771,"PE_TTM_SQ":95.284249404137,"PB_TTM_SQ":1.715916374362,"ROA_SQ":-5.295372175483,"START_DATE":"2024-01-01 00:00:00","FISCAL_YEAR":"12-31","CURRENCY":"HKD","IS_CNY_CODE":0,"DPS_HKD_LY":null,"ORG_TYPE":"一般企业","PREMIUM_INCOME":null,"PREMIUM_INCOME_YOY":null,"NET_INTEREST_INCOME":null,"NET_INTEREST_INCOME_YOY":null,"FEE_COMMISSION_INCOME":null,"FEE_COMMISSION_INCOME_YOY":null,"ACCOUNTS_RECE_TDAYS":5.748164335664,"INVENTORY_TDAYS":null,"CURRENT_ASSETS_TDAYS":0.537593708358,"TOTAL_ASSETS_TDAYS":0.370114983771,"PREMIUM_EXPENSE":null,"LOAN_DEPOSIT":null,"LOAN_EQUITY":null,"LOAN_ASSETS":null,"DEPOSIT_EQUITY":null,"DEPOSIT_ASSETS":null,"EQUITY_MULTIPLIER":1.220689245595,"EQUITY_RATIO":0.220689245595},{"SECUCODE":"06820.HK","SECURITY_CODE":"06820","SECURITY_NAME_ABBR":"友谊时光","ORG_CODE":"10000007082","STD_REPORT_DATE":"2023-12-31 00:00:00","REPORT_DATE":"2023-12-31 00:00:00","DATE_TYPE_CODE":"001","REPORT_TYPE":"2023年年报","PER_NETCASH_OPERATE":-0.021223834743,"PER_OI":0.484230002063,"BPS":0.551877478965,"BASIC_EPS":-0.06,"DILUTED_EPS":-0.06,"OPERATE_INCOME":1056033000,"OPERATE_INCOME_YOY":-30.7242695608,"GROSS_PROFIT":702405000,"GROSS_PROFIT_YOY":-32.727173469564,"HOLDER_PROFIT":-138120000,"HOLDER_PROFIT_YOY":-650.0378320258,"GROSS_PROFIT_RATIO":66.513546451673,"EPS_TTM":-0.063333104065,"OPERATE_INCOME_QOQ":-19.91717449927,"NET_PROFIT_RATIO":-13.0791367315,"ROE_AVG":-10.229175145,"GROSS_PROFIT_QOQ":-20.540892754725,"ROA":-8.972341451769,"HOLDER_PROFIT_QOQ":-906.351801039174,"ROE_YEARLY":-10.229175145,"ROIC_YEARLY":-14.025773831858,"TOTAL_ASSETS":1465615000,"TOTAL_LIABILITIES":262053000,"TAX_EBT":-89.392277314612,"OCF_SALES":-4.383006970426,"TOTAL_PARENT_EQUITY":1203562000,"DEBT_ASSET_RATIO":17.8800708235,"OPERATE_PROFIT":-68747000,"PRETAX_PROFIT":-72928000,"NETCASH_OPERATE":-46286000,"NETCASH_INVEST":60112000,"NETCASH_FINANCE":-21699000,"END_CASH":396216000,"DIVI_RATIO":null,"DIVIDEND_RATE":null,"CURRENT_RATIO":4.097288588924,"COMMON_ACS":5000000000,"CURRENTDEBT_DEBT":97.588655729948,"ISSUED_COMMON_SHARES":2180850000,"HK_COMMON_SHARES":2180850000,"PER_SHARES":2000,"TOTAL_MARKET_CAP":1308510000,"HKSK_MARKET_CAP":1308510000,"PE_TTM":-9.095238262553,"PB_TTM":1.058581981473,"REPORT_DATE_SQ":"2022-12-31 00:00:00","REPORT_TYPE_SQ":"2022年年报","OPERATE_INCOME_SQ":1524391000,"DPS_HKD":null,"OPERATE_INCOME_QOQ_SQ":-5.269493228568,"NET_PROFIT_RATIO_SQ":1.6472807829,"HOLDER_PROFIT_SQ":25111000,"HOLDER_PROFIT_QOQ_SQ":-65.234667035858,"ROE_AVG_SQ":1.597720142243,"PE_TTM_SQ":125.06057734293,"PB_TTM_SQ":2.25214024135,"ROA_SQ":1.468521183203,"START_DATE":"2023-01-01 00:00:00","FISCAL_YEAR":"12-31","CURRENCY":"HKD","IS_CNY_CODE":0,"DPS_HKD_LY":0.06,"ORG_TYPE":"一般企业","PREMIUM_INCOME":null,"PREMIUM_INCOME_YOY":null,"NET_INTEREST_INCOME":null,"NET_INTEREST_INCOME_YOY":null,"FEE_COMMISSION_INCOME":null,"FEE_COMMISSION_INCOME_YOY":null,"ACCOUNTS_RECE_TDAYS":11.030793335771,"INVENTORY_TDAYS":null,"CURRENT_ASSETS_TDAYS":1.003322451679,"TOTAL_ASSETS_TDAYS":0.686004102254,"PREMIUM_EXPENSE":null,"LOAN_DEPOSIT":null,"LOAN_EQUITY":null,"LOAN_ASSETS":null,"DEPOSIT_EQUITY":null,"DEPOSIT_ASSETS":null,"EQUITY_MULTIPLIER":1.217731201218,"EQUITY_RATIO":0.217731201218},{"SECUCODE":"06820.HK","SECURITY_CODE":"06820","SECURITY_NAME_ABBR":"友谊时光","ORG_CODE":"10000007082","STD_REPORT_DATE":"2023-06-30 00:00:00","REPORT_DATE":"2023-06-30 00:00:00","DATE_TYPE_CODE":"002","REPORT_TYPE":"2023年中报","PER_NETCASH_OPERATE":-0.019715707178,"PER_OI":0.284449641195,"BPS":0.601787835018,"BASIC_EPS":-0.04,"DILUTED_EPS":-0.04,"OPERATE_INCOME":620342000,"OPERATE_INCOME_YOY":-24.9032451756,"GROSS_PROFIT":412614000,"GROSS_PROFIT_YOY":-27.958515569756,"HOLDER_PROFIT":-80944000,"HOLDER_PROFIT_YOY":-10.9399413393,"GROSS_PROFIT_RATIO":66.513955205355,"EPS_TTM":0.007854277002,"OPERATE_INCOME_QOQ":-13.494897306531,"NET_PROFIT_RATIO":-13.0482862679,"ROE_AVG":-5.762455336771,"GROSS_PROFIT_QOQ":-15.336543710744,"ROA":-5.295372175483,"HOLDER_PROFIT_QOQ":-31.786866313568,"ROE_YEARLY":-11.524910673542,"ROIC_YEARLY":-16.835475881835,"TOTAL_ASSETS":1443980000,"TOTAL_LIABILITIES":131571000,"TAX_EBT":-388.497284248642,"OCF_SALES":-6.931176673512,"TOTAL_PARENT_EQUITY":1312409000,"DEBT_ASSET_RATIO":9.1116912977,"OPERATE_PROFIT":-14437000,"PRETAX_PROFIT":-16570000,"NETCASH_OPERATE":-42997000,"NETCASH_INVEST":216707000,"NETCASH_FINANCE":-78935000,"END_CASH":499436000,"DIVI_RATIO":null,"DIVIDEND_RATE":null,"CURRENT_RATIO":7.388702678196,"COMMON_ACS":5000000000,"CURRENTDEBT_DEBT":93.877830220945,"ISSUED_COMMON_SHARES":2180850000,"HK_COMMON_SHARES":2180850000,"PER_SHARES":2000,"TOTAL_MARKET_CAP":1308510000,"HKSK_MARKET_CAP":1308510000,"PE_TTM":-9.095238262553,"PB_TTM":1.058581981473,"REPORT_DATE_SQ":"2022-06-30 00:00:00","REPORT_TYPE_SQ":"2022年中报","OPERATE_INCOME_SQ":826057000,"DPS_HKD":null,"OPERATE_INCOME_QOQ_SQ":-0.430037800013,"NET_PROFIT_RATIO_SQ":-8.8325624019,"HOLDER_PROFIT_SQ":-72962000,"HOLDER_PROFIT_QOQ_SQ":-73.780596261838,"ROE_AVG_SQ":-4.812949222667,"PE_TTM_SQ":125.06057734293,"PB_TTM_SQ":2.25214024135,"ROA_SQ":-4.451778450774,"START_DATE":"2023-01-01 00:00:00","FISCAL_YEAR":"12-31","CURRENCY":"HKD","IS_CNY_CODE":0,"DPS_HKD_LY":0.06,"ORG_TYPE":"一般企业","PREMIUM_INCOME":null,"PREMIUM_INCOME_YOY":null,"NET_INTEREST_INCOME":null,"NET_INTEREST_INCOME_YOY":null,"FEE_COMMISSION_INCOME":null,"FEE_COMMISSION_INCOME_YOY":null,"ACCOUNTS_RECE_TDAYS":5.62087274836,"INVENTORY_TDAYS":null,"CURRENT_ASSETS_TDAYS":0.629827517325,"TOTAL_ASSETS_TDAYS":0.405828939277,"PREMIUM_EXPENSE":null,"LOAN_DEPOSIT":null,"LOAN_EQUITY":null,"LOAN_ASSETS":null,"DEPOSIT_EQUITY":null,"DEPOSIT_ASSETS":null,"EQUITY_MULTIPLIER":1.100251522201,"EQUITY_RATIO":0.100251522201},{"SECUCODE":"06820.HK","SECURITY_CODE":"06820","SECURITY_NAME_ABBR":"友谊时光","ORG_CODE":"10000007082","STD_REPORT_DATE":"2022-12-31 00:00:00","REPORT_DATE":"2022-12-31 00:00:00","DATE_TYPE_CODE":"001","REPORT_TYPE":"2022年年报","PER_NETCASH_OPERATE":0.071171332279,"PER_OI":0.698989384873,"BPS":0.686406217759,"BASIC_EPS":0.01,"DILUTED_EPS":0.01,"OPERATE_INCOME":1524391000,"OPERATE_INCOME_YOY":-5.6768702158,"GROSS_PROFIT":1044114000,"GROSS_PROFIT_YOY":-4.159430453412,"HOLDER_PROFIT":25111000,"HOLDER_PROFIT_YOY":-90.8847369892,"GROSS_PROFIT_RATIO":68.493844427053,"EPS_TTM":0.011514317812,"OPERATE_INCOME_QOQ":-5.269493228568,"NET_PROFIT_RATIO":1.6472807829,"ROE_AVG":1.597720142243,"GROSS_PROFIT_QOQ":-5.241720673291,"ROA":1.468521183203,"HOLDER_PROFIT_QOQ":-65.234667035858,"ROE_YEARLY":1.597720142243,"ROIC_YEARLY":2.362009933027,"TOTAL_ASSETS":1613180000,"TOTAL_LIABILITIES":116231000,"TAX_EBT":-2.787556283258,"OCF_SALES":10.182033349712,"TOTAL_PARENT_EQUITY":1496949000,"DEBT_ASSET_RATIO":7.2050856073,"OPERATE_PROFIT":17237000,"PRETAX_PROFIT":24430000,"NETCASH_OPERATE":155214000,"NETCASH_INVEST":-278039000,"NETCASH_FINANCE":-225359000,"END_CASH":403942000,"DIVI_RATIO":null,"DIVIDEND_RATE":null,"CURRENT_RATIO":9.977407634596,"COMMON_ACS":5000000000,"CURRENTDEBT_DEBT":91.167588681161,"ISSUED_COMMON_SHARES":2180850000,"HK_COMMON_SHARES":2180850000,"PER_SHARES":2000,"TOTAL_MARKET_CAP":1308510000,"HKSK_MARKET_CAP":1308510000,"PE_TTM":-9.095238262553,"PB_TTM":1.058581981473,"REPORT_DATE_SQ":"2021-12-31 00:00:00","REPORT_TYPE_SQ":"2021年年报","OPERATE_INCOME_SQ":1616137000,"DPS_HKD":null,"OPERATE_INCOME_QOQ_SQ":-17.754009661049,"NET_PROFIT_RATIO_SQ":17.0457702534,"HOLDER_PROFIT_SQ":275483000,"HOLDER_PROFIT_QOQ_SQ":-41.473016439555,"ROE_AVG_SQ":17.148952355341,"PE_TTM_SQ":125.06057734293,"PB_TTM_SQ":2.25214024135,"ROA_SQ":15.309280441646,"START_DATE":"2022-01-01 00:00:00","FISCAL_YEAR":"12-31","CURRENCY":"HKD","IS_CNY_CODE":0,"DPS_HKD_LY":0.12,"ORG_TYPE":"一般企业","PREMIUM_INCOME":null,"PREMIUM_INCOME_YOY":null,"NET_INTEREST_INCOME":null,"NET_INTEREST_INCOME_YOY":null,"FEE_COMMISSION_INCOME":null,"FEE_COMMISSION_INCOME_YOY":null,"ACCOUNTS_RECE_TDAYS":10.63642389651,"INVENTORY_TDAYS":null,"CURRENT_ASSETS_TDAYS":1.326308774058,"TOTAL_ASSETS_TDAYS":0.89148200987,"PREMIUM_EXPENSE":null,"LOAN_DEPOSIT":null,"LOAN_EQUITY":null,"LOAN_ASSETS":null,"DEPOSIT_EQUITY":null,"DEPOSIT_ASSETS":null,"EQUITY_MULTIPLIER":1.0776452638,"EQUITY_RATIO":0.0776452638},{"SECUCODE":"06820.HK","SECURITY_CODE":"06820","SECURITY_NAME_ABBR":"友谊时光","ORG_CODE":"10000007082","STD_REPORT_DATE":"2022-06-30 00:00:00","REPORT_DATE":"2022-06-30 00:00:00","DATE_TYPE_CODE":"002","REPORT_TYPE":"2022年中报","PER_NETCASH_OPERATE":-0.014186211798,"PER_OI":0.378777540867,"BPS":0.635302290391,"BASIC_EPS":-0.03,"DILUTED_EPS":-0.03,"OPERATE_INCOME":826057000,"OPERATE_INCOME_YOY":-0.8343267223,"GROSS_PROFIT":572745000,"GROSS_PROFIT_YOY":2.220766657981,"HOLDER_PROFIT":-72962000,"HOLDER_PROFIT_YOY":-155.9992631878,"GROSS_PROFIT_RATIO":69.334803772621,"EPS_TTM":0.033120113717,"OPERATE_INCOME_QOQ":-0.430037800013,"NET_PROFIT_RATIO":-8.8325624019,"ROE_AVG":-4.812949222667,"GROSS_PROFIT_QOQ":1.142159004542,"ROA":-4.451778450774,"HOLDER_PROFIT_QOQ":-73.780596261838,"ROE_YEARLY":-9.625898445333,"ROIC_YEARLY":-14.85567978499,"TOTAL_ASSETS":1471158000,"TOTAL_LIABILITIES":85659000,"TAX_EBT":1.474599616496,"OCF_SALES":-3.745262130821,"TOTAL_PARENT_EQUITY":1385499000,"DEBT_ASSET_RATIO":5.8225561089,"OPERATE_PROFIT":-83214000,"PRETAX_PROFIT":-74054000,"NETCASH_OPERATE":-30938000,"NETCASH_INVEST":-113747000,"NETCASH_FINANCE":-224386000,"END_CASH":383155000,"DIVI_RATIO":null,"DIVIDEND_RATE":null,"CURRENT_RATIO":11.259401629657,"COMMON_ACS":5000000000,"CURRENTDEBT_DEBT":93.843028753546,"ISSUED_COMMON_SHARES":2180850000,"HK_COMMON_SHARES":2180850000,"PER_SHARES":2000,"TOTAL_MARKET_CAP":1308510000,"HKSK_MARKET_CAP":1308510000,"PE_TTM":-9.095238262553,"PB_TTM":1.058581981473,"REPORT_DATE_SQ":"2021-06-30 00:00:00","REPORT_TYPE_SQ":"2021年中报","OPERATE_INCOME_SQ":833007000,"DPS_HKD":null,"OPERATE_INCOME_QOQ_SQ":-9.955426881435,"NET_PROFIT_RATIO_SQ":15.6410450332,"HOLDER_PROFIT_SQ":130291000,"HOLDER_PROFIT_QOQ_SQ":-6.519118444388,"ROE_AVG_SQ":8.494100006519,"PE_TTM_SQ":125.06057734293,"PB_TTM_SQ":2.25214024135,"ROA_SQ":7.541882625613,"START_DATE":"2022-01-01 00:00:00","FISCAL_YEAR":"12-31","CURRENCY":"HKD","IS_CNY_CODE":0,"DPS_HKD_LY":0.12,"ORG_TYPE":"一般企业","PREMIUM_INCOME":null,"PREMIUM_INCOME_YOY":null,"NET_INTEREST_INCOME":null,"NET_INTEREST_INCOME_YOY":null,"FEE_COMMISSION_INCOME":null,"FEE_COMMISSION_INCOME_YOY":null,"ACCOUNTS_RECE_TDAYS":5.285242650117,"INVENTORY_TDAYS":369.259475218659,"CURRENT_ASSETS_TDAYS":0.769668040668,"TOTAL_ASSETS_TDAYS":0.504018907337,"PREMIUM_EXPENSE":null,"LOAN_DEPOSIT":null,"LOAN_EQUITY":null,"LOAN_ASSETS":null,"DEPOSIT_EQUITY":null,"DEPOSIT_ASSETS":null,"EQUITY_MULTIPLIER":1.061825378438,"EQUITY_RATIO":0.061825378438},{"SECUCODE":"06820.HK","SECURITY_CODE":"06820","SECURITY_NAME_ABBR":"友谊时光","ORG_CODE":"10000007082","STD_REPORT_DATE":"2021-12-31 00:00:00","REPORT_DATE":"2021-12-31 00:00:00","DATE_TYPE_CODE":"001","REPORT_TYPE":"2021年年报","PER_NETCASH_OPERATE":0.120437444116,"PER_OI":0.741058302955,"BPS":0.754937295091,"BASIC_EPS":0.13,"DILUTED_EPS":0.13,"OPERATE_INCOME":1616137000,"OPERATE_INCOME_YOY":-25.9419490922,"GROSS_PROFIT":1089428000,"GROSS_PROFIT_YOY":-25.805720045357,"HOLDER_PROFIT":275483000,"HOLDER_PROFIT_YOY":-45.2884598198,"GROSS_PROFIT_RATIO":67.409384229184,"EPS_TTM":0.126319095765,"OPERATE_INCOME_QOQ":-17.754009661049,"NET_PROFIT_RATIO":17.0457702534,"ROE_AVG":17.148952355341,"GROSS_PROFIT_QOQ":-18.683503789547,"ROA":15.309280441646,"HOLDER_PROFIT_QOQ":-41.473016439555,"ROE_YEARLY":17.148952355341,"ROIC_YEARLY":31.424262853089,"TOTAL_ASSETS":1806723000,"TOTAL_LIABILITIES":160318000,"TAX_EBT":-17.79372212649,"OCF_SALES":16.252087539608,"TOTAL_PARENT_EQUITY":1646405000,"DEBT_ASSET_RATIO":8.8734133567,"OPERATE_PROFIT":240751000,"PRETAX_PROFIT":233869000,"NETCASH_OPERATE":262656000,"NETCASH_INVEST":-385542000,"NETCASH_FINANCE":-217038000,"END_CASH":752264000,"DIVI_RATIO":null,"DIVIDEND_RATE":null,"CURRENT_RATIO":8.201800980431,"COMMON_ACS":5000000000,"CURRENTDEBT_DEBT":94.413602964109,"ISSUED_COMMON_SHARES":2180850000,"HK_COMMON_SHARES":2180850000,"PER_SHARES":2000,"TOTAL_MARKET_CAP":1308510000,"HKSK_MARKET_CAP":1308510000,"PE_TTM":-9.095238262553,"PB_TTM":1.058581981473,"REPORT_DATE_SQ":"2020-12-31 00:00:00","REPORT_TYPE_SQ":"2020年年报","OPERATE_INCOME_SQ":2182257000,"DPS_HKD":null,"OPERATE_INCOME_QOQ_SQ":11.419114245773,"NET_PROFIT_RATIO_SQ":23.0733135465,"HOLDER_PROFIT_SQ":503519000,"HOLDER_PROFIT_QOQ_SQ":17.472808462389,"ROE_AVG_SQ":35.048645126891,"PE_TTM_SQ":125.06057734293,"PB_TTM_SQ":2.25214024135,"ROA_SQ":30.484912807963,"START_DATE":"2021-01-01 00:00:00","FISCAL_YEAR":"12-31","CURRENCY":"HKD","IS_CNY_CODE":0,"DPS_HKD_LY":0.12,"ORG_TYPE":"一般企业","PREMIUM_INCOME":null,"PREMIUM_INCOME_YOY":null,"NET_INTEREST_INCOME":null,"NET_INTEREST_INCOME_YOY":null,"FEE_COMMISSION_INCOME":null,"FEE_COMMISSION_INCOME_YOY":null,"ACCOUNTS_RECE_TDAYS":8.898599800679,"INVENTORY_TDAYS":705.09906291834,"CURRENT_ASSETS_TDAYS":1.221944905239,"TOTAL_ASSETS_TDAYS":0.898127817873,"PREMIUM_EXPENSE":null,"LOAN_DEPOSIT":null,"LOAN_EQUITY":null,"LOAN_ASSETS":null,"DEPOSIT_EQUITY":null,"DEPOSIT_ASSETS":null,"EQUITY_MULTIPLIER":1.097374582804,"EQUITY_RATIO":0.097374582803},{"SECUCODE":"06820.HK","SECURITY_CODE":"06820","SECURITY_NAME_ABBR":"友谊时光","ORG_CODE":"10000007082","STD_REPORT_DATE":"2021-06-30 00:00:00","REPORT_DATE":"2021-06-30 00:00:00","DATE_TYPE_CODE":"002","REPORT_TYPE":"2021年中报","PER_NETCASH_OPERATE":0.021028498063,"PER_OI":0.38196437169,"BPS":0.688437535823,"BASIC_EPS":0.06,"DILUTED_EPS":0.06,"OPERATE_INCOME":833007000,"OPERATE_INCOME_YOY":-20.6856397463,"GROSS_PROFIT":560302000,"GROSS_PROFIT_YOY":-18.668213073135,"HOLDER_PROFIT":130291000,"HOLDER_PROFIT_YOY":-20.123715638,"GROSS_PROFIT_RATIO":67.262580026338,"EPS_TTM":0.215830524795,"OPERATE_INCOME_QOQ":-9.955426881435,"NET_PROFIT_RATIO":15.6410450332,"ROE_AVG":8.494100006519,"GROSS_PROFIT_QOQ":-8.758636424001,"ROA":7.541882625613,"HOLDER_PROFIT_QOQ":-6.519118444388,"ROE_YEARLY":16.988200013039,"ROIC_YEARLY":33.6494482194,"TOTAL_ASSETS":1662953000,"TOTAL_LIABILITIES":161574000,"TAX_EBT":-58.668939901358,"OCF_SALES":5.505355897369,"TOTAL_PARENT_EQUITY":1501379000,"DEBT_ASSET_RATIO":9.7160893904,"OPERATE_PROFIT":81647000,"PRETAX_PROFIT":82115000,"NETCASH_OPERATE":45860000,"NETCASH_INVEST":-144896000,"NETCASH_FINANCE":-216461000,"END_CASH":774243000,"DIVI_RATIO":null,"DIVIDEND_RATE":null,"CURRENT_RATIO":8.068469785575,"COMMON_ACS":5000000000,"CURRENTDEBT_DEBT":91.440454528575,"ISSUED_COMMON_SHARES":2180850000,"HK_COMMON_SHARES":2180850000,"PER_SHARES":2000,"TOTAL_MARKET_CAP":1308510000,"HKSK_MARKET_CAP":1308510000,"PE_TTM":-9.095238262553,"PB_TTM":1.058581981473,"REPORT_DATE_SQ":"2020-06-30 00:00:00","REPORT_TYPE_SQ":"2020年中报","OPERATE_INCOME_SQ":1050260000,"DPS_HKD":null,"OPERATE_INCOME_QOQ_SQ":15.958724751354,"NET_PROFIT_RATIO_SQ":15.5310113686,"HOLDER_PROFIT_SQ":163116000,"HOLDER_PROFIT_QOQ_SQ":3.15238239633,"ROE_AVG_SQ":12.640202595366,"PE_TTM_SQ":125.06057734293,"PB_TTM_SQ":2.25214024135,"ROA_SQ":10.428784970724,"START_DATE":"2021-01-01 00:00:00","FISCAL_YEAR":"12-31","CURRENCY":"HKD","IS_CNY_CODE":0,"DPS_HKD_LY":0.12,"ORG_TYPE":"一般企业","PREMIUM_INCOME":null,"PREMIUM_INCOME_YOY":null,"NET_INTEREST_INCOME":null,"NET_INTEREST_INCOME_YOY":null,"FEE_COMMISSION_INCOME":null,"FEE_COMMISSION_INCOME_YOY":null,"ACCOUNTS_RECE_TDAYS":4.084048321779,"INVENTORY_TDAYS":null,"CURRENT_ASSETS_TDAYS":0.641807678899,"TOTAL_ASSETS_TDAYS":0.482185340531,"PREMIUM_EXPENSE":null,"LOAN_DEPOSIT":null,"LOAN_EQUITY":null,"LOAN_ASSETS":null,"DEPOSIT_EQUITY":null,"DEPOSIT_ASSETS":null,"EQUITY_MULTIPLIER":1.107617064046,"EQUITY_RATIO":0.107617064046},{"SECUCODE":"06820.HK","SECURITY_CODE":"06820","SECURITY_NAME_ABBR":"友谊时光","ORG_CODE":"10000007082","STD_REPORT_DATE":"2020-12-31 00:00:00","REPORT_DATE":"2020-12-31 00:00:00","DATE_TYPE_CODE":"001","REPORT_TYPE":"2020年年报","PER_NETCASH_OPERATE":0.263665543251,"PER_OI":1.00064516129,"BPS":0.718261686957,"BASIC_EPS":0.23,"DILUTED_EPS":0.23,"OPERATE_INCOME":2182257000,"OPERATE_INCOME_YOY":29.2001840087,"GROSS_PROFIT":1468345000,"GROSS_PROFIT_YOY":33.234338435518,"HOLDER_PROFIT":503519000,"HOLDER_PROFIT_YOY":21.1760005968,"GROSS_PROFIT_RATIO":67.285613014416,"EPS_TTM":0.230881995552,"OPERATE_INCOME_QOQ":11.419114245773,"NET_PROFIT_RATIO":23.0733135465,"ROE_AVG":35.048645126891,"GROSS_PROFIT_QOQ":13.50991780195,"ROA":30.484912807963,"HOLDER_PROFIT_QOQ":17.472808462389,"ROE_YEARLY":35.048645126891,"ROIC_YEARLY":76.483472750278,"TOTAL_ASSETS":1792179000,"TOTAL_LIABILITIES":225758000,"TAX_EBT":4.384294170036,"OCF_SALES":26.349554612495,"TOTAL_PARENT_EQUITY":1566421000,"DEBT_ASSET_RATIO":12.5968444,"OPERATE_PROFIT":543023000,"PRETAX_PROFIT":526607000,"NETCASH_OPERATE":575015000,"NETCASH_INVEST":-128001000,"NETCASH_FINANCE":-221653000,"END_CASH":1093324000,"DIVI_RATIO":null,"DIVIDEND_RATE":null,"CURRENT_RATIO":6.345135423447,"COMMON_ACS":5000000000,"CURRENTDEBT_DEBT":97.995198398285,"ISSUED_COMMON_SHARES":2180850000,"HK_COMMON_SHARES":2180850000,"PER_SHARES":2000,"TOTAL_MARKET_CAP":1308510000,"HKSK_MARKET_CAP":1308510000,"PE_TTM":-9.095238262553,"PB_TTM":1.058581981473,"REPORT_DATE_SQ":"2019-12-31 00:00:00","REPORT_TYPE_SQ":"2019年年报","OPERATE_INCOME_SQ":1689051000,"DPS_HKD":null,"OPERATE_INCOME_QOQ_SQ":6.689730491813,"NET_PROFIT_RATIO_SQ":24.6012109759,"HOLDER_PROFIT_SQ":415527000,"HOLDER_PROFIT_QOQ_SQ":4.240336758449,"ROE_AVG_SQ":44.197500530495,"PE_TTM_SQ":125.06057734293,"PB_TTM_SQ":2.25214024135,"ROA_SQ":36.982298155856,"START_DATE":"2020-01-01 00:00:00","FISCAL_YEAR":"12-31","CURRENCY":"HKD","IS_CNY_CODE":0,"DPS_HKD_LY":0.1,"ORG_TYPE":"一般企业","PREMIUM_INCOME":null,"PREMIUM_INCOME_YOY":null,"NET_INTEREST_INCOME":null,"NET_INTEREST_INCOME_YOY":null,"FEE_COMMISSION_INCOME":null,"FEE_COMMISSION_INCOME_YOY":null,"ACCOUNTS_RECE_TDAYS":10.924777099718,"INVENTORY_TDAYS":null,"CURRENT_ASSETS_TDAYS":1.635407115581,"TOTAL_ASSETS_TDAYS":1.321219544239,"PREMIUM_EXPENSE":null,"LOAN_DEPOSIT":null,"LOAN_EQUITY":null,"LOAN_ASSETS":null,"DEPOSIT_EQUITY":null,"DEPOSIT_ASSETS":null,"EQUITY_MULTIPLIER":1.144123450847,"EQUITY_RATIO":0.144123450848},{"SECUCODE":"06820.HK","SECURITY_CODE":"06820","SECURITY_NAME_ABBR":"友谊时光","ORG_CODE":"10000007082","STD_REPORT_DATE":"2020-06-30 00:00:00","REPORT_DATE":"2020-06-30 00:00:00","DATE_TYPE_CODE":"002","REPORT_TYPE":"2020年中报","PER_NETCASH_OPERATE":0.037844817735,"PER_OI":0.480063992687,"BPS":0.584208450833,"BASIC_EPS":0.07,"DILUTED_EPS":0.07,"OPERATE_INCOME":1050260000,"OPERATE_INCOME_YOY":34.526436867,"GROSS_PROFIT":688909000,"GROSS_PROFIT_YOY":38.501175103488,"HOLDER_PROFIT":163116000,"HOLDER_PROFIT_YOY":8.7316770766,"GROSS_PROFIT_RATIO":65.594138594253,"EPS_TTM":0.195920923323,"OPERATE_INCOME_QOQ":15.958724751354,"NET_PROFIT_RATIO":15.5310113686,"ROE_AVG":12.640202595366,"GROSS_PROFIT_QOQ":17.376825757184,"ROA":10.428784970724,"HOLDER_PROFIT_QOQ":3.15238239633,"ROE_YEARLY":25.280405190731,"ROIC_YEARLY":43.96959898861,"TOTAL_ASSETS":1616969000,"TOTAL_LIABILITIES":342898000,"TAX_EBT":5.270860434863,"OCF_SALES":7.883286043456,"TOTAL_PARENT_EQUITY":1274071000,"DEBT_ASSET_RATIO":21.2062197853,"OPERATE_PROFIT":175151000,"PRETAX_PROFIT":172192000,"NETCASH_OPERATE":82795000,"NETCASH_INVEST":-135078000,"NETCASH_FINANCE":-94208000,"END_CASH":750890000,"DIVI_RATIO":null,"DIVIDEND_RATE":null,"CURRENT_RATIO":3.85844967559,"COMMON_ACS":5000000000,"CURRENTDEBT_DEBT":98.031776213335,"ISSUED_COMMON_SHARES":2180850000,"HK_COMMON_SHARES":2180850000,"PER_SHARES":2000,"TOTAL_MARKET_CAP":1308510000,"HKSK_MARKET_CAP":1308510000,"PE_TTM":-9.095238262553,"PB_TTM":1.058581981473,"REPORT_DATE_SQ":"2019-06-30 00:00:00","REPORT_TYPE_SQ":"2019年中报","OPERATE_INCOME_SQ":780709000,"DPS_HKD":null,"OPERATE_INCOME_QOQ_SQ":0,"NET_PROFIT_RATIO_SQ":19.2154823372,"HOLDER_PROFIT_SQ":150017000,"HOLDER_PROFIT_QOQ_SQ":0,"ROE_AVG_SQ":null,"PE_TTM_SQ":125.06057734293,"PB_TTM_SQ":2.25214024135,"ROA_SQ":null,"START_DATE":"2020-01-01 00:00:00","FISCAL_YEAR":"12-31","CURRENCY":"HKD","IS_CNY_CODE":0,"DPS_HKD_LY":0.1,"ORG_TYPE":"一般企业","PREMIUM_INCOME":null,"PREMIUM_INCOME_YOY":null,"NET_INTEREST_INCOME":null,"NET_INTEREST_INCOME_YOY":null,"FEE_COMMISSION_INCOME":null,"FEE_COMMISSION_INCOME_YOY":null,"ACCOUNTS_RECE_TDAYS":3.860703540124,"INVENTORY_TDAYS":null,"CURRENT_ASSETS_TDAYS":0.819865497281,"TOTAL_ASSETS_TDAYS":0.671481381554,"PREMIUM_EXPENSE":null,"LOAN_DEPOSIT":null,"LOAN_EQUITY":null,"LOAN_ASSETS":null,"DEPOSIT_EQUITY":null,"DEPOSIT_ASSETS":null,"EQUITY_MULTIPLIER":1.269135707508,"EQUITY_RATIO":0.269135707508}],"count":16},"success":true,"message":"ok","code":0}