{"version":"fe83dba53cf310a60b609e29012ec03f","result":{"pages":3,"data":[{"SECUCODE":"06829.HK","SECURITY_CODE":"06829","SECURITY_NAME_ABBR":"龙升集团控股","ORG_CODE":"10678259","STD_REPORT_DATE":"2024-06-30 00:00:00","REPORT_DATE":"2024-09-30 00:00:00","DATE_TYPE_CODE":"002","REPORT_TYPE":"2024年中报","PER_NETCASH_OPERATE":-0.046259322028,"PER_OI":0.295480260903,"BPS":0.904006900417,"BASIC_EPS":0.003697339,"DILUTED_EPS":0.003697339,"OPERATE_INCOME":425491575.7,"OPERATE_INCOME_YOY":42.4108705888,"GROSS_PROFIT":21518512.98,"GROSS_PROFIT_YOY":0.947470994701,"HOLDER_PROFIT":5334989.64,"HOLDER_PROFIT_YOY":9.7995545657,"GROSS_PROFIT_RATIO":5.05732997054,"EPS_TTM":0.0031638595,"OPERATE_INCOME_QOQ":0,"NET_PROFIT_RATIO":1.1940741369,"ROE_AVG":2.127273217609,"GROSS_PROFIT_QOQ":0,"ROA":1.471984155519,"HOLDER_PROFIT_QOQ":0,"ROE_YEARLY":4.254546435217,"ROIC_YEARLY":3.906794295658,"TOTAL_ASSETS":346858193.07,"TOTAL_LIABILITIES":86113730.68,"TAX_EBT":21.826002497572,"OCF_SALES":-15.655638683424,"TOTAL_PARENT_EQUITY":260353987.32,"DEBT_ASSET_RATIO":24.8267829333,"OPERATE_PROFIT":8402879.22,"PRETAX_PROFIT":6499200.53,"NETCASH_OPERATE":-66613423.72,"NETCASH_INVEST":246188.67,"NETCASH_FINANCE":1827928.33,"END_CASH":26197901.29,"DIVI_RATIO":null,"DIVIDEND_RATE":null,"CURRENT_RATIO":3.935615419937,"COMMON_ACS":1000000000,"CURRENTDEBT_DEBT":95.783940015918,"ISSUED_COMMON_SHARES":288000000,"HK_COMMON_SHARES":288000000,"PER_SHARES":10000,"TOTAL_MARKET_CAP":259200000,"HKSK_MARKET_CAP":259200000,"PE_TTM":54.961832061069,"PB_TTM":0.897792925724,"REPORT_DATE_SQ":"2023-06-30 00:00:00","REPORT_TYPE_SQ":"2023年中报","OPERATE_INCOME_SQ":304025501.08,"DPS_HKD":null,"OPERATE_INCOME_QOQ_SQ":0,"NET_PROFIT_RATIO_SQ":1.62594019,"HOLDER_PROFIT_SQ":4944190.44,"HOLDER_PROFIT_QOQ_SQ":0,"ROE_AVG_SQ":2.025746683911,"PE_TTM_SQ":26.657060518732,"PB_TTM_SQ":0.826292477761,"ROA_SQ":1.720174699257,"START_DATE":"2024-04-01 00:00:00","FISCAL_YEAR":"3-31","CURRENCY":"HKD","IS_CNY_CODE":0,"DPS_HKD_LY":null,"ORG_TYPE":"一般企业","PREMIUM_INCOME":null,"PREMIUM_INCOME_YOY":null,"NET_INTEREST_INCOME":null,"NET_INTEREST_INCOME_YOY":null,"FEE_COMMISSION_INCOME":null,"FEE_COMMISSION_INCOME_YOY":null,"ACCOUNTS_RECE_TDAYS":8.538982191979,"INVENTORY_TDAYS":null,"CURRENT_ASSETS_TDAYS":1.253978230855,"TOTAL_ASSETS_TDAYS":1.173979520112,"PREMIUM_EXPENSE":null,"LOAN_DEPOSIT":null,"LOAN_EQUITY":null,"LOAN_ASSETS":null,"DEPOSIT_EQUITY":null,"DEPOSIT_ASSETS":null,"EQUITY_MULTIPLIER":1.330261014522,"EQUITY_RATIO":0.330756335121},{"SECUCODE":"06829.HK","SECURITY_CODE":"06829","SECURITY_NAME_ABBR":"龙升集团控股","ORG_CODE":"10678259","STD_REPORT_DATE":"2023-12-31 00:00:00","REPORT_DATE":"2024-03-31 00:00:00","DATE_TYPE_CODE":"001","REPORT_TYPE":"2023年年报","PER_NETCASH_OPERATE":-0.01076528125,"PER_OI":0.7145517755,"BPS":0.842011824132,"BASIC_EPS":0.003172925,"DILUTED_EPS":0.003172925,"OPERATE_INCOME":857462130.6,"OPERATE_INCOME_YOY":20.3054149724,"GROSS_PROFIT":35775182.65,"GROSS_PROFIT_YOY":68.905864955094,"HOLDER_PROFIT":3796631.4,"HOLDER_PROFIT_YOY":-47.1412343809,"GROSS_PROFIT_RATIO":4.172217217916,"EPS_TTM":0.006144366125,"OPERATE_INCOME_QOQ":0,"NET_PROFIT_RATIO":0.4406609068,"ROE_AVG":1.578057911108,"GROSS_PROFIT_QOQ":0,"ROA":1.151807262051,"HOLDER_PROFIT_QOQ":0,"ROE_YEARLY":1.578057911108,"ROIC_YEARLY":1.686519921715,"TOTAL_ASSETS":380007629,"TOTAL_LIABILITIES":137201809.75,"TAX_EBT":38.651751545481,"OCF_SALES":-1.506578196166,"TOTAL_PARENT_EQUITY":242499405.35,"DEBT_ASSET_RATIO":36.1050145522,"OPERATE_PROFIT":7065650.7,"PRETAX_PROFIT":6159100.7,"NETCASH_OPERATE":-12918337.5,"NETCASH_INVEST":-12558437.15,"NETCASH_FINANCE":51690574.45,"END_CASH":90653186.9,"DIVI_RATIO":null,"DIVIDEND_RATE":null,"CURRENT_RATIO":2.669863227983,"COMMON_ACS":1000000000,"CURRENTDEBT_DEBT":97.150880438733,"ISSUED_COMMON_SHARES":288000000,"HK_COMMON_SHARES":288000000,"PER_SHARES":10000,"TOTAL_MARKET_CAP":146880000,"HKSK_MARKET_CAP":146880000,"PE_TTM":31.145038167939,"PB_TTM":0.508749324577,"REPORT_DATE_SQ":"2022-12-31 00:00:00","REPORT_TYPE_SQ":"2022年年报","OPERATE_INCOME_SQ":688255220.69,"DPS_HKD":null,"OPERATE_INCOME_QOQ_SQ":0,"NET_PROFIT_RATIO_SQ":1.0077473038,"HOLDER_PROFIT_SQ":6935873.43,"HOLDER_PROFIT_QOQ_SQ":0,"ROE_AVG_SQ":3.055292581959,"PE_TTM_SQ":15.706051873199,"PB_TTM_SQ":0.486842595005,"ROA_SQ":2.615334847365,"START_DATE":"2023-04-01 00:00:00","FISCAL_YEAR":"3-31","CURRENCY":"HKD","IS_CNY_CODE":0,"DPS_HKD_LY":null,"ORG_TYPE":"一般企业","PREMIUM_INCOME":null,"PREMIUM_INCOME_YOY":null,"NET_INTEREST_INCOME":null,"NET_INTEREST_INCOME_YOY":null,"FEE_COMMISSION_INCOME":null,"FEE_COMMISSION_INCOME_YOY":null,"ACCOUNTS_RECE_TDAYS":26.930470929901,"INVENTORY_TDAYS":null,"CURRENT_ASSETS_TDAYS":2.862938815539,"TOTAL_ASSETS_TDAYS":2.601335249345,"PREMIUM_EXPENSE":null,"LOAN_DEPOSIT":null,"LOAN_EQUITY":null,"LOAN_ASSETS":null,"DEPOSIT_EQUITY":null,"DEPOSIT_ASSETS":null,"EQUITY_MULTIPLIER":1.565068045625,"EQUITY_RATIO":0.565782046154},{"SECUCODE":"06829.HK","SECURITY_CODE":"06829","SECURITY_NAME_ABBR":"龙升集团控股","ORG_CODE":"10678259","STD_REPORT_DATE":"2023-06-30 00:00:00","REPORT_DATE":"2023-09-30 00:00:00","DATE_TYPE_CODE":"002","REPORT_TYPE":"2023年中报","PER_NETCASH_OPERATE":0.009014950058,"PER_OI":0.253354584233,"BPS":0.856040458681,"BASIC_EPS":0.004129335,"DILUTED_EPS":0.004129335,"OPERATE_INCOME":304025501.08,"OPERATE_INCOME_YOY":1.8587634888,"GROSS_PROFIT":21316544.9,"GROSS_PROFIT_YOY":51.062538485026,"HOLDER_PROFIT":4944190.44,"HOLDER_PROFIT_YOY":8.1276339554,"GROSS_PROFIT_RATIO":7.011433193688,"EPS_TTM":0.005779894525,"OPERATE_INCOME_QOQ":0,"NET_PROFIT_RATIO":1.62594019,"ROE_AVG":2.025746683911,"GROSS_PROFIT_QOQ":0,"ROA":1.720174699257,"HOLDER_PROFIT_QOQ":0,"ROE_YEARLY":4.051493367823,"ROIC_YEARLY":4.984608125892,"TOTAL_ASSETS":292194497.49,"TOTAL_LIABILITIES":45327251.48,"TAX_EBT":25.921342134213,"OCF_SALES":3.558234434799,"TOTAL_PARENT_EQUITY":246539652.1,"DEBT_ASSET_RATIO":15.5126985174,"OPERATE_PROFIT":6801473.56,"PRETAX_PROFIT":6673005.36,"NETCASH_OPERATE":10817940.07,"NETCASH_INVEST":-9432318.77,"NETCASH_FINANCE":4634949.13,"END_CASH":71247546.09,"DIVI_RATIO":null,"DIVIDEND_RATE":null,"CURRENT_RATIO":6.460586842928,"COMMON_ACS":1000000000,"CURRENTDEBT_DEBT":90.659162685238,"ISSUED_COMMON_SHARES":288000000,"HK_COMMON_SHARES":288000000,"PER_SHARES":10000,"TOTAL_MARKET_CAP":146880000,"HKSK_MARKET_CAP":146880000,"PE_TTM":31.145038167939,"PB_TTM":0.508749324577,"REPORT_DATE_SQ":"2022-06-30 00:00:00","REPORT_TYPE_SQ":"2022年中报","OPERATE_INCOME_SQ":294187198.8,"DPS_HKD":null,"OPERATE_INCOME_QOQ_SQ":0,"NET_PROFIT_RATIO_SQ":1.5319580656,"HOLDER_PROFIT_SQ":4506824.52,"HOLDER_PROFIT_QOQ_SQ":0,"ROE_AVG_SQ":1.932515158978,"PE_TTM_SQ":15.706051873199,"PB_TTM_SQ":0.486842595005,"ROA_SQ":1.586089015785,"START_DATE":"2023-04-01 00:00:00","FISCAL_YEAR":"3-31","CURRENCY":"HKD","IS_CNY_CODE":0,"DPS_HKD_LY":null,"ORG_TYPE":"一般企业","PREMIUM_INCOME":null,"PREMIUM_INCOME_YOY":null,"NET_INTEREST_INCOME":null,"NET_INTEREST_INCOME_YOY":null,"FEE_COMMISSION_INCOME":null,"FEE_COMMISSION_INCOME_YOY":null,"ACCOUNTS_RECE_TDAYS":7.352937260037,"INVENTORY_TDAYS":null,"CURRENT_ASSETS_TDAYS":1.188543467811,"TOTAL_ASSETS_TDAYS":1.057760580288,"PREMIUM_EXPENSE":null,"LOAN_DEPOSIT":null,"LOAN_EQUITY":null,"LOAN_ASSETS":null,"DEPOSIT_EQUITY":null,"DEPOSIT_ASSETS":null,"EQUITY_MULTIPLIER":1.18360982355,"EQUITY_RATIO":0.18385379834},{"SECUCODE":"06829.HK","SECURITY_CODE":"06829","SECURITY_NAME_ABBR":"龙升集团控股","ORG_CODE":"10678259","STD_REPORT_DATE":"2022-12-31 00:00:00","REPORT_DATE":"2023-03-31 00:00:00","DATE_TYPE_CODE":"001","REPORT_TYPE":"2022年年报","PER_NETCASH_OPERATE":-0.006735550442,"PER_OI":0.573546017242,"BPS":0.800276720903,"BASIC_EPS":0.005777706,"DILUTED_EPS":0.005777706,"OPERATE_INCOME":688255220.69,"OPERATE_INCOME_YOY":28.1269912665,"GROSS_PROFIT":21180544.95,"GROSS_PROFIT_YOY":34.800537893005,"HOLDER_PROFIT":6935873.43,"HOLDER_PROFIT_YOY":6.620912394,"GROSS_PROFIT_RATIO":3.077425977062,"EPS_TTM":0.011330501208,"OPERATE_INCOME_QOQ":0,"NET_PROFIT_RATIO":1.0077473038,"ROE_AVG":3.055292581959,"GROSS_PROFIT_QOQ":0,"ROA":2.615334847365,"HOLDER_PROFIT_QOQ":0,"ROE_YEARLY":3.055292581959,"ROIC_YEARLY":4.071344884997,"TOTAL_ASSETS":269648165.25,"TOTAL_LIABILITIES":39168469.63,"TAX_EBT":12.346498506472,"OCF_SALES":-1.174369665064,"TOTAL_PARENT_EQUITY":230479695.62,"DEBT_ASSET_RATIO":14.5257690123,"OPERATE_PROFIT":8075657.25,"PRETAX_PROFIT":7912830.99,"NETCASH_OPERATE":-8082660.53,"NETCASH_INVEST":-11538779.21,"NETCASH_FINANCE":-4998591.1,"END_CASH":62225893.62,"DIVI_RATIO":null,"DIVIDEND_RATE":null,"CURRENT_RATIO":6.187090523208,"COMMON_ACS":1000000000,"CURRENTDEBT_DEBT":96.882193862727,"ISSUED_COMMON_SHARES":288000000,"HK_COMMON_SHARES":288000000,"PER_SHARES":10000,"TOTAL_MARKET_CAP":146880000,"HKSK_MARKET_CAP":146880000,"PE_TTM":31.145038167939,"PB_TTM":0.508749324577,"REPORT_DATE_SQ":"2021-12-31 00:00:00","REPORT_TYPE_SQ":"2021年年报","OPERATE_INCOME_SQ":497649523.17,"DPS_HKD":null,"OPERATE_INCOME_QOQ_SQ":0,"NET_PROFIT_RATIO_SQ":1.2110159921,"HOLDER_PROFIT_SQ":6026615.31,"HOLDER_PROFIT_QOQ_SQ":0,"ROE_AVG_SQ":2.952987063048,"PE_TTM_SQ":15.706051873199,"PB_TTM_SQ":0.486842595005,"ROA_SQ":2.477123856193,"START_DATE":"2022-04-01 00:00:00","FISCAL_YEAR":"3-31","CURRENCY":"HKD","IS_CNY_CODE":0,"DPS_HKD_LY":null,"ORG_TYPE":"一般企业","PREMIUM_INCOME":null,"PREMIUM_INCOME_YOY":null,"NET_INTEREST_INCOME":null,"NET_INTEREST_INCOME_YOY":null,"FEE_COMMISSION_INCOME":null,"FEE_COMMISSION_INCOME_YOY":null,"ACCOUNTS_RECE_TDAYS":17.965974269327,"INVENTORY_TDAYS":null,"CURRENT_ASSETS_TDAYS":3.048515116383,"TOTAL_ASSETS_TDAYS":2.595228821168,"PREMIUM_EXPENSE":null,"LOAN_DEPOSIT":null,"LOAN_EQUITY":null,"LOAN_ASSETS":null,"DEPOSIT_EQUITY":null,"DEPOSIT_ASSETS":null,"EQUITY_MULTIPLIER":1.169943254762,"EQUITY_RATIO":0.169943254761},{"SECUCODE":"06829.HK","SECURITY_CODE":"06829","SECURITY_NAME_ABBR":"龙升集团控股","ORG_CODE":"10678259","STD_REPORT_DATE":"2022-06-30 00:00:00","REPORT_DATE":"2022-09-30 00:00:00","DATE_TYPE_CODE":"002","REPORT_TYPE":"2022年中报","PER_NETCASH_OPERATE":0.0286051761,"PER_OI":0.245155999,"BPS":0.817582355833,"BASIC_EPS":0.003798648,"DILUTED_EPS":0.003798648,"OPERATE_INCOME":294187198.8,"OPERATE_INCOME_YOY":-1.4805032742,"GROSS_PROFIT":14111072.88,"GROSS_PROFIT_YOY":254.591655780492,"HOLDER_PROFIT":4506824.52,"HOLDER_PROFIT_YOY":235.5180853957,"GROSS_PROFIT_RATIO":4.796630491592,"EPS_TTM":0.005022179425,"OPERATE_INCOME_QOQ":0,"NET_PROFIT_RATIO":1.5319580656,"ROE_AVG":1.932515158978,"GROSS_PROFIT_QOQ":0,"ROA":1.586089015785,"HOLDER_PROFIT_QOQ":0,"ROE_YEARLY":3.865030317956,"ROIC_YEARLY":5.266328471782,"TOTAL_ASSETS":298894809,"TOTAL_LIABILITIES":63431090.52,"TAX_EBT":19.926080668488,"OCF_SALES":11.668152611677,"TOTAL_PARENT_EQUITY":235463718.48,"DEBT_ASSET_RATIO":21.2218776004,"OPERATE_PROFIT":5699780.88,"PRETAX_PROFIT":5628330.12,"NETCASH_OPERATE":34326211.32,"NETCASH_INVEST":-9036260.04,"NETCASH_FINANCE":-2663575.8,"END_CASH":112352250.12,"DIVI_RATIO":null,"DIVIDEND_RATE":null,"CURRENT_RATIO":4.068378784377,"COMMON_ACS":1000000000,"CURRENTDEBT_DEBT":98.715298076512,"ISSUED_COMMON_SHARES":288000000,"HK_COMMON_SHARES":288000000,"PER_SHARES":10000,"TOTAL_MARKET_CAP":146880000,"HKSK_MARKET_CAP":146880000,"PE_TTM":31.145038167939,"PB_TTM":0.508749324577,"REPORT_DATE_SQ":"2021-06-30 00:00:00","REPORT_TYPE_SQ":"2021年中报","OPERATE_INCOME_SQ":275041423.48,"DPS_HKD":null,"OPERATE_INCOME_QOQ_SQ":0,"NET_PROFIT_RATIO_SQ":-1.1137091938,"HOLDER_PROFIT_SQ":-3063161.62,"HOLDER_PROFIT_QOQ_SQ":0,"ROE_AVG_SQ":-1.494171835856,"PE_TTM_SQ":15.706051873199,"PB_TTM_SQ":0.486842595005,"ROA_SQ":-1.253378873561,"START_DATE":"2022-04-01 00:00:00","FISCAL_YEAR":"3-31","CURRENCY":"HKD","IS_CNY_CODE":0,"DPS_HKD_LY":null,"ORG_TYPE":"一般企业","PREMIUM_INCOME":null,"PREMIUM_INCOME_YOY":null,"NET_INTEREST_INCOME":null,"NET_INTEREST_INCOME_YOY":null,"FEE_COMMISSION_INCOME":null,"FEE_COMMISSION_INCOME_YOY":null,"ACCOUNTS_RECE_TDAYS":6.602523115022,"INVENTORY_TDAYS":null,"CURRENT_ASSETS_TDAYS":1.22914548938,"TOTAL_ASSETS_TDAYS":1.035334485579,"PREMIUM_EXPENSE":null,"LOAN_DEPOSIT":null,"LOAN_EQUITY":null,"LOAN_ASSETS":null,"DEPOSIT_EQUITY":null,"DEPOSIT_ASSETS":null,"EQUITY_MULTIPLIER":1.269387958915,"EQUITY_RATIO":0.269387958916},{"SECUCODE":"06829.HK","SECURITY_CODE":"06829","SECURITY_NAME_ABBR":"龙升集团控股","ORG_CODE":"10678259","STD_REPORT_DATE":"2021-12-31 00:00:00","REPORT_DATE":"2022-03-31 00:00:00","DATE_TYPE_CODE":"001","REPORT_TYPE":"2021年年报","PER_NETCASH_OPERATE":0.053217800358,"PER_OI":0.414707935975,"BPS":0.719092717326,"BASIC_EPS":0.005028262,"DILUTED_EPS":0.005028262,"OPERATE_INCOME":497649523.17,"OPERATE_INCOME_YOY":-33.5112169624,"GROSS_PROFIT":15712507.74,"GROSS_PROFIT_YOY":240.032566750865,"HOLDER_PROFIT":6026615.31,"HOLDER_PROFIT_YOY":136.9517652909,"GROSS_PROFIT_RATIO":3.157344076191,"EPS_TTM":-0.013307741517,"OPERATE_INCOME_QOQ":0,"NET_PROFIT_RATIO":1.2110159921,"ROE_AVG":2.952987063048,"GROSS_PROFIT_QOQ":0,"ROA":2.477123856193,"HOLDER_PROFIT_QOQ":0,"ROE_YEARLY":2.952987063048,"ROIC_YEARLY":3.414228479012,"TOTAL_ASSETS":241569871.63,"TOTAL_LIABILITIES":34471169.04,"TAX_EBT":-268.053491827637,"OCF_SALES":12.832597532337,"TOTAL_PARENT_EQUITY":207098702.59,"DEBT_ASSET_RATIO":14.2696474554,"OPERATE_PROFIT":2081051.66,"PRETAX_PROFIT":1637429.19,"NETCASH_OPERATE":63861360.43,"NETCASH_INVEST":-10187096.61,"NETCASH_FINANCE":-4878225.15,"END_CASH":80457058.06,"DIVI_RATIO":null,"DIVIDEND_RATE":null,"CURRENT_RATIO":5.825334086204,"COMMON_ACS":1000000000,"CURRENTDEBT_DEBT":100,"ISSUED_COMMON_SHARES":288000000,"HK_COMMON_SHARES":288000000,"PER_SHARES":10000,"TOTAL_MARKET_CAP":146880000,"HKSK_MARKET_CAP":146880000,"PE_TTM":31.145038167939,"PB_TTM":0.508749324577,"REPORT_DATE_SQ":"2020-12-31 00:00:00","REPORT_TYPE_SQ":"2020年年报","OPERATE_INCOME_SQ":780006479.84,"DPS_HKD":null,"OPERATE_INCOME_QOQ_SQ":0,"NET_PROFIT_RATIO_SQ":-2.179029308,"HOLDER_PROFIT_SQ":-16996569.8,"HOLDER_PROFIT_QOQ_SQ":0,"ROE_AVG_SQ":-7.795087273192,"PE_TTM_SQ":15.706051873199,"PB_TTM_SQ":0.486842595005,"ROA_SQ":-6.148277121897,"START_DATE":"2021-04-01 00:00:00","FISCAL_YEAR":"3-31","CURRENCY":"HKD","IS_CNY_CODE":0,"DPS_HKD_LY":null,"ORG_TYPE":"一般企业","PREMIUM_INCOME":null,"PREMIUM_INCOME_YOY":null,"NET_INTEREST_INCOME":null,"NET_INTEREST_INCOME_YOY":null,"FEE_COMMISSION_INCOME":null,"FEE_COMMISSION_INCOME_YOY":null,"ACCOUNTS_RECE_TDAYS":11.93401079399,"INVENTORY_TDAYS":null,"CURRENT_ASSETS_TDAYS":2.468642947806,"TOTAL_ASSETS_TDAYS":2.045492274614,"PREMIUM_EXPENSE":null,"LOAN_DEPOSIT":null,"LOAN_EQUITY":null,"LOAN_ASSETS":null,"DEPOSIT_EQUITY":null,"DEPOSIT_ASSETS":null,"EQUITY_MULTIPLIER":1.166448020239,"EQUITY_RATIO":0.166448020238},{"SECUCODE":"06829.HK","SECURITY_CODE":"06829","SECURITY_NAME_ABBR":"龙升集团控股","ORG_CODE":"10678259","STD_REPORT_DATE":"2021-06-30 00:00:00","REPORT_DATE":"2021-09-30 00:00:00","DATE_TYPE_CODE":"002","REPORT_TYPE":"2021年中报","PER_NETCASH_OPERATE":0.029860341483,"PER_OI":0.229201186233,"BPS":0.706512979375,"BASIC_EPS":-0.002582486,"DILUTED_EPS":-0.002582486,"OPERATE_INCOME":275041423.48,"OPERATE_INCOME_YOY":-36.2121996646,"GROSS_PROFIT":3979527.62,"GROSS_PROFIT_YOY":236.712103377133,"HOLDER_PROFIT":-3063161.62,"HOLDER_PROFIT_YOY":21.0096670247,"GROSS_PROFIT_RATIO":1.44688300753,"EPS_TTM":-0.014163808167,"OPERATE_INCOME_QOQ":0,"NET_PROFIT_RATIO":-1.1137091938,"ROE_AVG":-1.494171835856,"GROSS_PROFIT_QOQ":0,"ROA":-1.253378873561,"HOLDER_PROFIT_QOQ":0,"ROE_YEARLY":-2.988343671713,"ROIC_YEARLY":-3.174733370316,"TOTAL_ASSETS":237111368.62,"TOTAL_LIABILITIES":33635630.56,"TAX_EBT":-9.892408846384,"OCF_SALES":13.028004773472,"TOTAL_PARENT_EQUITY":203475738.06,"DEBT_ASSET_RATIO":14.185583237,"OPERATE_PROFIT":-2539166.88,"PRETAX_PROFIT":-2787418.76,"NETCASH_OPERATE":35832409.78,"NETCASH_INVEST":-6146316.68,"NETCASH_FINANCE":-578143.64,"END_CASH":61629778.8,"DIVI_RATIO":null,"DIVIDEND_RATE":null,"CURRENT_RATIO":6.700278343711,"COMMON_ACS":1000000000,"CURRENTDEBT_DEBT":86.311174955419,"ISSUED_COMMON_SHARES":288000000,"HK_COMMON_SHARES":288000000,"PER_SHARES":10000,"TOTAL_MARKET_CAP":146880000,"HKSK_MARKET_CAP":146880000,"PE_TTM":31.145038167939,"PB_TTM":0.508749324577,"REPORT_DATE_SQ":"2020-06-30 00:00:00","REPORT_TYPE_SQ":"2020年中报","OPERATE_INCOME_SQ":454814927.36,"DPS_HKD":null,"OPERATE_INCOME_QOQ_SQ":0,"NET_PROFIT_RATIO_SQ":-0.8993639729,"HOLDER_PROFIT_SQ":-4090441.6,"HOLDER_PROFIT_QOQ_SQ":0,"ROE_AVG_SQ":-1.751906680391,"PE_TTM_SQ":15.706051873199,"PB_TTM_SQ":0.486842595005,"ROA_SQ":-1.396761194343,"START_DATE":"2021-04-01 00:00:00","FISCAL_YEAR":"3-31","CURRENCY":"HKD","IS_CNY_CODE":0,"DPS_HKD_LY":null,"ORG_TYPE":"一般企业","PREMIUM_INCOME":null,"PREMIUM_INCOME_YOY":null,"NET_INTEREST_INCOME":null,"NET_INTEREST_INCOME_YOY":null,"FEE_COMMISSION_INCOME":null,"FEE_COMMISSION_INCOME_YOY":null,"ACCOUNTS_RECE_TDAYS":7.409457124262,"INVENTORY_TDAYS":null,"CURRENT_ASSETS_TDAYS":1.367037453393,"TOTAL_ASSETS_TDAYS":1.125409470049,"PREMIUM_EXPENSE":null,"LOAN_DEPOSIT":null,"LOAN_EQUITY":null,"LOAN_ASSETS":null,"DEPOSIT_EQUITY":null,"DEPOSIT_ASSETS":null,"EQUITY_MULTIPLIER":1.165305362107,"EQUITY_RATIO":0.165305362107},{"SECUCODE":"06829.HK","SECURITY_CODE":"06829","SECURITY_NAME_ABBR":"龙升集团控股","ORG_CODE":"10678259","STD_REPORT_DATE":"2020-12-31 00:00:00","REPORT_DATE":"2021-03-31 00:00:00","DATE_TYPE_CODE":"001","REPORT_TYPE":"2020年年报","PER_NETCASH_OPERATE":-0.001100142633,"PER_OI":0.650005399867,"BPS":0.727582593889,"BASIC_EPS":-0.014199024,"DILUTED_EPS":-0.014199024,"OPERATE_INCOME":780006479.84,"OPERATE_INCOME_YOY":81.2078586604,"GROSS_PROFIT":-11220609.68,"GROSS_PROFIT_YOY":-337.486153055488,"HOLDER_PROFIT":-16996569.8,"HOLDER_PROFIT_YOY":-0.0646862716,"GROSS_PROFIT_RATIO":-1.438527752013,"EPS_TTM":-0.014477458483,"OPERATE_INCOME_QOQ":0,"NET_PROFIT_RATIO":-2.179029308,"ROE_AVG":-7.795087273192,"GROSS_PROFIT_QOQ":0,"ROA":-6.148277121897,"HOLDER_PROFIT_QOQ":0,"ROE_YEARLY":-7.795087273192,"ROIC_YEARLY":-7.477545981702,"TOTAL_ASSETS":255334794.26,"TOTAL_LIABILITIES":45791007.22,"TAX_EBT":3.368410936524,"OCF_SALES":-0.169251306767,"TOTAL_PARENT_EQUITY":209543787.04,"DEBT_ASSET_RATIO":17.9337122278,"OPERATE_PROFIT":-16032219.42,"PRETAX_PROFIT":-17589040.98,"NETCASH_OPERATE":-1320171.16,"NETCASH_INVEST":1211142.94,"NETCASH_FINANCE":-7167971.58,"END_CASH":32994982.02,"DIVI_RATIO":null,"DIVIDEND_RATE":null,"CURRENT_RATIO":5.132546228685,"COMMON_ACS":1000000000,"CURRENTDEBT_DEBT":89.73402979014,"ISSUED_COMMON_SHARES":288000000,"HK_COMMON_SHARES":288000000,"PER_SHARES":10000,"TOTAL_MARKET_CAP":146880000,"HKSK_MARKET_CAP":146880000,"PE_TTM":31.145038167939,"PB_TTM":0.508749324577,"REPORT_DATE_SQ":"2019-12-31 00:00:00","REPORT_TYPE_SQ":"2019年年报","OPERATE_INCOME_SQ":465345582.6,"DPS_HKD":null,"OPERATE_INCOME_QOQ_SQ":0,"NET_PROFIT_RATIO_SQ":-3.9460198155,"HOLDER_PROFIT_SQ":-18362628.9,"HOLDER_PROFIT_QOQ_SQ":0,"ROE_AVG_SQ":-7.226888036636,"PE_TTM_SQ":15.706051873199,"PB_TTM_SQ":0.486842595005,"ROA_SQ":-5.890568554031,"START_DATE":"2020-04-01 00:00:00","FISCAL_YEAR":"3-31","CURRENCY":"HKD","IS_CNY_CODE":0,"DPS_HKD_LY":null,"ORG_TYPE":"一般企业","PREMIUM_INCOME":null,"PREMIUM_INCOME_YOY":null,"NET_INTEREST_INCOME":null,"NET_INTEREST_INCOME_YOY":null,"FEE_COMMISSION_INCOME":null,"FEE_COMMISSION_INCOME_YOY":null,"ACCOUNTS_RECE_TDAYS":13.500607089045,"INVENTORY_TDAYS":null,"CURRENT_ASSETS_TDAYS":3.469862485783,"TOTAL_ASSETS_TDAYS":2.821566969902,"PREMIUM_EXPENSE":null,"LOAN_DEPOSIT":null,"LOAN_EQUITY":null,"LOAN_ASSETS":null,"DEPOSIT_EQUITY":null,"DEPOSIT_ASSETS":null,"EQUITY_MULTIPLIER":1.218527153045,"EQUITY_RATIO":0.218527153044},{"SECUCODE":"06829.HK","SECURITY_CODE":"06829","SECURITY_NAME_ABBR":"龙升集团控股","ORG_CODE":"10678259","STD_REPORT_DATE":"2020-06-30 00:00:00","REPORT_DATE":"2020-09-30 00:00:00","DATE_TYPE_CODE":"002","REPORT_TYPE":"2020年中报","PER_NETCASH_OPERATE":0.002015197867,"PER_OI":0.379012439467,"BPS":0.803610797778,"BASIC_EPS":-0.003427008,"DILUTED_EPS":-0.003427008,"OPERATE_INCOME":454814927.36,"OPERATE_INCOME_YOY":118.2175395992,"GROSS_PROFIT":1181878.4,"GROSS_PROFIT_YOY":-81.586959693584,"HOLDER_PROFIT":-4090441.6,"HOLDER_PROFIT_YOY":17.3473011364,"GROSS_PROFIT_RATIO":0.259859193026,"EPS_TTM":-0.01530219075,"OPERATE_INCOME_QOQ":0,"NET_PROFIT_RATIO":-0.8993639729,"ROE_AVG":-1.751906680391,"GROSS_PROFIT_QOQ":0,"ROA":-1.396761194343,"HOLDER_PROFIT_QOQ":0,"ROE_YEARLY":-3.503813360782,"ROIC_YEARLY":-3.44690343302,"TOTAL_ASSETS":276341623.04,"TOTAL_LIABILITIES":44901713.28,"TAX_EBT":-3.559510567297,"OCF_SALES":0.531697025433,"TOTAL_PARENT_EQUITY":231439909.76,"DEBT_ASSET_RATIO":16.2486247226,"OPERATE_PROFIT":-3577269.12,"PRETAX_PROFIT":-3949846.4,"NETCASH_OPERATE":2418237.44,"NETCASH_INVEST":2577285.76,"NETCASH_FINANCE":-3724015.36,"END_CASH":43141637.12,"DIVI_RATIO":null,"DIVIDEND_RATE":null,"CURRENT_RATIO":5.633122993468,"COMMON_ACS":1000000000,"CURRENTDEBT_DEBT":88.387248282745,"ISSUED_COMMON_SHARES":288000000,"HK_COMMON_SHARES":288000000,"PER_SHARES":10000,"TOTAL_MARKET_CAP":146880000,"HKSK_MARKET_CAP":146880000,"PE_TTM":31.145038167939,"PB_TTM":0.508749324577,"REPORT_DATE_SQ":"2019-06-30 00:00:00","REPORT_TYPE_SQ":"2019年中报","OPERATE_INCOME_SQ":213946849.89,"DPS_HKD":null,"OPERATE_INCOME_QOQ_SQ":0,"NET_PROFIT_RATIO_SQ":-2.3744777372,"HOLDER_PROFIT_SQ":-5080120.32,"HOLDER_PROFIT_QOQ_SQ":0,"ROE_AVG_SQ":-1.973930933446,"PE_TTM_SQ":15.706051873199,"PB_TTM_SQ":0.486842595005,"ROA_SQ":-1.63702608865,"START_DATE":"2020-04-01 00:00:00","FISCAL_YEAR":"3-31","CURRENCY":"HKD","IS_CNY_CODE":0,"DPS_HKD_LY":null,"ORG_TYPE":"一般企业","PREMIUM_INCOME":null,"PREMIUM_INCOME_YOY":null,"NET_INTEREST_INCOME":null,"NET_INTEREST_INCOME_YOY":null,"FEE_COMMISSION_INCOME":null,"FEE_COMMISSION_INCOME_YOY":null,"ACCOUNTS_RECE_TDAYS":8.514290884266,"INVENTORY_TDAYS":null,"CURRENT_ASSETS_TDAYS":1.928290949191,"TOTAL_ASSETS_TDAYS":1.553054421177,"PREMIUM_EXPENSE":null,"LOAN_DEPOSIT":null,"LOAN_EQUITY":null,"LOAN_ASSETS":null,"DEPOSIT_EQUITY":null,"DEPOSIT_ASSETS":null,"EQUITY_MULTIPLIER":1.194010243638,"EQUITY_RATIO":0.194010243638}],"count":19},"success":true,"message":"ok","code":0}