{"version":"667e1559339e99cb3c2fd5aec48cca99","result":{"pages":4,"data":[{"SECUCODE":"06823.HK","SECURITY_CODE":"06823","SECURITY_NAME_ABBR":"香港电讯-SS","ORG_CODE":"10206057","STD_REPORT_DATE":"2024-06-30 00:00:00","REPORT_DATE":"2024-06-30 00:00:00","DATE_TYPE_CODE":"002","REPORT_TYPE":"2024年中报","PER_NETCASH_OPERATE":0.643593724567,"PER_OI":2.007121383501,"BPS":4.078764559853,"BASIC_EPS":0.239761036,"DILUTED_EPS":0.239669768,"OPERATE_INCOME":15213462920,"OPERATE_INCOME_YOY":1.6402439024,"GROSS_PROFIT":7463897040,"GROSS_PROFIT_YOY":-0.31389456044,"HOLDER_PROFIT":1816233200,"HOLDER_PROFIT_YOY":1.9467213115,"GROSS_PROFIT_RATIO":49.061131441598,"EPS_TTM":0.598895326512,"OPERATE_INCOME_QOQ":0.298904943852,"NET_PROFIT_RATIO":11.9503269542,"ROE_AVG":5.752608909317,"GROSS_PROFIT_QOQ":-0.153677979197,"ROA":1.762309599717,"HOLDER_PROFIT_QOQ":0.36543100969,"ROE_YEARLY":11.505217818634,"ROIC_YEARLY":3.580311882947,"TOTAL_ASSETS":103791794960,"TOTAL_LIABILITIES":72814523080,"TAX_EBT":14.652956298201,"OCF_SALES":32.065510828484,"TOTAL_PARENT_EQUITY":30916122320,"DEBT_ASSET_RATIO":70.1544116354,"OPERATE_PROFIT":3203506800,"PRETAX_PROFIT":2130195120,"NETCASH_OPERATE":4878274600,"NETCASH_INVEST":-2489791040,"NETCASH_FINANCE":-2532687000,"END_CASH":1350766400,"DIVI_RATIO":1.174125749311,"DIVIDEND_RATE":7.89387755102,"CURRENT_RATIO":0.407276507277,"COMMON_ACS":20000000000,"CURRENTDEBT_DEBT":30.145021997719,"ISSUED_COMMON_SHARES":7579776147,"HK_COMMON_SHARES":7579776147,"PER_SHARES":1000,"TOTAL_MARKET_CAP":74281806240.6,"HKSK_MARKET_CAP":74281806240.6,"PE_TTM":14.770691238934,"PB_TTM":2.192885583061,"REPORT_DATE_SQ":"2023-06-30 00:00:00","REPORT_TYPE_SQ":"2023年中报","OPERATE_INCOME_SQ":15120472000,"DPS_HKD":0.7736,"OPERATE_INCOME_QOQ_SQ":4.275084681869,"NET_PROFIT_RATIO_SQ":11.9146341463,"HOLDER_PROFIT_SQ":1799704960,"HOLDER_PROFIT_QOQ_SQ":3.798429429533,"ROE_AVG_SQ":5.480836726099,"PE_TTM_SQ":14.138220578491,"PB_TTM_SQ":2.004682146797,"ROA_SQ":1.766028381307,"START_DATE":"2024-01-01 00:00:00","FISCAL_YEAR":"12-31","CURRENCY":"HKD","IS_CNY_CODE":0,"DPS_HKD_LY":0.7736,"ORG_TYPE":"一般企业","PREMIUM_INCOME":null,"PREMIUM_INCOME_YOY":null,"NET_INTEREST_INCOME":null,"NET_INTEREST_INCOME_YOY":null,"FEE_COMMISSION_INCOME":null,"FEE_COMMISSION_INCOME_YOY":null,"ACCOUNTS_RECE_TDAYS":6.195502694666,"INVENTORY_TDAYS":7.313522825151,"CURRENT_ASSETS_TDAYS":1.732924420418,"TOTAL_ASSETS_TDAYS":0.147617782501,"PREMIUM_EXPENSE":null,"LOAN_DEPOSIT":null,"LOAN_EQUITY":null,"LOAN_ASSETS":null,"DEPOSIT_EQUITY":null,"DEPOSIT_ASSETS":null,"EQUITY_MULTIPLIER":3.350578945819,"EQUITY_RATIO":2.355228198618},{"SECUCODE":"06823.HK","SECURITY_CODE":"06823","SECURITY_NAME_ABBR":"香港电讯-SS","ORG_CODE":"10206057","STD_REPORT_DATE":"2023-12-31 00:00:00","REPORT_DATE":"2023-12-31 00:00:00","DATE_TYPE_CODE":"001","REPORT_TYPE":"2023年年报","PER_NETCASH_OPERATE":1.346344370339,"PER_OI":4.104431421164,"BPS":4.221818694826,"BASIC_EPS":0.597108358,"DILUTED_EPS":0.597017736,"OPERATE_INCOME":31110532600,"OPERATE_INCOME_YOY":0.6007326007,"GROSS_PROFIT":15293368720,"GROSS_PROFIT_YOY":0.526430479081,"HOLDER_PROFIT":4522944020,"HOLDER_PROFIT_YOY":1.8363599265,"GROSS_PROFIT_RATIO":49.158170696184,"EPS_TTM":0.596714745792,"OPERATE_INCOME_QOQ":-2.125065104751,"NET_PROFIT_RATIO":14.5994756773,"ROE_AVG":13.925586975628,"GROSS_PROFIT_QOQ":-3.447855994883,"ROA":4.469959205241,"HOLDER_PROFIT_QOQ":-0.467943114747,"ROE_YEARLY":13.925586975628,"ROIC_YEARLY":4.55048983183,"TOTAL_ASSETS":101603573960,"TOTAL_LIABILITIES":69539697920,"TAX_EBT":9.005083514887,"OCF_SALES":32.802213807166,"TOTAL_PARENT_EQUITY":32000440640,"DEBT_ASSET_RATIO":68.4421769921,"OPERATE_PROFIT":7028642320,"PRETAX_PROFIT":4991459760,"NETCASH_OPERATE":10204943420,"NETCASH_INVEST":-4725031080,"NETCASH_FINANCE":-5805245320,"END_CASH":1477138600,"DIVI_RATIO":1.178416368892,"DIVIDEND_RATE":8.049947970864,"CURRENT_RATIO":0.469124149237,"COMMON_ACS":20000000000,"CURRENTDEBT_DEBT":26.23149499583,"ISSUED_COMMON_SHARES":7579776147,"HK_COMMON_SHARES":7579776147,"PER_SHARES":1000,"TOTAL_MARKET_CAP":72841648772.67,"HKSK_MARKET_CAP":72841648772.67,"PE_TTM":14.484320694506,"PB_TTM":2.15037045441,"REPORT_DATE_SQ":"2022-12-31 00:00:00","REPORT_TYPE_SQ":"2022年年报","OPERATE_INCOME_SQ":30482838750,"DPS_HKD":0.7736,"OPERATE_INCOME_QOQ_SQ":6.704267646055,"NET_PROFIT_RATIO_SQ":14.4146520147,"HOLDER_PROFIT_SQ":4377916270,"HOLDER_PROFIT_QOQ_SQ":9.90175428696,"ROE_AVG_SQ":13.334240239423,"PE_TTM_SQ":13.662857413704,"PB_TTM_SQ":1.937279601731,"ROA_SQ":4.439170859619,"START_DATE":"2023-01-01 00:00:00","FISCAL_YEAR":"12-31","CURRENCY":"HKD","IS_CNY_CODE":0,"DPS_HKD_LY":0.752,"ORG_TYPE":"一般企业","PREMIUM_INCOME":null,"PREMIUM_INCOME_YOY":null,"NET_INTEREST_INCOME":null,"NET_INTEREST_INCOME_YOY":null,"FEE_COMMISSION_INCOME":null,"FEE_COMMISSION_INCOME_YOY":null,"ACCOUNTS_RECE_TDAYS":11.270518713066,"INVENTORY_TDAYS":13.604053000779,"CURRENT_ASSETS_TDAYS":3.332524389652,"TOTAL_ASSETS_TDAYS":0.307460828523,"PREMIUM_EXPENSE":null,"LOAN_DEPOSIT":null,"LOAN_EQUITY":null,"LOAN_ASSETS":null,"DEPOSIT_EQUITY":null,"DEPOSIT_ASSETS":null,"EQUITY_MULTIPLIER":3.168786388559,"EQUITY_RATIO":2.173085636611},{"SECUCODE":"06823.HK","SECURITY_CODE":"06823","SECURITY_NAME_ABBR":"香港电讯-SS","ORG_CODE":"10206057","STD_REPORT_DATE":"2023-06-30 00:00:00","REPORT_DATE":"2023-06-30 00:00:00","DATE_TYPE_CODE":"002","REPORT_TYPE":"2023年中报","PER_NETCASH_OPERATE":0.57899392969,"PER_OI":1.994853035066,"BPS":4.240381794484,"BASIC_EPS":0.237594246,"DILUTED_EPS":0.237594246,"OPERATE_INCOME":15120472000,"OPERATE_INCOME_YOY":1.5039920777,"GROSS_PROFIT":7487399580,"GROSS_PROFIT_YOY":9.126846326936,"HOLDER_PROFIT":1799704960,"HOLDER_PROFIT_YOY":2.1989528796,"GROSS_PROFIT_RATIO":49.518292682927,"EPS_TTM":0.599520159098,"OPERATE_INCOME_QOQ":4.275084681869,"NET_PROFIT_RATIO":11.9146341463,"ROE_AVG":5.480836726099,"GROSS_PROFIT_QOQ":4.116207376765,"ROA":1.766028381307,"HOLDER_PROFIT_QOQ":3.798429429533,"ROE_YEARLY":10.961673452197,"ROIC_YEARLY":3.599284568436,"TOTAL_ASSETS":101294254680,"TOTAL_LIABILITIES":69102401000,"TAX_EBT":16.245177882555,"OCF_SALES":29.024390243902,"TOTAL_PARENT_EQUITY":32141144780,"DEBT_ASSET_RATIO":68.2194673511,"OPERATE_PROFIT":3059129640,"PRETAX_PROFIT":2150979340,"NETCASH_OPERATE":4388624800,"NETCASH_INVEST":-1994242740,"NETCASH_FINANCE":-2550196680,"END_CASH":1679847560,"DIVI_RATIO":1.17290205063,"DIVIDEND_RATE":8.049947970864,"CURRENT_RATIO":0.483532372945,"COMMON_ACS":20000000000,"CURRENTDEBT_DEBT":24.913942628419,"ISSUED_COMMON_SHARES":7579776147,"HK_COMMON_SHARES":7579776147,"PER_SHARES":1000,"TOTAL_MARKET_CAP":72841648772.67,"HKSK_MARKET_CAP":72841648772.67,"PE_TTM":14.484320694506,"PB_TTM":2.15037045441,"REPORT_DATE_SQ":"2022-06-30 00:00:00","REPORT_TYPE_SQ":"2022年中报","OPERATE_INCOME_SQ":13817304830,"DPS_HKD":0.7736,"OPERATE_INCOME_QOQ_SQ":2.88504852118,"NET_PROFIT_RATIO_SQ":11.833880052,"HOLDER_PROFIT_SQ":1633412900,"HOLDER_PROFIT_QOQ_SQ":1.33453631179,"ROE_AVG_SQ":5.229151837048,"PE_TTM_SQ":13.662857413704,"PB_TTM_SQ":1.937279601731,"ROA_SQ":1.740096935243,"START_DATE":"2023-01-01 00:00:00","FISCAL_YEAR":"12-31","CURRENCY":"HKD","IS_CNY_CODE":0,"DPS_HKD_LY":0.752,"ORG_TYPE":"一般企业","PREMIUM_INCOME":null,"PREMIUM_INCOME_YOY":null,"NET_INTEREST_INCOME":null,"NET_INTEREST_INCOME_YOY":null,"FEE_COMMISSION_INCOME":null,"FEE_COMMISSION_INCOME_YOY":null,"ACCOUNTS_RECE_TDAYS":6.072949453805,"INVENTORY_TDAYS":5.47191011236,"CURRENT_ASSETS_TDAYS":1.624647085046,"TOTAL_ASSETS_TDAYS":0.148375335315,"PREMIUM_EXPENSE":null,"LOAN_DEPOSIT":null,"LOAN_EQUITY":null,"LOAN_ASSETS":null,"DEPOSIT_EQUITY":null,"DEPOSIT_ASSETS":null,"EQUITY_MULTIPLIER":3.146580364299,"EQUITY_RATIO":2.149967011847},{"SECUCODE":"06823.HK","SECURITY_CODE":"06823","SECURITY_NAME_ABBR":"香港电讯-SS","ORG_CODE":"10206057","STD_REPORT_DATE":"2022-12-31 00:00:00","REPORT_DATE":"2022-12-31 00:00:00","DATE_TYPE_CODE":"001","REPORT_TYPE":"2022年年报","PER_NETCASH_OPERATE":1.259930634734,"PER_OI":4.021619391106,"BPS":4.286054891325,"BASIC_EPS":0.578035017,"DILUTED_EPS":0.57794569,"OPERATE_INCOME":30482838750,"OPERATE_INCOME_YOY":0.4829068638,"GROSS_PROFIT":15213281370,"GROSS_PROFIT_YOY":7.980747331343,"HOLDER_PROFIT":4377916270,"HOLDER_PROFIT_YOY":1.9342762063,"GROSS_PROFIT_RATIO":49.907692307692,"EPS_TTM":0.577581146837,"OPERATE_INCOME_QOQ":6.704267646055,"NET_PROFIT_RATIO":14.4146520147,"ROE_AVG":13.334240239423,"GROSS_PROFIT_QOQ":7.014833944936,"ROA":4.439170859619,"HOLDER_PROFIT_QOQ":9.90175428696,"ROE_YEARLY":13.334240239423,"ROIC_YEARLY":4.544379795545,"TOTAL_ASSETS":99327157650,"TOTAL_LIABILITIES":66786224820,"TAX_EBT":11.528776978417,"OCF_SALES":31.328937728938,"TOTAL_PARENT_EQUITY":32487336630,"DEBT_ASSET_RATIO":67.2386348307,"OPERATE_PROFIT":6472634420,"PRETAX_PROFIT":4966581200,"NETCASH_OPERATE":9549949570,"NETCASH_INVEST":-4325213340,"NETCASH_FINANCE":-5556139400,"END_CASH":1783860190,"DIVI_RATIO":1.217453907301,"DIVIDEND_RATE":8.049947970864,"CURRENT_RATIO":0.493608739882,"COMMON_ACS":20000000000,"CURRENTDEBT_DEBT":30.239681138485,"ISSUED_COMMON_SHARES":7579776147,"HK_COMMON_SHARES":7579776147,"PER_SHARES":1000,"TOTAL_MARKET_CAP":72841648772.67,"HKSK_MARKET_CAP":72841648772.67,"PE_TTM":14.484320694506,"PB_TTM":2.15037045441,"REPORT_DATE_SQ":"2021-12-31 00:00:00","REPORT_TYPE_SQ":"2021年年报","OPERATE_INCOME_SQ":27766513600,"DPS_HKD":0.7736,"OPERATE_INCOME_QOQ_SQ":3.08940543142,"NET_PROFIT_RATIO_SQ":14.198639616,"HOLDER_PROFIT_SQ":3931020800,"HOLDER_PROFIT_QOQ_SQ":-8.802749998968,"ROE_AVG_SQ":12.824924312141,"PE_TTM_SQ":13.662857413704,"PB_TTM_SQ":1.937279601731,"ROA_SQ":4.519158015443,"START_DATE":"2022-01-01 00:00:00","FISCAL_YEAR":"12-31","CURRENCY":"HKD","IS_CNY_CODE":0,"DPS_HKD_LY":0.7343,"ORG_TYPE":"一般企业","PREMIUM_INCOME":null,"PREMIUM_INCOME_YOY":null,"NET_INTEREST_INCOME":null,"NET_INTEREST_INCOME_YOY":null,"FEE_COMMISSION_INCOME":null,"FEE_COMMISSION_INCOME_YOY":null,"ACCOUNTS_RECE_TDAYS":9.469959761343,"INVENTORY_TDAYS":12.101946902655,"CURRENT_ASSETS_TDAYS":3.061224489796,"TOTAL_ASSETS_TDAYS":0.309093461711,"PREMIUM_EXPENSE":null,"LOAN_DEPOSIT":null,"LOAN_EQUITY":null,"LOAN_ASSETS":null,"DEPOSIT_EQUITY":null,"DEPOSIT_ASSETS":null,"EQUITY_MULTIPLIER":3.052375854401,"EQUITY_RATIO":2.055761775138},{"SECUCODE":"06823.HK","SECURITY_CODE":"06823","SECURITY_NAME_ABBR":"香港电讯-SS","ORG_CODE":"10206057","STD_REPORT_DATE":"2022-06-30 00:00:00","REPORT_DATE":"2022-06-30 00:00:00","DATE_TYPE_CODE":"002","REPORT_TYPE":"2022年中报","PER_NETCASH_OPERATE":0.52903987145,"PER_OI":1.822925400514,"BPS":4.051666895487,"BASIC_EPS":0.215678918,"DILUTED_EPS":0.215678918,"OPERATE_INCOME":13817304830,"OPERATE_INCOME_YOY":3.2858147414,"GROSS_PROFIT":6861189370,"GROSS_PROFIT_YOY":1.888409375658,"HOLDER_PROFIT":1633412900,"HOLDER_PROFIT_YOY":0.5263157895,"GROSS_PROFIT_RATIO":49.656495636566,"EPS_TTM":0.525543154961,"OPERATE_INCOME_QOQ":2.88504852118,"NET_PROFIT_RATIO":11.833880052,"ROE_AVG":5.229151837048,"GROSS_PROFIT_QOQ":0.902597659409,"ROA":1.740096935243,"HOLDER_PROFIT_QOQ":1.33453631179,"ROE_YEARLY":10.458303674095,"ROIC_YEARLY":3.561754956853,"TOTAL_ASSETS":93999064040,"TOTAL_LIABILITIES":63246431640,"TAX_EBT":18.534299105241,"OCF_SALES":29.021476759299,"TOTAL_PARENT_EQUITY":30710728090,"DEBT_ASSET_RATIO":67.2841078642,"OPERATE_PROFIT":2575832280,"PRETAX_PROFIT":2007130930,"NETCASH_OPERATE":4009985910,"NETCASH_INVEST":-2054166380,"NETCASH_FINANCE":-2666482420,"END_CASH":1340937920,"DIVI_RATIO":1.338003201759,"DIVIDEND_RATE":8.049947970864,"CURRENT_RATIO":0.48806032677,"COMMON_ACS":20000000000,"CURRENTDEBT_DEBT":29.048353074801,"ISSUED_COMMON_SHARES":7579776147,"HK_COMMON_SHARES":7579776147,"PER_SHARES":1000,"TOTAL_MARKET_CAP":72841648772.67,"HKSK_MARKET_CAP":72841648772.67,"PE_TTM":14.484320694506,"PB_TTM":2.15037045441,"REPORT_DATE_SQ":"2021-06-30 00:00:00","REPORT_TYPE_SQ":"2021年中报","OPERATE_INCOME_SQ":13016227440,"DPS_HKD":0.7736,"OPERATE_INCOME_QOQ_SQ":-1.193978932986,"NET_PROFIT_RATIO_SQ":12.1971488845,"HOLDER_PROFIT_SQ":1580952000,"HOLDER_PROFIT_QOQ_SQ":-3.422578887338,"ROE_AVG_SQ":5.109243697479,"PE_TTM_SQ":13.662857413704,"PB_TTM_SQ":1.937279601731,"ROA_SQ":1.831713712787,"START_DATE":"2022-01-01 00:00:00","FISCAL_YEAR":"12-31","CURRENCY":"HKD","IS_CNY_CODE":0,"DPS_HKD_LY":0.7343,"ORG_TYPE":"一般企业","PREMIUM_INCOME":null,"PREMIUM_INCOME_YOY":null,"NET_INTEREST_INCOME":null,"NET_INTEREST_INCOME_YOY":null,"FEE_COMMISSION_INCOME":null,"FEE_COMMISSION_INCOME_YOY":null,"ACCOUNTS_RECE_TDAYS":4.236790350072,"INVENTORY_TDAYS":6.377107016856,"CURRENT_ASSETS_TDAYS":1.494634597595,"TOTAL_ASSETS_TDAYS":0.147197623993,"PREMIUM_EXPENSE":null,"LOAN_DEPOSIT":null,"LOAN_EQUITY":null,"LOAN_ASSETS":null,"DEPOSIT_EQUITY":null,"DEPOSIT_ASSETS":null,"EQUITY_MULTIPLIER":3.056618464962,"EQUITY_RATIO":2.059424688814},{"SECUCODE":"06823.HK","SECURITY_CODE":"06823","SECURITY_NAME_ABBR":"香港电讯-SS","ORG_CODE":"10206057","STD_REPORT_DATE":"2021-12-31 00:00:00","REPORT_DATE":"2021-12-31 00:00:00","DATE_TYPE_CODE":"001","REPORT_TYPE":"2021年年报","PER_NETCASH_OPERATE":1.148413081706,"PER_OI":3.665187169234,"BPS":4.006250450024,"BASIC_EPS":0.51909424,"DILUTED_EPS":0.51901248,"OPERATE_INCOME":27766513600,"OPERATE_INCOME_YOY":4.8534996449,"GROSS_PROFIT":14088883200,"GROSS_PROFIT_YOY":0.32241123181,"HOLDER_PROFIT":3931020800,"HOLDER_PROFIT_YOY":-9.3343390534,"GROSS_PROFIT_RATIO":50.740555342893,"EPS_TTM":0.518895789573,"OPERATE_INCOME_QOQ":3.08940543142,"NET_PROFIT_RATIO":14.198639616,"ROE_AVG":12.824924312141,"GROSS_PROFIT_QOQ":2.270396360224,"ROA":4.519158015443,"HOLDER_PROFIT_QOQ":-8.802749998968,"ROE_YEARLY":12.824924312141,"ROIC_YEARLY":4.642002008187,"TOTAL_ASSETS":89618771200,"TOTAL_LIABILITIES":59206504000,"TAX_EBT":17.133528097611,"OCF_SALES":31.332999617208,"TOTAL_PARENT_EQUITY":30366481600,"DEBT_ASSET_RATIO":66.0648469146,"OPERATE_PROFIT":5809048000,"PRETAX_PROFIT":4757614400,"NETCASH_OPERATE":8700081600,"NETCASH_INVEST":-4422398400,"NETCASH_FINANCE":-4019321600,"END_CASH":1971233600,"DIVI_RATIO":1.355143822961,"DIVIDEND_RATE":8.049947970864,"CURRENT_RATIO":0.687218416343,"COMMON_ACS":20000000000,"CURRENTDEBT_DEBT":22.375198508596,"ISSUED_COMMON_SHARES":7579776147,"HK_COMMON_SHARES":7579776147,"PER_SHARES":1000,"TOTAL_MARKET_CAP":72841648772.67,"HKSK_MARKET_CAP":72841648772.67,"PE_TTM":14.484320694506,"PB_TTM":2.15037045441,"REPORT_DATE_SQ":"2020-12-31 00:00:00","REPORT_TYPE_SQ":"2020年年报","OPERATE_INCOME_SQ":27259877960,"DPS_HKD":0.7736,"OPERATE_INCOME_QOQ_SQ":-8.228033541521,"NET_PROFIT_RATIO_SQ":16.4222421192,"HOLDER_PROFIT_SQ":4463216920,"HOLDER_PROFIT_QOQ_SQ":-0.931186932797,"ROE_AVG_SQ":14.001320132013,"PE_TTM_SQ":13.662857413704,"PB_TTM_SQ":1.937279601731,"ROA_SQ":5.226175224204,"START_DATE":"2021-01-01 00:00:00","FISCAL_YEAR":"12-31","CURRENCY":"HKD","IS_CNY_CODE":0,"DPS_HKD_LY":0.7167,"ORG_TYPE":"一般企业","PREMIUM_INCOME":null,"PREMIUM_INCOME_YOY":null,"NET_INTEREST_INCOME":null,"NET_INTEREST_INCOME_YOY":null,"FEE_COMMISSION_INCOME":null,"FEE_COMMISSION_INCOME_YOY":null,"ACCOUNTS_RECE_TDAYS":9.425756314183,"INVENTORY_TDAYS":16.417075564279,"CURRENT_ASSETS_TDAYS":3.25421617478,"TOTAL_ASSETS_TDAYS":0.319207831453,"PREMIUM_EXPENSE":null,"LOAN_DEPOSIT":null,"LOAN_EQUITY":null,"LOAN_ASSETS":null,"DEPOSIT_EQUITY":null,"DEPOSIT_ASSETS":null,"EQUITY_MULTIPLIER":2.946796784689,"EQUITY_RATIO":1.94973210199},{"SECUCODE":"06823.HK","SECURITY_CODE":"06823","SECURITY_NAME_ABBR":"香港电讯-SS","ORG_CODE":"10206057","STD_REPORT_DATE":"2021-06-30 00:00:00","REPORT_DATE":"2021-06-30 00:00:00","DATE_TYPE_CODE":"002","REPORT_TYPE":"2021年中报","PER_NETCASH_OPERATE":0.504471149032,"PER_OI":1.718145478838,"BPS":4.010897732387,"BASIC_EPS":0.208768872,"DILUTED_EPS":0.208768872,"OPERATE_INCOME":13016227440,"OPERATE_INCOME_YOY":7.099821991,"GROSS_PROFIT":6734023440,"GROSS_PROFIT_YOY":-3.820516854803,"HOLDER_PROFIT":1580952000,"HOLDER_PROFIT_YOY":0.105374078,"GROSS_PROFIT_RATIO":51.735600588123,"EPS_TTM":0.568981838341,"OPERATE_INCOME_QOQ":-1.193978932986,"NET_PROFIT_RATIO":12.1971488845,"ROE_AVG":5.109243697479,"GROSS_PROFIT_QOQ":-1.904739981209,"ROA":1.831713712787,"HOLDER_PROFIT_QOQ":-3.422578887338,"ROE_YEARLY":10.218487394958,"ROIC_YEARLY":3.751956200848,"TOTAL_ASSETS":86773462800,"TOTAL_LIABILITIES":56326823520,"TAX_EBT":18.531169940222,"OCF_SALES":29.361375695199,"TOTAL_PARENT_EQUITY":30401706960,"DEBT_ASSET_RATIO":64.9124994007,"OPERATE_PROFIT":2467949280,"PRETAX_PROFIT":1948731360,"NETCASH_OPERATE":3821743440,"NETCASH_INVEST":-2061894240,"NETCASH_FINANCE":-2105994480,"END_CASH":1398726480,"DIVI_RATIO":1.2358539001,"DIVIDEND_RATE":8.049947970864,"CURRENT_RATIO":0.636484687084,"COMMON_ACS":20000000000,"CURRENTDEBT_DEBT":21.078677578515,"ISSUED_COMMON_SHARES":7579776147,"HK_COMMON_SHARES":7579776147,"PER_SHARES":1000,"TOTAL_MARKET_CAP":72841648772.67,"HKSK_MARKET_CAP":72841648772.67,"PE_TTM":14.484320694506,"PB_TTM":2.15037045441,"REPORT_DATE_SQ":"2020-06-30 00:00:00","REPORT_TYPE_SQ":"2020年中报","OPERATE_INCOME_SQ":13341704640,"DPS_HKD":0.7736,"OPERATE_INCOME_QOQ_SQ":0.171725258253,"NET_PROFIT_RATIO_SQ":13.0425852389,"HOLDER_PROFIT_SQ":1733709120,"HOLDER_PROFIT_QOQ_SQ":-3.597380143103,"ROE_AVG_SQ":5.08227229519,"PE_TTM_SQ":13.662857413704,"PB_TTM_SQ":1.937279601731,"ROA_SQ":1.897667908116,"START_DATE":"2021-01-01 00:00:00","FISCAL_YEAR":"12-31","CURRENCY":"HKD","IS_CNY_CODE":0,"DPS_HKD_LY":0.7167,"ORG_TYPE":"一般企业","PREMIUM_INCOME":null,"PREMIUM_INCOME_YOY":null,"NET_INTEREST_INCOME":null,"NET_INTEREST_INCOME_YOY":null,"FEE_COMMISSION_INCOME":null,"FEE_COMMISSION_INCOME_YOY":null,"ACCOUNTS_RECE_TDAYS":5.022636057152,"INVENTORY_TDAYS":8.861502347418,"CURRENT_ASSETS_TDAYS":1.662468781551,"TOTAL_ASSETS_TDAYS":0.150807882153,"PREMIUM_EXPENSE":null,"LOAN_DEPOSIT":null,"LOAN_EQUITY":null,"LOAN_ASSETS":null,"DEPOSIT_EQUITY":null,"DEPOSIT_ASSETS":null,"EQUITY_MULTIPLIER":2.850017763933,"EQUITY_RATIO":1.852752004817},{"SECUCODE":"06823.HK","SECURITY_CODE":"06823","SECURITY_NAME_ABBR":"香港电讯-SS","ORG_CODE":"10206057","STD_REPORT_DATE":"2020-12-31 00:00:00","REPORT_DATE":"2020-12-31 00:00:00","DATE_TYPE_CODE":"001","REPORT_TYPE":"2020年年报","PER_NETCASH_OPERATE":1.170959255067,"PER_OI":3.598311130205,"BPS":4.201439950519,"BASIC_EPS":0.589232164,"DILUTED_EPS":0.589148,"OPERATE_INCOME":27259877960,"OPERATE_INCOME_YOY":-2.1569042081,"GROSS_PROFIT":14043605040,"GROSS_PROFIT_YOY":-9.462256125499,"HOLDER_PROFIT":4463216920,"HOLDER_PROFIT_YOY":1.6484569676,"GROSS_PROFIT_RATIO":51.517490506036,"EPS_TTM":0.58914581875,"OPERATE_INCOME_QOQ":-8.228033541521,"NET_PROFIT_RATIO":16.4222421192,"ROE_AVG":14.001320132013,"GROSS_PROFIT_QOQ":-8.425394711114,"ROA":5.226175224204,"HOLDER_PROFIT_QOQ":-0.931186932797,"ROE_YEARLY":14.001320132013,"ROIC_YEARLY":5.375924414685,"TOTAL_ASSETS":86832840440,"TOTAL_LIABILITIES":54934684440,"TAX_EBT":13.848396501458,"OCF_SALES":32.541912377659,"TOTAL_PARENT_EQUITY":31845974320,"DEBT_ASSET_RATIO":63.2648709424,"OPERATE_PROFIT":6353540360,"PRETAX_PROFIT":5196285360,"NETCASH_OPERATE":8870885600,"NETCASH_INVEST":-5570815160,"NETCASH_FINANCE":-3601377560,"END_CASH":1760710880,"DIVI_RATIO":1.193555825436,"DIVIDEND_RATE":8.049947970864,"CURRENT_RATIO":0.633548051272,"COMMON_ACS":20000000000,"CURRENTDEBT_DEBT":23.546444822356,"ISSUED_COMMON_SHARES":7579776147,"HK_COMMON_SHARES":7579776147,"PER_SHARES":1000,"TOTAL_MARKET_CAP":72841648772.67,"HKSK_MARKET_CAP":72841648772.67,"PE_TTM":14.484320694506,"PB_TTM":2.15037045441,"REPORT_DATE_SQ":"2019-12-31 00:00:00","REPORT_TYPE_SQ":"2019年年报","OPERATE_INCOME_SQ":29653005340,"DPS_HKD":0.7736,"OPERATE_INCOME_QOQ_SQ":-0.394280434703,"NET_PROFIT_RATIO_SQ":15.8203184001,"HOLDER_PROFIT_SQ":4673284260,"HOLDER_PROFIT_QOQ_SQ":2.60628121441,"ROE_AVG_SQ":13.825910662939,"PE_TTM_SQ":13.662857413704,"PB_TTM_SQ":1.937279601731,"ROA_SQ":5.287482136885,"START_DATE":"2020-01-01 00:00:00","FISCAL_YEAR":"12-31","CURRENCY":"HKD","IS_CNY_CODE":0,"DPS_HKD_LY":0.7047,"ORG_TYPE":"一般企业","PREMIUM_INCOME":null,"PREMIUM_INCOME_YOY":null,"NET_INTEREST_INCOME":null,"NET_INTEREST_INCOME_YOY":null,"FEE_COMMISSION_INCOME":null,"FEE_COMMISSION_INCOME_YOY":null,"ACCOUNTS_RECE_TDAYS":9.452502553626,"INVENTORY_TDAYS":19.350585335798,"CURRENT_ASSETS_TDAYS":3.295248753688,"TOTAL_ASSETS_TDAYS":0.319197792451,"PREMIUM_EXPENSE":null,"LOAN_DEPOSIT":null,"LOAN_EQUITY":null,"LOAN_ASSETS":null,"DEPOSIT_EQUITY":null,"DEPOSIT_ASSETS":null,"EQUITY_MULTIPLIER":2.722189973614,"EQUITY_RATIO":1.725011892806},{"SECUCODE":"06823.HK","SECURITY_CODE":"06823","SECURITY_NAME_ABBR":"香港电讯-SS","ORG_CODE":"10206057","STD_REPORT_DATE":"2020-06-30 00:00:00","REPORT_DATE":"2020-06-30 00:00:00","DATE_TYPE_CODE":"002","REPORT_TYPE":"2020年中报","PER_NETCASH_OPERATE":0.557535667633,"PER_OI":1.761108555675,"BPS":4.432242998798,"BASIC_EPS":0.228908064,"DILUTED_EPS":0.228908064,"OPERATE_INCOME":13341704640,"OPERATE_INCOME_YOY":-3.3291415712,"GROSS_PROFIT":7001517600,"GROSS_PROFIT_YOY":-2.447049864504,"HOLDER_PROFIT":1733709120,"HOLDER_PROFIT_YOY":-12.2109158187,"GROSS_PROFIT_RATIO":52.478433520471,"EPS_TTM":0.594683433171,"OPERATE_INCOME_QOQ":0.171725258253,"NET_PROFIT_RATIO":13.0425852389,"ROE_AVG":5.08227229519,"GROSS_PROFIT_QOQ":-1.13225867708,"ROA":1.897667908116,"HOLDER_PROFIT_QOQ":-3.597380143103,"ROE_YEARLY":10.164544590379,"ROIC_YEARLY":3.899552619819,"TOTAL_ASSETS":91586975040,"TOTAL_LIABILITIES":57942239520,"TAX_EBT":17.852522639069,"OCF_SALES":31.658222648227,"TOTAL_PARENT_EQUITY":33595409760,"DEBT_ASSET_RATIO":63.2647158558,"OPERATE_PROFIT":2746714080,"PRETAX_PROFIT":2118267360,"NETCASH_OPERATE":4223746560,"NETCASH_INVEST":-1974857280,"NETCASH_FINANCE":-2785992000,"END_CASH":1665201120,"DIVI_RATIO":1.182441589554,"DIVIDEND_RATE":8.049947970864,"CURRENT_RATIO":0.590862879654,"COMMON_ACS":20000000000,"CURRENTDEBT_DEBT":24.810429902417,"ISSUED_COMMON_SHARES":7579776147,"HK_COMMON_SHARES":7579776147,"PER_SHARES":1000,"TOTAL_MARKET_CAP":72841648772.67,"HKSK_MARKET_CAP":72841648772.67,"PE_TTM":14.484320694506,"PB_TTM":2.15037045441,"REPORT_DATE_SQ":"2019-06-30 00:00:00","REPORT_TYPE_SQ":"2019年中报","OPERATE_INCOME_SQ":13290782940,"DPS_HKD":0.7736,"OPERATE_INCOME_QOQ_SQ":-3.439623885289,"NET_PROFIT_RATIO_SQ":14.3623006155,"HOLDER_PROFIT_SQ":1901824920,"HOLDER_PROFIT_QOQ_SQ":7.732734736551,"ROE_AVG_SQ":5.804650163776,"PE_TTM_SQ":13.662857413704,"PB_TTM_SQ":1.937279601731,"ROA_SQ":2.21156108389,"START_DATE":"2020-01-01 00:00:00","FISCAL_YEAR":"12-31","CURRENCY":"HKD","IS_CNY_CODE":0,"DPS_HKD_LY":0.7047,"ORG_TYPE":"一般企业","PREMIUM_INCOME":null,"PREMIUM_INCOME_YOY":null,"NET_INTEREST_INCOME":null,"NET_INTEREST_INCOME_YOY":null,"FEE_COMMISSION_INCOME":null,"FEE_COMMISSION_INCOME_YOY":null,"ACCOUNTS_RECE_TDAYS":4.092462874755,"INVENTORY_TDAYS":8.933075933076,"CURRENT_ASSETS_TDAYS":1.519875130073,"TOTAL_ASSETS_TDAYS":0.146034443972,"PREMIUM_EXPENSE":null,"LOAN_DEPOSIT":null,"LOAN_EQUITY":null,"LOAN_ASSETS":null,"DEPOSIT_EQUITY":null,"DEPOSIT_ASSETS":null,"EQUITY_MULTIPLIER":2.722178481251,"EQUITY_RATIO":1.724707033905}],"count":31},"success":true,"message":"ok","code":0}