{"version":"496e535444055a5450dafac420645acc","result":{"pages":4,"data":[{"SECUCODE":"06828.HK","SECURITY_CODE":"06828","SECURITY_NAME_ABBR":"北京燃气蓝天","ORG_CODE":"10160593","STD_REPORT_DATE":"2024-06-30 00:00:00","REPORT_DATE":"2024-06-30 00:00:00","DATE_TYPE_CODE":"002","REPORT_TYPE":"2024年中报","PER_NETCASH_OPERATE":0.000691210311,"PER_OI":0.035002321727,"BPS":0.05821135676,"BASIC_EPS":0.002190432,"DILUTED_EPS":0.002190432,"OPERATE_INCOME":795816802.08,"OPERATE_INCOME_YOY":-26.8155608712,"GROSS_PROFIT":15249970.12,"GROSS_PROFIT_YOY":-62.917100396405,"HOLDER_PROFIT":50483068.84,"HOLDER_PROFIT_YOY":71.3962568171,"GROSS_PROFIT_RATIO":1.916266417113,"EPS_TTM":0.004550410727,"OPERATE_INCOME_QOQ":-15.532805909913,"NET_PROFIT_RATIO":4.7646899614,"ROE_AVG":3.866937311964,"GROSS_PROFIT_QOQ":-43.674234886723,"ROA":1.077554802115,"HOLDER_PROFIT_QOQ":25.056204432178,"ROE_YEARLY":7.733874623927,"ROIC_YEARLY":2.476256413166,"TOTAL_ASSETS":4727340145,"TOTAL_LIABILITIES":3220979145.92,"TAX_EBT":22.799910807195,"OCF_SALES":1.974755606934,"TOTAL_PARENT_EQUITY":1323500085,"DEBT_ASSET_RATIO":68.1351256124,"OPERATE_PROFIT":-47223888.56,"PRETAX_PROFIT":49116786.88,"NETCASH_OPERATE":15715436.92,"NETCASH_INVEST":123712861.32,"NETCASH_FINANCE":-33101078.24,"END_CASH":469589375.56,"DIVI_RATIO":null,"DIVIDEND_RATE":null,"CURRENT_RATIO":0.488662976665,"COMMON_ACS":91000000000,"CURRENTDEBT_DEBT":65.952281913121,"ISSUED_COMMON_SHARES":22736114715,"HK_COMMON_SHARES":22736114715,"PER_SHARES":8000,"TOTAL_MARKET_CAP":613875097.305,"HKSK_MARKET_CAP":613875097.305,"PE_TTM":5.369232562231,"PB_TTM":0.423325642483,"REPORT_DATE_SQ":"2023-06-30 00:00:00","REPORT_TYPE_SQ":"2023年中报","OPERATE_INCOME_SQ":1098493071,"DPS_HKD":null,"OPERATE_INCOME_QOQ_SQ":21.757171509957,"NET_PROFIT_RATIO_SQ":3.6160980318,"HOLDER_PROFIT_SQ":29754138.56,"HOLDER_PROFIT_QOQ_SQ":76.119423975565,"ROE_AVG_SQ":2.441902477503,"PE_TTM_SQ":29.385265714563,"PB_TTM_SQ":0.706896754606,"ROA_SQ":0.630884670501,"START_DATE":"2024-01-01 00:00:00","FISCAL_YEAR":"12-31","CURRENCY":"HKD","IS_CNY_CODE":0,"DPS_HKD_LY":null,"ORG_TYPE":"一般企业","PREMIUM_INCOME":null,"PREMIUM_INCOME_YOY":null,"NET_INTEREST_INCOME":null,"NET_INTEREST_INCOME_YOY":null,"FEE_COMMISSION_INCOME":null,"FEE_COMMISSION_INCOME_YOY":null,"ACCOUNTS_RECE_TDAYS":10.399060220991,"INVENTORY_TDAYS":42.235462604015,"CURRENT_ASSETS_TDAYS":0.72653101015,"TOTAL_ASSETS_TDAYS":0.169866102911,"PREMIUM_EXPENSE":null,"LOAN_DEPOSIT":null,"LOAN_EQUITY":null,"LOAN_ASSETS":null,"DEPOSIT_EQUITY":null,"DEPOSIT_ASSETS":null,"EQUITY_MULTIPLIER":3.138251818715,"EQUITY_RATIO":2.433682613568},{"SECUCODE":"06828.HK","SECURITY_CODE":"06828","SECURITY_NAME_ABBR":"北京燃气蓝天","ORG_CODE":"10160593","STD_REPORT_DATE":"2023-12-31 00:00:00","REPORT_DATE":"2023-12-31 00:00:00","DATE_TYPE_CODE":"001","REPORT_TYPE":"2023年年报","PER_NETCASH_OPERATE":0.005034804732,"PER_OI":0.08570619298,"BPS":0.056227606179,"BASIC_EPS":0.00362488,"DILUTED_EPS":0.00362488,"OPERATE_INCOME":1948625835.38,"OPERATE_INCOME_YOY":37.0943966908,"GROSS_PROFIT":59243226.28,"GROSS_PROFIT_YOY":33.77792935721,"HOLDER_PROFIT":82729730.02,"HOLDER_PROFIT_YOY":389.6272459104,"GROSS_PROFIT_RATIO":3.040256636464,"EPS_TTM":0.003638692497,"OPERATE_INCOME_QOQ":11.479361873232,"NET_PROFIT_RATIO":4.773334065,"ROE_AVG":6.597729376811,"GROSS_PROFIT_QOQ":-30.474536853894,"ROA":1.771354566912,"HOLDER_PROFIT_QOQ":182.039031261747,"ROE_YEARLY":6.597729376811,"ROIC_YEARLY":2.059741552535,"TOTAL_ASSETS":4609729990.74,"TOTAL_LIABILITIES":3136281518.58,"TAX_EBT":7.501532028406,"OCF_SALES":5.87449349596,"TOTAL_PARENT_EQUITY":1278397304.24,"DEBT_ASSET_RATIO":68.0361219612,"OPERATE_PROFIT":-7593217.38,"PRETAX_PROFIT":100557796.08,"NETCASH_OPERATE":114471897.96,"NETCASH_INVEST":-4393354.56,"NETCASH_FINANCE":-221590726.84,"END_CASH":363705959.68,"DIVI_RATIO":null,"DIVIDEND_RATE":null,"CURRENT_RATIO":0.552868950597,"COMMON_ACS":91000000000,"CURRENTDEBT_DEBT":66.005295247771,"ISSUED_COMMON_SHARES":22736114715,"HK_COMMON_SHARES":22736114715,"PER_SHARES":8000,"TOTAL_MARKET_CAP":863972359.17,"HKSK_MARKET_CAP":863972359.17,"PE_TTM":7.556697680177,"PB_TTM":0.595791644975,"REPORT_DATE_SQ":"2022-12-31 00:00:00","REPORT_TYPE_SQ":"2022年年报","OPERATE_INCOME_SQ":1401063623.82,"DPS_HKD":null,"OPERATE_INCOME_QOQ_SQ":20.03156843941,"NET_PROFIT_RATIO_SQ":0.7207785703,"HOLDER_PROFIT_SQ":16655019.15,"HOLDER_PROFIT_QOQ_SQ":106.898286552482,"ROE_AVG_SQ":1.901098038336,"PE_TTM_SQ":36.731582143203,"PB_TTM_SQ":0.883620943257,"ROA_SQ":0.356608381741,"START_DATE":"2023-01-01 00:00:00","FISCAL_YEAR":"12-31","CURRENCY":"HKD","IS_CNY_CODE":0,"DPS_HKD_LY":null,"ORG_TYPE":"一般企业","PREMIUM_INCOME":null,"PREMIUM_INCOME_YOY":null,"NET_INTEREST_INCOME":null,"NET_INTEREST_INCOME_YOY":null,"FEE_COMMISSION_INCOME":null,"FEE_COMMISSION_INCOME_YOY":null,"ACCOUNTS_RECE_TDAYS":21.658078422288,"INVENTORY_TDAYS":106.871620063049,"CURRENT_ASSETS_TDAYS":1.636655566761,"TOTAL_ASSETS_TDAYS":0.41722694754,"PREMIUM_EXPENSE":null,"LOAN_DEPOSIT":null,"LOAN_EQUITY":null,"LOAN_ASSETS":null,"DEPOSIT_EQUITY":null,"DEPOSIT_ASSETS":null,"EQUITY_MULTIPLIER":3.128531521695,"EQUITY_RATIO":2.453291717824},{"SECUCODE":"06828.HK","SECURITY_CODE":"06828","SECURITY_NAME_ABBR":"北京燃气蓝天","ORG_CODE":"10160593","STD_REPORT_DATE":"2023-06-30 00:00:00","REPORT_DATE":"2023-06-30 00:00:00","DATE_TYPE_CODE":"002","REPORT_TYPE":"2023年中报","PER_NETCASH_OPERATE":0.00328611868,"PER_OI":0.048314898336,"BPS":0.052170560637,"BASIC_EPS":0.001290772,"DILUTED_EPS":0.001290772,"OPERATE_INCOME":1098493071,"OPERATE_INCOME_YOY":29.6095450585,"GROSS_PROFIT":41123995.92,"GROSS_PROFIT_YOY":18.328587610016,"HOLDER_PROFIT":29754138.56,"HOLDER_PROFIT_YOY":61.6185897436,"GROSS_PROFIT_RATIO":3.743673674934,"EPS_TTM":0.001290137922,"OPERATE_INCOME_QOQ":21.757171509957,"NET_PROFIT_RATIO":3.6160980318,"ROE_AVG":2.441902477503,"GROSS_PROFIT_QOQ":8.079473001503,"ROA":0.630884670501,"HOLDER_PROFIT_QOQ":76.119423975565,"ROE_YEARLY":4.883804955007,"ROIC_YEARLY":1.472001715024,"TOTAL_ASSETS":4619120721.98,"TOTAL_LIABILITIES":3175185716.46,"TAX_EBT":7.525220004293,"OCF_SALES":6.801460405388,"TOTAL_PARENT_EQUITY":1186155851.38,"DEBT_ASSET_RATIO":68.7400461597,"OPERATE_PROFIT":-11543189.6,"PRETAX_PROFIT":42955048.2,"NETCASH_OPERATE":74713571.28,"NETCASH_INVEST":9443841.14,"NETCASH_FINANCE":-222676609.6,"END_CASH":327286304.36,"DIVI_RATIO":null,"DIVIDEND_RATE":null,"CURRENT_RATIO":0.500314051366,"COMMON_ACS":91000000000,"CURRENTDEBT_DEBT":67.72660579922,"ISSUED_COMMON_SHARES":22736114715,"HK_COMMON_SHARES":22736114715,"PER_SHARES":8000,"TOTAL_MARKET_CAP":863972359.17,"HKSK_MARKET_CAP":863972359.17,"PE_TTM":7.556697680177,"PB_TTM":0.595791644975,"REPORT_DATE_SQ":"2022-06-30 00:00:00","REPORT_TYPE_SQ":"2022年中报","OPERATE_INCOME_SQ":786142814.59,"DPS_HKD":null,"OPERATE_INCOME_QOQ_SQ":-15.344621778276,"NET_PROFIT_RATIO_SQ":1.9915997742,"HOLDER_PROFIT_SQ":17076433.92,"HOLDER_PROFIT_QOQ_SQ":-7.225748564266,"ROE_AVG_SQ":3.503176332507,"PE_TTM_SQ":36.731582143203,"PB_TTM_SQ":0.883620943257,"ROA_SQ":0.40713534875,"START_DATE":"2023-01-01 00:00:00","FISCAL_YEAR":"12-31","CURRENCY":"HKD","IS_CNY_CODE":0,"DPS_HKD_LY":null,"ORG_TYPE":"一般企业","PREMIUM_INCOME":null,"PREMIUM_INCOME_YOY":null,"NET_INTEREST_INCOME":null,"NET_INTEREST_INCOME_YOY":null,"FEE_COMMISSION_INCOME":null,"FEE_COMMISSION_INCOME_YOY":null,"ACCOUNTS_RECE_TDAYS":10.435159599392,"INVENTORY_TDAYS":54.553264359615,"CURRENT_ASSETS_TDAYS":0.941242365663,"TOTAL_ASSETS_TDAYS":0.232916317758,"PREMIUM_EXPENSE":null,"LOAN_DEPOSIT":null,"LOAN_EQUITY":null,"LOAN_ASSETS":null,"DEPOSIT_EQUITY":null,"DEPOSIT_ASSETS":null,"EQUITY_MULTIPLIER":3.198981051312,"EQUITY_RATIO":2.676870592314},{"SECUCODE":"06828.HK","SECURITY_CODE":"06828","SECURITY_NAME_ABBR":"北京燃气蓝天","ORG_CODE":"10160593","STD_REPORT_DATE":"2022-12-31 00:00:00","REPORT_DATE":"2022-12-31 00:00:00","DATE_TYPE_CODE":"001","REPORT_TYPE":"2022年年报","PER_NETCASH_OPERATE":0.001050577027,"PER_OI":0.061622825244,"BPS":0.053301029387,"BASIC_EPS":0.001250578,"DILUTED_EPS":0.001250578,"OPERATE_INCOME":1401063623.82,"OPERATE_INCOME_YOY":-6.9945990177,"GROSS_PROFIT":44284753.52,"GROSS_PROFIT_YOY":-54.614956166771,"HOLDER_PROFIT":16655019.15,"HOLDER_PROFIT_YOY":106.7701525054,"GROSS_PROFIT_RATIO":5.491767730599,"EPS_TTM":0.000732535851,"OPERATE_INCOME_QOQ":20.03156843941,"NET_PROFIT_RATIO":0.7207785703,"ROE_AVG":1.901098038336,"GROSS_PROFIT_QOQ":-15.332218133893,"ROA":0.356608381741,"HOLDER_PROFIT_QOQ":106.898286552482,"ROE_YEARLY":1.901098038336,"ROIC_YEARLY":0.400830597531,"TOTAL_ASSETS":4663505408.24,"TOTAL_LIABILITIES":3208212255.99,"TAX_EBT":48.102683571525,"OCF_SALES":1.663813792232,"TOTAL_PARENT_EQUITY":1211858318.58,"DEBT_ASSET_RATIO":68.7940074074,"OPERATE_PROFIT":-4228740.18,"PRETAX_PROFIT":19938679.67,"NETCASH_OPERATE":23886039.8,"NETCASH_INVEST":275304920.73,"NETCASH_FINANCE":-14389686.43,"END_CASH":474625615.45,"DIVI_RATIO":null,"DIVIDEND_RATE":null,"CURRENT_RATIO":0.55306181501,"COMMON_ACS":91000000000,"CURRENTDEBT_DEBT":68.70473560484,"ISSUED_COMMON_SHARES":22736114715,"HK_COMMON_SHARES":22736114715,"PER_SHARES":8000,"TOTAL_MARKET_CAP":863972359.17,"HKSK_MARKET_CAP":863972359.17,"PE_TTM":7.556697680177,"PB_TTM":0.595791644975,"REPORT_DATE_SQ":"2021-12-31 00:00:00","REPORT_TYPE_SQ":"2021年年报","OPERATE_INCOME_SQ":1412828334.4,"DPS_HKD":null,"OPERATE_INCOME_QOQ_SQ":25.390460290174,"NET_PROFIT_RATIO_SQ":-16.1200195137,"HOLDER_PROFIT_SQ":-225167040,"HOLDER_PROFIT_QOQ_SQ":92.858289355488,"ROE_AVG_SQ":-40.657067819355,"PE_TTM_SQ":36.731582143203,"PB_TTM_SQ":0.883620943257,"ROA_SQ":-5.143131827395,"START_DATE":"2022-01-01 00:00:00","FISCAL_YEAR":"12-31","CURRENCY":"HKD","IS_CNY_CODE":0,"DPS_HKD_LY":null,"ORG_TYPE":"一般企业","PREMIUM_INCOME":null,"PREMIUM_INCOME_YOY":null,"NET_INTEREST_INCOME":null,"NET_INTEREST_INCOME_YOY":null,"FEE_COMMISSION_INCOME":null,"FEE_COMMISSION_INCOME_YOY":null,"ACCOUNTS_RECE_TDAYS":11.5098608293,"INVENTORY_TDAYS":85.527901345797,"CURRENT_ASSETS_TDAYS":1.103573746065,"TOTAL_ASSETS_TDAYS":0.307387244475,"PREMIUM_EXPENSE":null,"LOAN_DEPOSIT":null,"LOAN_EQUITY":null,"LOAN_ASSETS":null,"DEPOSIT_EQUITY":null,"DEPOSIT_ASSETS":null,"EQUITY_MULTIPLIER":3.204512713488,"EQUITY_RATIO":2.647349287291},{"SECUCODE":"06828.HK","SECURITY_CODE":"06828","SECURITY_NAME_ABBR":"北京燃气蓝天","ORG_CODE":"10160593","STD_REPORT_DATE":"2022-06-30 00:00:00","REPORT_DATE":"2022-06-30 00:00:00","DATE_TYPE_CODE":"002","REPORT_TYPE":"2022年中报","PER_NETCASH_OPERATE":-0.002698638644,"PER_OI":0.060537183895,"BPS":0.020128985723,"BASIC_EPS":0.001282785,"DILUTED_EPS":0.001282785,"OPERATE_INCOME":786142814.59,"OPERATE_INCOME_YOY":-23.7340459424,"GROSS_PROFIT":34754066.41,"GROSS_PROFIT_YOY":-11.368279447727,"HOLDER_PROFIT":17076433.92,"HOLDER_PROFIT_YOY":-50.1746681306,"GROSS_PROFIT_RATIO":4.420833691411,"EPS_TTM":-0.018591938348,"OPERATE_INCOME_QOQ":-15.344621778276,"NET_PROFIT_RATIO":1.9915997742,"ROE_AVG":3.503176332507,"GROSS_PROFIT_QOQ":-4.5684588204,"ROA":0.40713534875,"HOLDER_PROFIT_QOQ":-7.225748564266,"ROE_YEARLY":7.006352665014,"ROIC_YEARLY":0.881962924033,"TOTAL_ASSETS":3910686378.34,"TOTAL_LIABILITIES":3373241367.65,"TAX_EBT":6.482096337539,"OCF_SALES":-4.457819922742,"TOTAL_PARENT_EQUITY":457654928.5,"DEBT_ASSET_RATIO":86.2570158101,"OPERATE_PROFIT":-19753178.62,"PRETAX_PROFIT":16742054.63,"NETCASH_OPERATE":-35044831.01,"NETCASH_INVEST":256093487.02,"NETCASH_FINANCE":-152202440.25,"END_CASH":284329295.25,"DIVI_RATIO":null,"DIVIDEND_RATE":null,"CURRENT_RATIO":0.340546899385,"COMMON_ACS":91000000000,"CURRENTDEBT_DEBT":98.035003745784,"ISSUED_COMMON_SHARES":22736114715,"HK_COMMON_SHARES":22736114715,"PER_SHARES":8000,"TOTAL_MARKET_CAP":863972359.17,"HKSK_MARKET_CAP":863972359.17,"PE_TTM":7.556697680177,"PB_TTM":0.595791644975,"REPORT_DATE_SQ":"2021-06-30 00:00:00","REPORT_TYPE_SQ":"2021年中报","OPERATE_INCOME_SQ":1002935978.88,"DPS_HKD":null,"OPERATE_INCOME_QOQ_SQ":-8.499402956964,"NET_PROFIT_RATIO_SQ":3.240258318,"HOLDER_PROFIT_SQ":33346438.08,"HOLDER_PROFIT_QOQ_SQ":-0.800405728991,"ROE_AVG_SQ":5.534185776911,"PE_TTM_SQ":36.731582143203,"PB_TTM_SQ":0.883620943257,"ROA_SQ":0.717965153896,"START_DATE":"2022-01-01 00:00:00","FISCAL_YEAR":"12-31","CURRENCY":"HKD","IS_CNY_CODE":0,"DPS_HKD_LY":null,"ORG_TYPE":"一般企业","PREMIUM_INCOME":null,"PREMIUM_INCOME_YOY":null,"NET_INTEREST_INCOME":null,"NET_INTEREST_INCOME_YOY":null,"FEE_COMMISSION_INCOME":null,"FEE_COMMISSION_INCOME_YOY":null,"ACCOUNTS_RECE_TDAYS":5.577464703277,"INVENTORY_TDAYS":45.883440388532,"CURRENT_ASSETS_TDAYS":0.641765239953,"TOTAL_ASSETS_TDAYS":0.187431714657,"PREMIUM_EXPENSE":null,"LOAN_DEPOSIT":null,"LOAN_EQUITY":null,"LOAN_ASSETS":null,"DEPOSIT_EQUITY":null,"DEPOSIT_ASSETS":null,"EQUITY_MULTIPLIER":7.276440008822,"EQUITY_RATIO":7.370709146968},{"SECUCODE":"06828.HK","SECURITY_CODE":"06828","SECURITY_NAME_ABBR":"北京燃气蓝天","ORG_CODE":"10160593","STD_REPORT_DATE":"2021-12-31 00:00:00","REPORT_DATE":"2021-12-31 00:00:00","DATE_TYPE_CODE":"001","REPORT_TYPE":"2021年年报","PER_NETCASH_OPERATE":-0.00740473619,"PER_OI":0.108795306788,"BPS":0.021750438041,"BASIC_EPS":-0.01733312,"DILUTED_EPS":-0.01733312,"OPERATE_INCOME":1412828334.4,"OPERATE_INCOME_YOY":18.106529825,"GROSS_PROFIT":97575654.4,"GROSS_PROFIT_YOY":-25.322135843571,"HOLDER_PROFIT":-225167040,"HOLDER_PROFIT_YOY":92.5894572787,"GROSS_PROFIT_RATIO":6.906405542995,"EPS_TTM":-0.01733906137,"OPERATE_INCOME_QOQ":25.390460290174,"NET_PROFIT_RATIO":-16.1200195137,"ROE_AVG":-40.657067819355,"GROSS_PROFIT_QOQ":48.43722157749,"ROA":-5.143131827395,"HOLDER_PROFIT_QOQ":92.858289355488,"ROE_YEARLY":-40.657067819355,"ROIC_YEARLY":-5.727550171437,"TOTAL_ASSETS":4281065611.2,"TOTAL_LIABILITIES":3707941910.4,"TAX_EBT":-3.147101733702,"OCF_SALES":-6.806117293849,"TOTAL_PARENT_EQUITY":494520454.4,"DEBT_ASSET_RATIO":86.6125924513,"OPERATE_PROFIT":-397768123.2,"PRETAX_PROFIT":-220799420.8,"NETCASH_OPERATE":-75275614.4,"NETCASH_INVEST":167392971.2,"NETCASH_FINANCE":-469564849.6,"END_CASH":188820632,"DIVI_RATIO":null,"DIVIDEND_RATE":null,"CURRENT_RATIO":0.350731317595,"COMMON_ACS":91000000000,"CURRENTDEBT_DEBT":97.315416411438,"ISSUED_COMMON_SHARES":22736114715,"HK_COMMON_SHARES":22736114715,"PER_SHARES":8000,"TOTAL_MARKET_CAP":863972359.17,"HKSK_MARKET_CAP":863972359.17,"PE_TTM":7.556697680177,"PB_TTM":0.595791644975,"REPORT_DATE_SQ":"2020-12-31 00:00:00","REPORT_TYPE_SQ":"2020年年报","OPERATE_INCOME_SQ":1231405167.28,"DPS_HKD":null,"OPERATE_INCOME_QOQ_SQ":-33.392430849587,"NET_PROFIT_RATIO_SQ":-260.1597154539,"HOLDER_PROFIT_SQ":-3127809456.28,"HOLDER_PROFIT_QOQ_SQ":-4398.16559180704,"ROE_AVG_SQ":-143.578471228591,"PE_TTM_SQ":36.731582143203,"PB_TTM_SQ":0.883620943257,"ROA_SQ":-52.59960509891,"START_DATE":"2021-01-01 00:00:00","FISCAL_YEAR":"12-31","CURRENCY":"HKD","IS_CNY_CODE":0,"DPS_HKD_LY":null,"ORG_TYPE":"一般企业","PREMIUM_INCOME":null,"PREMIUM_INCOME_YOY":null,"NET_INTEREST_INCOME":null,"NET_INTEREST_INCOME_YOY":null,"FEE_COMMISSION_INCOME":null,"FEE_COMMISSION_INCOME_YOY":null,"ACCOUNTS_RECE_TDAYS":8.427942614536,"INVENTORY_TDAYS":95.58945867253,"CURRENT_ASSETS_TDAYS":1.068148087708,"TOTAL_ASSETS_TDAYS":0.322709859014,"PREMIUM_EXPENSE":null,"LOAN_DEPOSIT":null,"LOAN_EQUITY":null,"LOAN_ASSETS":null,"DEPOSIT_EQUITY":null,"DEPOSIT_ASSETS":null,"EQUITY_MULTIPLIER":7.46970611272,"EQUITY_RATIO":7.498055697006},{"SECUCODE":"06828.HK","SECURITY_CODE":"06828","SECURITY_NAME_ABBR":"北京燃气蓝天","ORG_CODE":"10160593","STD_REPORT_DATE":"2021-06-30 00:00:00","REPORT_DATE":"2021-06-30 00:00:00","DATE_TYPE_CODE":"002","REPORT_TYPE":"2021年中报","PER_NETCASH_OPERATE":-0.002618664494,"PER_OI":0.077231412235,"BPS":0.02555972468,"BASIC_EPS":0.002579448,"DILUTED_EPS":0.002579448,"OPERATE_INCOME":1002935978.88,"OPERATE_INCOME_YOY":-0.5955183962,"GROSS_PROFIT":39211770,"GROSS_PROFIT_YOY":-62.346538852578,"HOLDER_PROFIT":33346438.08,"HOLDER_PROFIT_YOY":-37.2969928341,"GROSS_PROFIT_RATIO":3.909698208632,"EPS_TTM":-0.242785828676,"OPERATE_INCOME_QOQ":-8.499402956964,"NET_PROFIT_RATIO":3.240258318,"ROE_AVG":5.534185776911,"GROSS_PROFIT_QOQ":-49.690607677237,"ROA":0.717965153896,"HOLDER_PROFIT_QOQ":-0.800405728991,"ROE_YEARLY":11.068371553821,"ROIC_YEARLY":1.628645069184,"TOTAL_ASSETS":4734936262.56,"TOTAL_LIABILITIES":4104976815.36,"TAX_EBT":7.727927800222,"OCF_SALES":-3.390672808246,"TOTAL_PARENT_EQUITY":581128832.4,"DEBT_ASSET_RATIO":86.6955031226,"OPERATE_PROFIT":-21575002.32,"PRETAX_PROFIT":35219450.16,"NETCASH_OPERATE":-34006277.52,"NETCASH_INVEST":-267280737.6,"NETCASH_FINANCE":192396865.92,"END_CASH":413242547.04,"DIVI_RATIO":null,"DIVIDEND_RATE":null,"CURRENT_RATIO":0.370243294758,"COMMON_ACS":91000000000,"CURRENTDEBT_DEBT":94.732143725858,"ISSUED_COMMON_SHARES":22736114715,"HK_COMMON_SHARES":22736114715,"PER_SHARES":8000,"TOTAL_MARKET_CAP":863972359.17,"HKSK_MARKET_CAP":863972359.17,"PE_TTM":7.556697680177,"PB_TTM":0.595791644975,"REPORT_DATE_SQ":"2020-06-30 00:00:00","REPORT_TYPE_SQ":"2020年中报","OPERATE_INCOME_SQ":1107598066.08,"DPS_HKD":null,"OPERATE_INCOME_QOQ_SQ":-22.879651885935,"NET_PROFIT_RATIO_SQ":6.71836458,"HOLDER_PROFIT_SQ":58381604.16,"HOLDER_PROFIT_QOQ_SQ":-614.058826170242,"ROE_AVG_SQ":1.456876775678,"PE_TTM_SQ":36.731582143203,"PB_TTM_SQ":0.883620943257,"ROA_SQ":0.724106923654,"START_DATE":"2021-01-01 00:00:00","FISCAL_YEAR":"12-31","CURRENCY":"HKD","IS_CNY_CODE":0,"DPS_HKD_LY":null,"ORG_TYPE":"一般企业","PREMIUM_INCOME":null,"PREMIUM_INCOME_YOY":null,"NET_INTEREST_INCOME":null,"NET_INTEREST_INCOME_YOY":null,"FEE_COMMISSION_INCOME":null,"FEE_COMMISSION_INCOME_YOY":null,"ACCOUNTS_RECE_TDAYS":5.720775815221,"INVENTORY_TDAYS":40.566389968828,"CURRENT_ASSETS_TDAYS":0.705295969114,"TOTAL_ASSETS_TDAYS":0.215937031324,"PREMIUM_EXPENSE":null,"LOAN_DEPOSIT":null,"LOAN_EQUITY":null,"LOAN_ASSETS":null,"DEPOSIT_EQUITY":null,"DEPOSIT_ASSETS":null,"EQUITY_MULTIPLIER":7.516255663141,"EQUITY_RATIO":7.063798225958},{"SECUCODE":"06828.HK","SECURITY_CODE":"06828","SECURITY_NAME_ABBR":"北京燃气蓝天","ORG_CODE":"10160593","STD_REPORT_DATE":"2020-12-31 00:00:00","REPORT_DATE":"2020-12-31 00:00:00","DATE_TYPE_CODE":"001","REPORT_TYPE":"2020年年报","PER_NETCASH_OPERATE":-0.023099592821,"PER_OI":0.094824756619,"BPS":0.027759691011,"BASIC_EPS":-0.240877368,"DILUTED_EPS":-0.240877368,"OPERATE_INCOME":1231405167.28,"OPERATE_INCOME_YOY":-45.3276729186,"GROSS_PROFIT":130662085.08,"GROSS_PROFIT_YOY":-35.030049982038,"HOLDER_PROFIT":-3127809456.28,"HOLDER_PROFIT_YOY":-34085.6958881428,"GROSS_PROFIT_RATIO":10.610811823099,"EPS_TTM":-0.240857987545,"OPERATE_INCOME_QOQ":-33.392430849587,"NET_PROFIT_RATIO":-260.1597154539,"ROE_AVG":-143.578471228591,"GROSS_PROFIT_QOQ":6.786492113923,"ROA":-52.59960509891,"HOLDER_PROFIT_QOQ":-4398.16559180704,"ROE_YEARLY":-143.578471228591,"ROIC_YEARLY":-58.624533281087,"TOTAL_ASSETS":4606540637.24,"TOTAL_LIABILITIES":3924676733.2,"TAX_EBT":2.829194522249,"OCF_SALES":-24.36029750489,"TOTAL_PARENT_EQUITY":631147519.28,"DEBT_ASSET_RATIO":85.1979184005,"OPERATE_PROFIT":-3177996449.48,"PRETAX_PROFIT":-3296895773.92,"NETCASH_OPERATE":-160302962.6,"NETCASH_INVEST":-12122140.92,"NETCASH_FINANCE":262317305.36,"END_CASH":563731313.64,"DIVI_RATIO":null,"DIVIDEND_RATE":null,"CURRENT_RATIO":0.385375522503,"COMMON_ACS":91000000000,"CURRENTDEBT_DEBT":93.910420683103,"ISSUED_COMMON_SHARES":22736114715,"HK_COMMON_SHARES":22736114715,"PER_SHARES":8000,"TOTAL_MARKET_CAP":863972359.17,"HKSK_MARKET_CAP":863972359.17,"PE_TTM":7.556697680177,"PB_TTM":0.595791644975,"REPORT_DATE_SQ":"2019-12-31 00:00:00","REPORT_TYPE_SQ":"2019年年报","OPERATE_INCOME_SQ":2397222835.62,"DPS_HKD":null,"OPERATE_INCOME_QOQ_SQ":-15.23672370985,"NET_PROFIT_RATIO_SQ":2.7603303129,"HOLDER_PROFIT_SQ":-9738024.38,"HOLDER_PROFIT_QOQ_SQ":-103.474869086166,"ROE_AVG_SQ":-0.229938811656,"PE_TTM_SQ":36.731582143203,"PB_TTM_SQ":0.883620943257,"ROA_SQ":-0.12876009747,"START_DATE":"2020-01-01 00:00:00","FISCAL_YEAR":"12-31","CURRENCY":"HKD","IS_CNY_CODE":0,"DPS_HKD_LY":null,"ORG_TYPE":"一般企业","PREMIUM_INCOME":null,"PREMIUM_INCOME_YOY":null,"NET_INTEREST_INCOME":null,"NET_INTEREST_INCOME_YOY":null,"FEE_COMMISSION_INCOME":null,"FEE_COMMISSION_INCOME_YOY":null,"ACCOUNTS_RECE_TDAYS":4.795098394262,"INVENTORY_TDAYS":35.954282415362,"CURRENT_ASSETS_TDAYS":0.758838648075,"TOTAL_ASSETS_TDAYS":0.207082389196,"PREMIUM_EXPENSE":null,"LOAN_DEPOSIT":null,"LOAN_EQUITY":null,"LOAN_ASSETS":null,"DEPOSIT_EQUITY":null,"DEPOSIT_ASSETS":null,"EQUITY_MULTIPLIER":6.755806561922,"EQUITY_RATIO":6.218319193708},{"SECUCODE":"06828.HK","SECURITY_CODE":"06828","SECURITY_NAME_ABBR":"北京燃气蓝天","ORG_CODE":"10160593","STD_REPORT_DATE":"2020-06-30 00:00:00","REPORT_DATE":"2020-06-30 00:00:00","DATE_TYPE_CODE":"002","REPORT_TYPE":"2020年中报","PER_NETCASH_OPERATE":-0.00543261988,"PER_OI":0.085290950403,"BPS":0.174655748996,"BASIC_EPS":0.004475856,"DILUTED_EPS":0.004475856,"OPERATE_INCOME":1107598066.08,"OPERATE_INCOME_YOY":-35.5923893702,"GROSS_PROFIT":104138554.08,"GROSS_PROFIT_YOY":-43.060041911348,"HOLDER_PROFIT":58381604.16,"HOLDER_PROFIT_YOY":-52.4258258526,"GROSS_PROFIT_RATIO":9.402197175061,"EPS_TTM":-0.005354582499,"OPERATE_INCOME_QOQ":-22.879651885935,"NET_PROFIT_RATIO":6.71836458,"ROE_AVG":1.456876775678,"GROSS_PROFIT_QOQ":-39.159018400333,"ROA":0.724106923654,"HOLDER_PROFIT_QOQ":-614.058826170242,"ROE_YEARLY":2.913753551357,"ROIC_YEARLY":1.566981060722,"TOTAL_ASSETS":8217176531.52,"TOTAL_LIABILITIES":4113440459.04,"TAX_EBT":6.839727828921,"OCF_SALES":-6.36951500012,"TOTAL_PARENT_EQUITY":3970993144.8,"DEBT_ASSET_RATIO":50.0590493981,"OPERATE_PROFIT":47571955.2,"PRETAX_PROFIT":79875760.8,"NETCASH_OPERATE":-70548624.96,"NETCASH_INVEST":-123258680.16,"NETCASH_FINANCE":292456998.24,"END_CASH":462310252.8,"DIVI_RATIO":null,"DIVIDEND_RATE":null,"CURRENT_RATIO":0.670917580036,"COMMON_ACS":91000000000,"CURRENTDEBT_DEBT":76.197143346314,"ISSUED_COMMON_SHARES":22736114715,"HK_COMMON_SHARES":22736114715,"PER_SHARES":8000,"TOTAL_MARKET_CAP":863972359.17,"HKSK_MARKET_CAP":863972359.17,"PE_TTM":7.556697680177,"PB_TTM":0.595791644975,"REPORT_DATE_SQ":"2019-06-30 00:00:00","REPORT_TYPE_SQ":"2019年中报","OPERATE_INCOME_SQ":1656074305.8,"DPS_HKD":null,"OPERATE_INCOME_QOQ_SQ":50.233265474357,"NET_PROFIT_RATIO_SQ":8.5046450975,"HOLDER_PROFIT_SQ":118178802.36,"HOLDER_PROFIT_QOQ_SQ":22.704296190107,"ROE_AVG_SQ":2.673684459819,"PE_TTM_SQ":36.731582143203,"PB_TTM_SQ":0.883620943257,"ROA_SQ":1.573756158229,"START_DATE":"2020-01-01 00:00:00","FISCAL_YEAR":"12-31","CURRENCY":"HKD","IS_CNY_CODE":0,"DPS_HKD_LY":null,"ORG_TYPE":"一般企业","PREMIUM_INCOME":null,"PREMIUM_INCOME_YOY":null,"NET_INTEREST_INCOME":null,"NET_INTEREST_INCOME_YOY":null,"FEE_COMMISSION_INCOME":null,"FEE_COMMISSION_INCOME_YOY":null,"ACCOUNTS_RECE_TDAYS":1.450989378659,"INVENTORY_TDAYS":11.075935009351,"CURRENT_ASSETS_TDAYS":0.542447969383,"TOTAL_ASSETS_TDAYS":0.137375366747,"PREMIUM_EXPENSE":null,"LOAN_DEPOSIT":null,"LOAN_EQUITY":null,"LOAN_ASSETS":null,"DEPOSIT_EQUITY":null,"DEPOSIT_ASSETS":null,"EQUITY_MULTIPLIER":2.002364768687,"EQUITY_RATIO":1.03587196176}],"count":32},"success":true,"message":"ok","code":0}