{"version":"b488095231379f88fa45e0128c621cff","result":{"pages":3,"data":[{"SECUCODE":"06822.HK","SECURITY_CODE":"06822","SECURITY_NAME_ABBR":"科劲国际","ORG_CODE":"10433491","STD_REPORT_DATE":"2024-06-30 00:00:00","REPORT_DATE":"2024-06-30 00:00:00","DATE_TYPE_CODE":"002","REPORT_TYPE":"2024年中报","PER_NETCASH_OPERATE":-0.031973788057,"PER_OI":0.434074519486,"BPS":0.724763099486,"BASIC_EPS":0.0045634,"DILUTED_EPS":0.0045634,"OPERATE_INCOME":303852163.64,"OPERATE_INCOME_YOY":-0.4080326187,"GROSS_PROFIT":79842159.08,"GROSS_PROFIT_YOY":1.083903719243,"HOLDER_PROFIT":3126841.68,"HOLDER_PROFIT_YOY":-54.7244614775,"GROSS_PROFIT_RATIO":26.276646551905,"EPS_TTM":-0.024697310514,"OPERATE_INCOME_QOQ":-0.695125770322,"NET_PROFIT_RATIO":0.6283735278,"ROE_AVG":0.609996029506,"GROSS_PROFIT_QOQ":0.525804757954,"ROA":0.437077322882,"HOLDER_PROFIT_QOQ":-28.647749774515,"ROE_YEARLY":1.219992059013,"ROIC_YEARLY":1.111194899401,"TOTAL_ASSETS":696716182.32,"TOTAL_LIABILITIES":178514731.92,"TAX_EBT":72.657168997517,"OCF_SALES":-7.365967506,"TOTAL_PARENT_EQUITY":507334169.64,"DEBT_ASSET_RATIO":25.6223030913,"OPERATE_PROFIT":10884621.68,"PRETAX_PROFIT":6982914.68,"NETCASH_OPERATE":-22381651.64,"NETCASH_INVEST":6898035.44,"NETCASH_FINANCE":-24301930.36,"END_CASH":100549955.6,"DIVI_RATIO":-0.733861283783,"DIVIDEND_RATE":4.819277108434,"CURRENT_RATIO":2.740735575275,"COMMON_ACS":10000000000,"CURRENTDEBT_DEBT":87.979692628608,"ISSUED_COMMON_SHARES":700000000,"HK_COMMON_SHARES":700000000,"PER_SHARES":2000,"TOTAL_MARKET_CAP":290500000,"HKSK_MARKET_CAP":290500000,"PE_TTM":-15.313653136531,"PB_TTM":0.522601385568,"REPORT_DATE_SQ":"2023-06-30 00:00:00","REPORT_TYPE_SQ":"2023年中报","OPERATE_INCOME_SQ":308205928.26,"DPS_HKD":0.02,"OPERATE_INCOME_QOQ_SQ":-11.299458198816,"NET_PROFIT_RATIO_SQ":2.8834504483,"HOLDER_PROFIT_SQ":6976622.66,"HOLDER_PROFIT_QOQ_SQ":-4.196402178265,"ROE_AVG_SQ":1.266509224746,"PE_TTM_SQ":22.321841205287,"PB_TTM_SQ":0.818318127525,"ROA_SQ":0.86433326004,"START_DATE":"2024-01-01 00:00:00","FISCAL_YEAR":"12-31","CURRENCY":"HKD","IS_CNY_CODE":0,"DPS_HKD_LY":0.02,"ORG_TYPE":"一般企业","PREMIUM_INCOME":null,"PREMIUM_INCOME_YOY":null,"NET_INTEREST_INCOME":null,"NET_INTEREST_INCOME_YOY":null,"FEE_COMMISSION_INCOME":null,"FEE_COMMISSION_INCOME_YOY":null,"ACCOUNTS_RECE_TDAYS":2.317509597614,"INVENTORY_TDAYS":2.250832225228,"CURRENT_ASSETS_TDAYS":0.675536572127,"TOTAL_ASSETS_TDAYS":0.424731738371,"PREMIUM_EXPENSE":null,"LOAN_DEPOSIT":null,"LOAN_EQUITY":null,"LOAN_ASSETS":null,"DEPOSIT_EQUITY":null,"DEPOSIT_ASSETS":null,"EQUITY_MULTIPLIER":1.344489062666,"EQUITY_RATIO":0.351868142543},{"SECUCODE":"06822.HK","SECURITY_CODE":"06822","SECURITY_NAME_ABBR":"科劲国际","ORG_CODE":"10433491","STD_REPORT_DATE":"2023-12-31 00:00:00","REPORT_DATE":"2023-12-31 00:00:00","DATE_TYPE_CODE":"001","REPORT_TYPE":"2023年年报","PER_NETCASH_OPERATE":0.0137719548,"PER_OI":0.8947537278,"BPS":0.7345728698,"BASIC_EPS":-0.01903062,"DILUTED_EPS":-0.01903062,"OPERATE_INCOME":626327609.46,"OPERATE_INCOME_YOY":-25.3353542272,"GROSS_PROFIT":162823266.06,"GROSS_PROFIT_YOY":-8.396224466627,"HOLDER_PROFIT":-13438336.38,"HOLDER_PROFIT_YOY":-163.7861321404,"GROSS_PROFIT_RATIO":25.996501447602,"EPS_TTM":-0.0191976234,"OPERATE_INCOME_QOQ":-14.603586698819,"NET_PROFIT_RATIO":-1.9650057947,"ROE_AVG":-2.530295636268,"GROSS_PROFIT_QOQ":-10.740091792314,"ROA":-1.769015213602,"HOLDER_PROFIT_QOQ":-167.545332407927,"ROE_YEARLY":-2.530295636268,"ROIC_YEARLY":-2.501657480933,"TOTAL_ASSETS":728883620.64,"TOTAL_LIABILITIES":180986633.52,"TAX_EBT":-47.459283387622,"OCF_SALES":1.539189429684,"TOTAL_PARENT_EQUITY":514201008.86,"DEBT_ASSET_RATIO":24.8306627279,"OPERATE_PROFIT":-2809282,"PRETAX_PROFIT":-8346286.2,"NETCASH_OPERATE":9640368.36,"NETCASH_INVEST":-30143595.86,"NETCASH_FINANCE":-1028559.7,"END_CASH":141180920.02,"DIVI_RATIO":-0.944096028053,"DIVIDEND_RATE":4.651162790698,"CURRENT_RATIO":2.951090825583,"COMMON_ACS":10000000000,"CURRENTDEBT_DEBT":87.213843657994,"ISSUED_COMMON_SHARES":700000000,"HK_COMMON_SHARES":700000000,"PER_SHARES":2000,"TOTAL_MARKET_CAP":301000000,"HKSK_MARKET_CAP":301000000,"PE_TTM":-15.867158671587,"PB_TTM":0.541490592276,"REPORT_DATE_SQ":"2022-12-31 00:00:00","REPORT_TYPE_SQ":"2022年年报","OPERATE_INCOME_SQ":826866988.01,"DPS_HKD":0.02,"OPERATE_INCOME_QOQ_SQ":-10.691828895715,"NET_PROFIT_RATIO_SQ":3.1288924803,"HOLDER_PROFIT_SQ":20766740.96,"HOLDER_PROFIT_QOQ_SQ":-60.647665267795,"ROE_AVG_SQ":3.770546176135,"PE_TTM_SQ":21.998336260283,"PB_TTM_SQ":0.806458444518,"ROA_SQ":2.707368810874,"START_DATE":"2023-01-01 00:00:00","FISCAL_YEAR":"12-31","CURRENCY":"HKD","IS_CNY_CODE":0,"DPS_HKD_LY":0.03,"ORG_TYPE":"一般企业","PREMIUM_INCOME":null,"PREMIUM_INCOME_YOY":null,"NET_INTEREST_INCOME":null,"NET_INTEREST_INCOME_YOY":null,"FEE_COMMISSION_INCOME":null,"FEE_COMMISSION_INCOME_YOY":null,"ACCOUNTS_RECE_TDAYS":5.258719603129,"INVENTORY_TDAYS":4.928999927723,"CURRENT_ASSETS_TDAYS":1.290466712474,"TOTAL_ASSETS_TDAYS":0.82449422198,"PREMIUM_EXPENSE":null,"LOAN_DEPOSIT":null,"LOAN_EQUITY":null,"LOAN_ASSETS":null,"DEPOSIT_EQUITY":null,"DEPOSIT_ASSETS":null,"EQUITY_MULTIPLIER":1.330329674692,"EQUITY_RATIO":0.351976426342},{"SECUCODE":"06822.HK","SECURITY_CODE":"06822","SECURITY_NAME_ABBR":"科劲国际","ORG_CODE":"10433491","STD_REPORT_DATE":"2023-06-30 00:00:00","REPORT_DATE":"2023-06-30 00:00:00","DATE_TYPE_CODE":"002","REPORT_TYPE":"2023年中报","PER_NETCASH_OPERATE":0.0051446484,"PER_OI":0.440294183229,"BPS":0.777406950429,"BASIC_EPS":0.01014178,"DILUTED_EPS":0.01014178,"OPERATE_INCOME":308205928.26,"OPERATE_INCOME_YOY":-28.8216468965,"GROSS_PROFIT":78986026.6,"GROSS_PROFIT_YOY":6.280327537764,"HOLDER_PROFIT":6976622.66,"HOLDER_PROFIT_YOY":-17.5438596491,"GROSS_PROFIT_RATIO":25.627679209781,"EPS_TTM":0.0284218357,"OPERATE_INCOME_QOQ":-11.299458198816,"NET_PROFIT_RATIO":2.8834504483,"ROE_AVG":1.266509224746,"GROSS_PROFIT_QOQ":2.625890360803,"ROA":0.86433326004,"HOLDER_PROFIT_QOQ":-4.196402178265,"ROE_YEARLY":2.533018449493,"ROIC_YEARLY":2.561104182144,"TOTAL_ASSETS":810172407.38,"TOTAL_LIABILITIES":224361067.06,"TAX_EBT":-3.756727664155,"OCF_SALES":1.168457044396,"TOTAL_PARENT_EQUITY":544184865.3,"DEBT_ASSET_RATIO":27.6930027506,"OPERATE_PROFIT":11789358.26,"PRETAX_PROFIT":8565194.2,"NETCASH_OPERATE":3601253.88,"NETCASH_INVEST":-11470353.18,"NETCASH_FINANCE":-11140284.34,"END_CASH":145930072.42,"DIVI_RATIO":0.637692800399,"DIVIDEND_RATE":4.651162790698,"CURRENT_RATIO":2.620268848627,"COMMON_ACS":10000000000,"CURRENTDEBT_DEBT":87.888899390582,"ISSUED_COMMON_SHARES":700000000,"HK_COMMON_SHARES":700000000,"PER_SHARES":2000,"TOTAL_MARKET_CAP":301000000,"HKSK_MARKET_CAP":301000000,"PE_TTM":-15.867158671587,"PB_TTM":0.541490592276,"REPORT_DATE_SQ":"2022-06-30 00:00:00","REPORT_TYPE_SQ":"2022年中报","OPERATE_INCOME_SQ":401637417.93,"DPS_HKD":0.02,"OPERATE_INCOME_QOQ_SQ":-13.002116959652,"NET_PROFIT_RATIO_SQ":2.5553234663,"HOLDER_PROFIT_SQ":7848078.63,"HOLDER_PROFIT_QOQ_SQ":-31.992201947433,"ROE_AVG_SQ":1.755282667625,"PE_TTM_SQ":21.998336260283,"PB_TTM_SQ":0.806458444518,"ROA_SQ":1.231176988708,"START_DATE":"2023-01-01 00:00:00","FISCAL_YEAR":"12-31","CURRENCY":"HKD","IS_CNY_CODE":0,"DPS_HKD_LY":0.03,"ORG_TYPE":"一般企业","PREMIUM_INCOME":null,"PREMIUM_INCOME_YOY":null,"NET_INTEREST_INCOME":null,"NET_INTEREST_INCOME_YOY":null,"FEE_COMMISSION_INCOME":null,"FEE_COMMISSION_INCOME_YOY":null,"ACCOUNTS_RECE_TDAYS":2.726225136398,"INVENTORY_TDAYS":2.477560477341,"CURRENT_ASSETS_TDAYS":0.598254560683,"TOTAL_ASSETS_TDAYS":0.381836094223,"PREMIUM_EXPENSE":null,"LOAN_DEPOSIT":null,"LOAN_EQUITY":null,"LOAN_ASSETS":null,"DEPOSIT_EQUITY":null,"DEPOSIT_ASSETS":null,"EQUITY_MULTIPLIER":1.382992017426,"EQUITY_RATIO":0.412288325836},{"SECUCODE":"06822.HK","SECURITY_CODE":"06822","SECURITY_NAME_ABBR":"科劲国际","ORG_CODE":"10433491","STD_REPORT_DATE":"2022-12-31 00:00:00","REPORT_DATE":"2022-12-31 00:00:00","DATE_TYPE_CODE":"001","REPORT_TYPE":"2022年年报","PER_NETCASH_OPERATE":0.0843412773,"PER_OI":1.1812385543,"BPS":0.7716614983,"BASIC_EPS":0.02947791,"DILUTED_EPS":0.02947791,"OPERATE_INCOME":826866988.01,"OPERATE_INCOME_YOY":-28.8855239342,"GROSS_PROFIT":177747330.95,"GROSS_PROFIT_YOY":-24.908438480842,"HOLDER_PROFIT":20766740.96,"HOLDER_PROFIT_YOY":-75.5044411898,"GROSS_PROFIT_RATIO":21.496484141637,"EPS_TTM":0.0296667728,"OPERATE_INCOME_QOQ":-10.691828895715,"NET_PROFIT_RATIO":3.1288924803,"ROE_AVG":3.770546176135,"GROSS_PROFIT_QOQ":-10.177868038626,"ROA":2.707368810874,"HOLDER_PROFIT_QOQ":-60.647665267795,"ROE_YEARLY":3.770546176135,"ROIC_YEARLY":4.021386970277,"TOTAL_ASSETS":779122599.78,"TOTAL_LIABILITIES":195165202.68,"TAX_EBT":19.05932984937,"OCF_SALES":7.140071494702,"TOTAL_PARENT_EQUITY":540163048.81,"DEBT_ASSET_RATIO":25.0493571532,"OPERATE_PROFIT":32682069.49,"PRETAX_PROFIT":31963880.41,"NETCASH_OPERATE":59038894.11,"NETCASH_INVEST":-22106645.96,"NETCASH_FINANCE":-62779908.87,"END_CASH":162475987.03,"DIVI_RATIO":0.610932645832,"DIVIDEND_RATE":4.651162790698,"CURRENT_RATIO":3.064628095537,"COMMON_ACS":10000000000,"CURRENTDEBT_DEBT":83.207008293514,"ISSUED_COMMON_SHARES":700000000,"HK_COMMON_SHARES":700000000,"PER_SHARES":2000,"TOTAL_MARKET_CAP":301000000,"HKSK_MARKET_CAP":301000000,"PE_TTM":-15.867158671587,"PB_TTM":0.541490592276,"REPORT_DATE_SQ":"2021-12-31 00:00:00","REPORT_TYPE_SQ":"2021年年报","OPERATE_INCOME_SQ":1064230675.2,"DPS_HKD":0.02,"OPERATE_INCOME_QOQ_SQ":-5.724703484498,"NET_PROFIT_RATIO_SQ":8.1240608089,"HOLDER_PROFIT_SQ":77595963.2,"HOLDER_PROFIT_QOQ_SQ":-16.627761931737,"ROE_AVG_SQ":15.246275861737,"PE_TTM_SQ":21.998336260283,"PB_TTM_SQ":0.806458444518,"ROA_SQ":10.990871532673,"START_DATE":"2022-01-01 00:00:00","FISCAL_YEAR":"12-31","CURRENCY":"HKD","IS_CNY_CODE":0,"DPS_HKD_LY":0.06,"ORG_TYPE":"一般企业","PREMIUM_INCOME":null,"PREMIUM_INCOME_YOY":null,"NET_INTEREST_INCOME":null,"NET_INTEREST_INCOME_YOY":null,"FEE_COMMISSION_INCOME":null,"FEE_COMMISSION_INCOME_YOY":null,"ACCOUNTS_RECE_TDAYS":5.713034596193,"INVENTORY_TDAYS":9.822494964923,"CURRENT_ASSETS_TDAYS":1.593798452282,"TOTAL_ASSETS_TDAYS":1.077989992937,"PREMIUM_EXPENSE":null,"LOAN_DEPOSIT":null,"LOAN_EQUITY":null,"LOAN_ASSETS":null,"DEPOSIT_EQUITY":null,"DEPOSIT_ASSETS":null,"EQUITY_MULTIPLIER":1.334211371668,"EQUITY_RATIO":0.361307947869},{"SECUCODE":"06822.HK","SECURITY_CODE":"06822","SECURITY_NAME_ABBR":"科劲国际","ORG_CODE":"10433491","STD_REPORT_DATE":"2022-06-30 00:00:00","REPORT_DATE":"2022-06-30 00:00:00","DATE_TYPE_CODE":"002","REPORT_TYPE":"2022年中报","PER_NETCASH_OPERATE":-0.0122487642,"PER_OI":0.5737677399,"BPS":0.7285314742,"BASIC_EPS":0.01111747,"DILUTED_EPS":0.01111747,"OPERATE_INCOME":401637417.93,"OPERATE_INCOME_YOY":-27.6339470067,"GROSS_PROFIT":74318576.57,"GROSS_PROFIT_YOY":-34.31152159548,"HOLDER_PROFIT":7848078.63,"HOLDER_PROFIT_YOY":-73.7072550267,"GROSS_PROFIT_RATIO":18.503897608204,"EPS_TTM":0.075387579929,"OPERATE_INCOME_QOQ":-13.002116959652,"NET_PROFIT_RATIO":2.5553234663,"ROE_AVG":1.755282667625,"GROSS_PROFIT_QOQ":-16.399711430308,"ROA":1.231176988708,"HOLDER_PROFIT_QOQ":-31.992201947433,"ROE_YEARLY":3.510565335249,"ROIC_YEARLY":3.667730691867,"TOTAL_ASSETS":770492837.59,"TOTAL_LIABILITIES":216354518.1,"TAX_EBT":16.687969324173,"OCF_SALES":-2.134794856562,"TOTAL_PARENT_EQUITY":509972031.94,"DEBT_ASSET_RATIO":28.0800167821,"OPERATE_PROFIT":12231782.57,"PRETAX_PROFIT":10705268.42,"NETCASH_OPERATE":-8574134.94,"NETCASH_INVEST":993730.78,"NETCASH_FINANCE":12939879.89,"END_CASH":189866718.23,"DIVI_RATIO":0.240416259776,"DIVIDEND_RATE":4.651162790698,"CURRENT_RATIO":2.599758360125,"COMMON_ACS":10000000000,"CURRENTDEBT_DEBT":96.511719830823,"ISSUED_COMMON_SHARES":700000000,"HK_COMMON_SHARES":700000000,"PER_SHARES":2000,"TOTAL_MARKET_CAP":301000000,"HKSK_MARKET_CAP":301000000,"PE_TTM":-15.867158671587,"PB_TTM":0.541490592276,"REPORT_DATE_SQ":"2021-06-30 00:00:00","REPORT_TYPE_SQ":"2021年中报","OPERATE_INCOME_SQ":540009935.04,"DPS_HKD":0.02,"OPERATE_INCOME_QOQ_SQ":2.293457293821,"NET_PROFIT_RATIO_SQ":7.5149309386,"HOLDER_PROFIT_SQ":34017094.56,"HOLDER_PROFIT_QOQ_SQ":-3.065587759905,"ROE_AVG_SQ":6.692044337536,"PE_TTM_SQ":21.998336260283,"PB_TTM_SQ":0.806458444518,"ROA_SQ":4.736597579217,"START_DATE":"2022-01-01 00:00:00","FISCAL_YEAR":"12-31","CURRENCY":"HKD","IS_CNY_CODE":0,"DPS_HKD_LY":0.06,"ORG_TYPE":"一般企业","PREMIUM_INCOME":null,"PREMIUM_INCOME_YOY":null,"NET_INTEREST_INCOME":null,"NET_INTEREST_INCOME_YOY":null,"FEE_COMMISSION_INCOME":null,"FEE_COMMISSION_INCOME_YOY":null,"ACCOUNTS_RECE_TDAYS":2.420536422954,"INVENTORY_TDAYS":5.712852814305,"CURRENT_ASSETS_TDAYS":0.757971950098,"TOTAL_ASSETS_TDAYS":0.537927787902,"PREMIUM_EXPENSE":null,"LOAN_DEPOSIT":null,"LOAN_EQUITY":null,"LOAN_ASSETS":null,"DEPOSIT_EQUITY":null,"DEPOSIT_ASSETS":null,"EQUITY_MULTIPLIER":1.3904341398,"EQUITY_RATIO":0.424247810761},{"SECUCODE":"06822.HK","SECURITY_CODE":"06822","SECURITY_NAME_ABBR":"科劲国际","ORG_CODE":"10433491","STD_REPORT_DATE":"2021-12-31 00:00:00","REPORT_DATE":"2021-12-31 00:00:00","DATE_TYPE_CODE":"001","REPORT_TYPE":"2021年年报","PER_NETCASH_OPERATE":0.09023968,"PER_OI":1.520329536,"BPS":0.734010912,"BASIC_EPS":0.1111936,"DILUTED_EPS":0.1111936,"OPERATE_INCOME":1064230675.2,"OPERATE_INCOME_YOY":-0.7269765342,"GROSS_PROFIT":236707464,"GROSS_PROFIT_YOY":-7.968500463141,"HOLDER_PROFIT":77595963.2,"HOLDER_PROFIT_YOY":-16.8073561768,"GROSS_PROFIT_RATIO":22.242120013644,"EPS_TTM":0.110851376,"OPERATE_INCOME_QOQ":-5.724703484498,"NET_PROFIT_RATIO":8.1240608089,"ROE_AVG":15.246275861737,"GROSS_PROFIT_QOQ":-7.548284239602,"ROA":10.990871532673,"HOLDER_PROFIT_QOQ":-16.627761931737,"ROE_YEARLY":15.246275861737,"ROIC_YEARLY":18.565931583035,"TOTAL_ASSETS":691013444.8,"TOTAL_LIABILITIES":126439387.2,"TAX_EBT":17.028638681836,"OCF_SALES":5.935534228811,"TOTAL_PARENT_EQUITY":513807638.4,"DEBT_ASSET_RATIO":18.2976739673,"OPERATE_PROFIT":103130428.8,"PRETAX_PROFIT":104203120,"NETCASH_OPERATE":63167776,"NETCASH_INVEST":-117682891.2,"NETCASH_FINANCE":-73392681.6,"END_CASH":179827849.6,"DIVI_RATIO":0.163501804434,"DIVIDEND_RATE":4.651162790698,"CURRENT_RATIO":4.149874703924,"COMMON_ACS":10000000000,"CURRENTDEBT_DEBT":94.185467548675,"ISSUED_COMMON_SHARES":700000000,"HK_COMMON_SHARES":700000000,"PER_SHARES":2000,"TOTAL_MARKET_CAP":301000000,"HKSK_MARKET_CAP":301000000,"PE_TTM":-15.867158671587,"PB_TTM":0.541490592276,"REPORT_DATE_SQ":"2020-12-31 00:00:00","REPORT_TYPE_SQ":"2020年年报","OPERATE_INCOME_SQ":1103544901.76,"DPS_HKD":0.02,"OPERATE_INCOME_QOQ_SQ":-8.374704408523,"NET_PROFIT_RATIO_SQ":9.9985204212,"HOLDER_PROFIT_SQ":96015132.84,"HOLDER_PROFIT_QOQ_SQ":-2.287444174703,"ROE_AVG_SQ":17.18395314823,"PE_TTM_SQ":21.998336260283,"PB_TTM_SQ":0.806458444518,"ROA_SQ":11.835030990433,"START_DATE":"2021-01-01 00:00:00","FISCAL_YEAR":"12-31","CURRENCY":"HKD","IS_CNY_CODE":0,"DPS_HKD_LY":0.115,"ORG_TYPE":"一般企业","PREMIUM_INCOME":null,"PREMIUM_INCOME_YOY":null,"NET_INTEREST_INCOME":null,"NET_INTEREST_INCOME_YOY":null,"FEE_COMMISSION_INCOME":null,"FEE_COMMISSION_INCOME_YOY":null,"ACCOUNTS_RECE_TDAYS":5.746604976425,"INVENTORY_TDAYS":20.080290450257,"CURRENT_ASSETS_TDAYS":1.860125999353,"TOTAL_ASSETS_TDAYS":1.507400920085,"PREMIUM_EXPENSE":null,"LOAN_DEPOSIT":null,"LOAN_EQUITY":null,"LOAN_ASSETS":null,"DEPOSIT_EQUITY":null,"DEPOSIT_ASSETS":null,"EQUITY_MULTIPLIER":1.223955361564,"EQUITY_RATIO":0.246083120901},{"SECUCODE":"06822.HK","SECURITY_CODE":"06822","SECURITY_NAME_ABBR":"科劲国际","ORG_CODE":"10433491","STD_REPORT_DATE":"2021-06-30 00:00:00","REPORT_DATE":"2021-06-30 00:00:00","DATE_TYPE_CODE":"002","REPORT_TYPE":"2021年中报","PER_NETCASH_OPERATE":-0.00894486,"PER_OI":0.771442764343,"BPS":0.719460349371,"BASIC_EPS":0.04826064,"DILUTED_EPS":0.04826064,"OPERATE_INCOME":540009935.04,"OPERATE_INCOME_YOY":15.176006034,"GROSS_PROFIT":113137917.6,"GROSS_PROFIT_YOY":-1.022729041648,"HOLDER_PROFIT":34017094.56,"HOLDER_PROFIT_YOY":1.0355139263,"GROSS_PROFIT_RATIO":20.951080759583,"EPS_TTM":0.132959578114,"OPERATE_INCOME_QOQ":2.293457293821,"NET_PROFIT_RATIO":7.5149309386,"ROE_AVG":6.692044337536,"GROSS_PROFIT_QOQ":-0.45452506758,"ROA":4.736597579217,"HOLDER_PROFIT_QOQ":-3.065587759905,"ROE_YEARLY":13.384088675071,"ROIC_YEARLY":17.294502981866,"TOTAL_ASSETS":702588382.08,"TOTAL_LIABILITIES":152160805.44,"TAX_EBT":15.214783651757,"OCF_SALES":-1.159497556195,"TOTAL_PARENT_EQUITY":503622244.56,"DEBT_ASSET_RATIO":21.6571764238,"OPERATE_PROFIT":47455186.56,"PRETAX_PROFIT":47863737.84,"NETCASH_OPERATE":-6261402,"NETCASH_INVEST":-15632286.96,"NETCASH_FINANCE":-61930050.24,"END_CASH":229889558.64,"DIVI_RATIO":0.136315113639,"DIVIDEND_RATE":4.651162790698,"CURRENT_RATIO":4.175221796184,"COMMON_ACS":10000000000,"CURRENTDEBT_DEBT":97.264693658814,"ISSUED_COMMON_SHARES":700000000,"HK_COMMON_SHARES":700000000,"PER_SHARES":2000,"TOTAL_MARKET_CAP":301000000,"HKSK_MARKET_CAP":301000000,"PE_TTM":-15.867158671587,"PB_TTM":0.541490592276,"REPORT_DATE_SQ":"2020-06-30 00:00:00","REPORT_TYPE_SQ":"2020年中报","OPERATE_INCOME_SQ":514700604,"DPS_HKD":0.02,"OPERATE_INCOME_QOQ_SQ":-12.715653425784,"NET_PROFIT_RATIO_SQ":8.4108434269,"HOLDER_PROFIT_SQ":36960522.72,"HOLDER_PROFIT_QOQ_SQ":-12.205143993514,"ROE_AVG_SQ":6.320556217695,"PE_TTM_SQ":21.998336260283,"PB_TTM_SQ":0.806458444518,"ROA_SQ":3.92934119467,"START_DATE":"2021-01-01 00:00:00","FISCAL_YEAR":"12-31","CURRENCY":"HKD","IS_CNY_CODE":0,"DPS_HKD_LY":0.115,"ORG_TYPE":"一般企业","PREMIUM_INCOME":null,"PREMIUM_INCOME_YOY":null,"NET_INTEREST_INCOME":null,"NET_INTEREST_INCOME_YOY":null,"FEE_COMMISSION_INCOME":null,"FEE_COMMISSION_INCOME_YOY":null,"ACCOUNTS_RECE_TDAYS":2.552593644357,"INVENTORY_TDAYS":9.597642766943,"CURRENT_ASSETS_TDAYS":0.844096192327,"TOTAL_ASSETS_TDAYS":0.75191893492,"PREMIUM_EXPENSE":null,"LOAN_DEPOSIT":null,"LOAN_EQUITY":null,"LOAN_ASSETS":null,"DEPOSIT_EQUITY":null,"DEPOSIT_ASSETS":null,"EQUITY_MULTIPLIER":1.276441101242,"EQUITY_RATIO":0.302132813003},{"SECUCODE":"06822.HK","SECURITY_CODE":"06822","SECURITY_NAME_ABBR":"科劲国际","ORG_CODE":"10433491","STD_REPORT_DATE":"2020-12-31 00:00:00","REPORT_DATE":"2020-12-31 00:00:00","DATE_TYPE_CODE":"001","REPORT_TYPE":"2020年年报","PER_NETCASH_OPERATE":0.129911943371,"PER_OI":1.5764927168,"BPS":0.741306893257,"BASIC_EPS":0.13718732,"DILUTED_EPS":0.13718732,"OPERATE_INCOME":1103544901.76,"OPERATE_INCOME_YOY":-14.8809539266,"GROSS_PROFIT":257202659.08,"GROSS_PROFIT_YOY":-8.125521454744,"HOLDER_PROFIT":96015132.84,"HOLDER_PROFIT_YOY":-8.6950258114,"GROSS_PROFIT_RATIO":23.306950054302,"EPS_TTM":0.137164475486,"OPERATE_INCOME_QOQ":-8.374704408523,"NET_PROFIT_RATIO":9.9985204212,"ROE_AVG":17.18395314823,"GROSS_PROFIT_QOQ":-0.548568502063,"ROA":11.835030990433,"HOLDER_PROFIT_QOQ":-2.287444174703,"ROE_YEARLY":17.18395314823,"ROIC_YEARLY":22.712426921396,"TOTAL_ASSETS":742193500.88,"TOTAL_LIABILITIES":182720044,"TAX_EBT":17.606355231816,"OCF_SALES":8.240567304055,"TOTAL_PARENT_EQUITY":518914825.28,"DEBT_ASSET_RATIO":24.6189226642,"OPERATE_PROFIT":131524766.08,"PRETAX_PROFIT":133915865.32,"NETCASH_OPERATE":90938360.36,"NETCASH_INVEST":3724257,"NETCASH_FINANCE":-139739172.48,"END_CASH":314712761.92,"DIVI_RATIO":0.1321362542,"DIVIDEND_RATE":4.651162790698,"CURRENT_RATIO":3.760457262855,"COMMON_ACS":10000000000,"CURRENTDEBT_DEBT":97.389221556886,"ISSUED_COMMON_SHARES":700000000,"HK_COMMON_SHARES":700000000,"PER_SHARES":2000,"TOTAL_MARKET_CAP":301000000,"HKSK_MARKET_CAP":301000000,"PE_TTM":-15.867158671587,"PB_TTM":0.541490592276,"REPORT_DATE_SQ":"2019-12-31 00:00:00","REPORT_TYPE_SQ":"2019年年报","OPERATE_INCOME_SQ":1379870261.36,"DPS_HKD":0.02,"OPERATE_INCOME_QOQ_SQ":-1.766551922575,"NET_PROFIT_RATIO_SQ":8.980389662,"HOLDER_PROFIT_SQ":111923232.1,"HOLDER_PROFIT_QOQ_SQ":4.740948789388,"ROE_AVG_SQ":18.004821652187,"PE_TTM_SQ":21.998336260283,"PB_TTM_SQ":0.806458444518,"ROA_SQ":11.709967319496,"START_DATE":"2020-01-01 00:00:00","FISCAL_YEAR":"12-31","CURRENCY":"HKD","IS_CNY_CODE":0,"DPS_HKD_LY":0.24,"ORG_TYPE":"一般企业","PREMIUM_INCOME":null,"PREMIUM_INCOME_YOY":null,"NET_INTEREST_INCOME":null,"NET_INTEREST_INCOME_YOY":null,"FEE_COMMISSION_INCOME":null,"FEE_COMMISSION_INCOME_YOY":null,"ACCOUNTS_RECE_TDAYS":4.658674720199,"INVENTORY_TDAYS":20.836646947296,"CURRENT_ASSETS_TDAYS":1.503442756223,"TOTAL_ASSETS_TDAYS":1.360253089836,"PREMIUM_EXPENSE":null,"LOAN_DEPOSIT":null,"LOAN_EQUITY":null,"LOAN_ASSETS":null,"DEPOSIT_EQUITY":null,"DEPOSIT_ASSETS":null,"EQUITY_MULTIPLIER":1.326592873627,"EQUITY_RATIO":0.352119529253},{"SECUCODE":"06822.HK","SECURITY_CODE":"06822","SECURITY_NAME_ABBR":"科劲国际","ORG_CODE":"10433491","STD_REPORT_DATE":"2020-06-30 00:00:00","REPORT_DATE":"2020-06-30 00:00:00","DATE_TYPE_CODE":"002","REPORT_TYPE":"2020年中报","PER_NETCASH_OPERATE":0.016119606171,"PER_OI":0.735286577143,"BPS":0.742694575543,"BASIC_EPS":0.05297952,"DILUTED_EPS":0.05297952,"OPERATE_INCOME":514700604,"OPERATE_INCOME_YOY":-28.1809537891,"GROSS_PROFIT":114306968.16,"GROSS_PROFIT_YOY":-15.724985359171,"HOLDER_PROFIT":36960522.72,"HOLDER_PROFIT_YOY":-29.6858165641,"GROSS_PROFIT_RATIO":22.208438706243,"EPS_TTM":0.140375486371,"OPERATE_INCOME_QOQ":-12.715653425784,"NET_PROFIT_RATIO":8.4108434269,"ROE_AVG":6.320556217695,"GROSS_PROFIT_QOQ":-7.618746998969,"ROA":3.92934119467,"HOLDER_PROFIT_QOQ":-12.205143993514,"ROE_YEARLY":12.641112435389,"ROIC_YEARLY":15.870628276923,"TOTAL_ASSETS":925789708.8,"TOTAL_LIABILITIES":372979474.56,"TAX_EBT":17.517142956594,"OCF_SALES":2.192288921425,"TOTAL_PARENT_EQUITY":519886202.88,"DEBT_ASSET_RATIO":40.2877101587,"OPERATE_PROFIT":50807359.68,"PRETAX_PROFIT":52484435.52,"NETCASH_OPERATE":11283724.32,"NETCASH_INVEST":-7492948.32,"NETCASH_FINANCE":29804633.76,"END_CASH":419536597.92,"DIVI_RATIO":0.129113711151,"DIVIDEND_RATE":4.651162790698,"CURRENT_RATIO":2.291843705325,"COMMON_ACS":10000000000,"CURRENTDEBT_DEBT":98.159059962187,"ISSUED_COMMON_SHARES":700000000,"HK_COMMON_SHARES":700000000,"PER_SHARES":2000,"TOTAL_MARKET_CAP":301000000,"HKSK_MARKET_CAP":301000000,"PE_TTM":-15.867158671587,"PB_TTM":0.541490592276,"REPORT_DATE_SQ":"2019-06-30 00:00:00","REPORT_TYPE_SQ":"2019年中报","OPERATE_INCOME_SQ":690160124.16,"DPS_HKD":0.02,"OPERATE_INCOME_QOQ_SQ":2.316179528037,"NET_PROFIT_RATIO_SQ":8.3385166,"HOLDER_PROFIT_SQ":50620914.36,"HOLDER_PROFIT_QOQ_SQ":3.349276847354,"ROE_AVG_SQ":8.407718690759,"PE_TTM_SQ":21.998336260283,"PB_TTM_SQ":0.806458444518,"ROA_SQ":5.271414261655,"START_DATE":"2020-01-01 00:00:00","FISCAL_YEAR":"12-31","CURRENCY":"HKD","IS_CNY_CODE":0,"DPS_HKD_LY":0.24,"ORG_TYPE":"一般企业","PREMIUM_INCOME":null,"PREMIUM_INCOME_YOY":null,"NET_INTEREST_INCOME":null,"NET_INTEREST_INCOME_YOY":null,"FEE_COMMISSION_INCOME":null,"FEE_COMMISSION_INCOME_YOY":null,"ACCOUNTS_RECE_TDAYS":2.102483353824,"INVENTORY_TDAYS":8.395713423802,"CURRENT_ASSETS_TDAYS":0.603373688528,"TOTAL_ASSETS_TDAYS":0.547187684963,"PREMIUM_EXPENSE":null,"LOAN_DEPOSIT":null,"LOAN_EQUITY":null,"LOAN_ASSETS":null,"DEPOSIT_EQUITY":null,"DEPOSIT_ASSETS":null,"EQUITY_MULTIPLIER":1.674697122917,"EQUITY_RATIO":0.717425222085}],"count":25},"success":true,"message":"ok","code":0}