{"version":"2915f601bceafcd55f1014a249901ceb","result":{"pages":5,"data":[{"SECUCODE":"06826.HK","SECURITY_CODE":"06826","SECURITY_NAME_ABBR":"昊海生物科技","ORG_CODE":"10181969","STD_REPORT_DATE":"2024-09-30 00:00:00","REPORT_DATE":"2024-09-30 00:00:00","DATE_TYPE_CODE":"004","REPORT_TYPE":"2024年三季报","PER_NETCASH_OPERATE":1.832538775182,"PER_OI":8.82913451108,"BPS":24.310596088972,"BASIC_EPS":1.46,"DILUTED_EPS":1.46,"OPERATE_INCOME":2074811249.42,"OPERATE_INCOME_YOY":4.6938281425,"GROSS_PROFIT":1461022667.36,"GROSS_PROFIT_YOY":2.896560369269,"HOLDER_PROFIT":340889084.77,"HOLDER_PROFIT_YOY":4.3102699033,"GROSS_PROFIT_RATIO":70.417136391005,"EPS_TTM":1.830699672477,"OPERATE_INCOME_QOQ":0.059303173331,"NET_PROFIT_RATIO":15.2294669112,"ROE_AVG":6.023231916195,"GROSS_PROFIT_QOQ":-0.824486793782,"ROA":4.750860896552,"HOLDER_PROFIT_QOQ":-3.577547727431,"ROE_YEARLY":8.03097588826,"ROIC_YEARLY":8.259776257012,"TOTAL_ASSETS":7245126695.06,"TOTAL_LIABILITIES":1212109544.85,"TAX_EBT":18.232498346686,"OCF_SALES":20.755587910485,"TOTAL_PARENT_EQUITY":5669077729.64,"DEBT_ASSET_RATIO":16.7299979126,"OPERATE_PROFIT":352356499.15,"PRETAX_PROFIT":386440439.43,"NETCASH_OPERATE":430639272.85,"NETCASH_INVEST":155103449.84,"NETCASH_FINANCE":-235040082.17,"END_CASH":917471614.93,"DIVI_RATIO":0.762333301951,"DIVIDEND_RATE":5.922543352601,"CURRENT_RATIO":4.298976641688,"COMMON_ACS":null,"CURRENTDEBT_DEBT":71.072427640738,"ISSUED_COMMON_SHARES":233193695,"HK_COMMON_SHARES":39141840,"PER_SHARES":100,"TOTAL_MARKET_CAP":6051376385.25,"HKSK_MARKET_CAP":1015730748,"PE_TTM":12.579282801878,"PB_TTM":0.962602908392,"REPORT_DATE_SQ":"2023-09-30 00:00:00","REPORT_TYPE_SQ":"2023年三季报","OPERATE_INCOME_SQ":1981789458.11,"DPS_HKD":1.5369,"OPERATE_INCOME_QOQ_SQ":2.029886828044,"NET_PROFIT_RATIO_SQ":16.49859624,"HOLDER_PROFIT_SQ":326802993.69,"HOLDER_PROFIT_QOQ_SQ":9.803285710654,"ROE_AVG_SQ":5.825585480775,"PE_TTM_SQ":16.093015308569,"PB_TTM_SQ":0.981908453936,"ROA_SQ":4.674682758292,"START_DATE":"2024-01-01 00:00:00","FISCAL_YEAR":"12-31","CURRENCY":"HKD","IS_CNY_CODE":0,"DPS_HKD_LY":1.5369,"ORG_TYPE":"一般企业","PREMIUM_INCOME":null,"PREMIUM_INCOME_YOY":null,"NET_INTEREST_INCOME":null,"NET_INTEREST_INCOME_YOY":null,"FEE_COMMISSION_INCOME":null,"FEE_COMMISSION_INCOME_YOY":null,"ACCOUNTS_RECE_TDAYS":6.154367431002,"INVENTORY_TDAYS":1.192463629455,"CURRENT_ASSETS_TDAYS":0.556726701728,"TOTAL_ASSETS_TDAYS":0.289159731801,"PREMIUM_EXPENSE":null,"LOAN_DEPOSIT":null,"LOAN_EQUITY":null,"LOAN_ASSETS":null,"DEPOSIT_EQUITY":null,"DEPOSIT_ASSETS":null,"EQUITY_MULTIPLIER":1.200912663543,"EQUITY_RATIO":0.21381071184},{"SECUCODE":"06826.HK","SECURITY_CODE":"06826","SECURITY_NAME_ABBR":"昊海生物科技","ORG_CODE":"10181969","STD_REPORT_DATE":"2024-06-30 00:00:00","REPORT_DATE":"2024-06-30 00:00:00","DATE_TYPE_CODE":"002","REPORT_TYPE":"2024年中报","PER_NETCASH_OPERATE":1.394938835911,"PER_OI":5.932789600165,"BPS":24.392460525144,"BASIC_EPS":1.01,"DILUTED_EPS":1.01,"OPERATE_INCOME":1397112000,"OPERATE_INCOME_YOY":7.0004219936,"GROSS_PROFIT":983295000,"GROSS_PROFIT_YOY":6.139682388905,"HOLDER_PROFIT":235283000,"HOLDER_PROFIT_YOY":14.6407776451,"GROSS_PROFIT_RATIO":70.380542146943,"EPS_TTM":1.89464180618,"OPERATE_INCOME_QOQ":2.122471933278,"NET_PROFIT_RATIO":15.5791375351,"ROE_AVG":4.150258978344,"GROSS_PROFIT_QOQ":2.509129436223,"ROA":3.279735360736,"HOLDER_PROFIT_QOQ":3.164051861712,"ROE_YEARLY":8.300517956687,"ROIC_YEARLY":11.468109358005,"TOTAL_ASSETS":7242185000,"TOTAL_LIABILITIES":1186368000,"TAX_EBT":17.080139585206,"OCF_SALES":23.512359782179,"TOTAL_PARENT_EQUITY":5688168000,"DEBT_ASSET_RATIO":16.3813545222,"OPERATE_PROFIT":269710000,"PRETAX_PROFIT":262492000,"NETCASH_OPERATE":328494000,"NETCASH_INVEST":158688000,"NETCASH_FINANCE":-133055000,"END_CASH":924211000,"DIVI_RATIO":0.736605368702,"DIVIDEND_RATE":5.734701492537,"CURRENT_RATIO":4.602505403095,"COMMON_ACS":null,"CURRENTDEBT_DEBT":68.135098047149,"ISSUED_COMMON_SHARES":233193695,"HK_COMMON_SHARES":39141840,"PER_SHARES":100,"TOTAL_MARKET_CAP":6249591026,"HKSK_MARKET_CAP":1049001312,"PE_TTM":12.991320966873,"PB_TTM":0.994133254139,"REPORT_DATE_SQ":"2023-06-30 00:00:00","REPORT_TYPE_SQ":"2023年中报","OPERATE_INCOME_SQ":1305707000,"DPS_HKD":1.5369,"OPERATE_INCOME_QOQ_SQ":9.451049579932,"NET_PROFIT_RATIO_SQ":15.9826821791,"HOLDER_PROFIT_SQ":205235000,"HOLDER_PROFIT_QOQ_SQ":56.78385743459,"ROE_AVG_SQ":3.657000491615,"PE_TTM_SQ":18.217654970093,"PB_TTM_SQ":1.111542435214,"ROA_SQ":2.901552016118,"START_DATE":"2024-01-01 00:00:00","FISCAL_YEAR":"12-31","CURRENCY":"HKD","IS_CNY_CODE":0,"DPS_HKD_LY":1.5369,"ORG_TYPE":"一般企业","PREMIUM_INCOME":null,"PREMIUM_INCOME_YOY":null,"NET_INTEREST_INCOME":null,"NET_INTEREST_INCOME_YOY":null,"FEE_COMMISSION_INCOME":null,"FEE_COMMISSION_INCOME_YOY":null,"ACCOUNTS_RECE_TDAYS":4.139497341929,"INVENTORY_TDAYS":0.803227919661,"CURRENT_ASSETS_TDAYS":0.374034351913,"TOTAL_ASSETS_TDAYS":0.194750901226,"PREMIUM_EXPENSE":null,"LOAN_DEPOSIT":null,"LOAN_EQUITY":null,"LOAN_ASSETS":null,"DEPOSIT_EQUITY":null,"DEPOSIT_ASSETS":null,"EQUITY_MULTIPLIER":1.195905523566,"EQUITY_RATIO":0.208567679436},{"SECUCODE":"06826.HK","SECURITY_CODE":"06826","SECURITY_NAME_ABBR":"昊海生物科技","ORG_CODE":"10181969","STD_REPORT_DATE":"2024-03-31 00:00:00","REPORT_DATE":"2024-03-31 00:00:00","DATE_TYPE_CODE":"003","REPORT_TYPE":"2024年一季报","PER_NETCASH_OPERATE":0.450305033153,"PER_OI":3.829091228666,"BPS":24.679352847512,"BASIC_EPS":0.58,"DILUTED_EPS":0.58,"OPERATE_INCOME":645995271.22,"OPERATE_INCOME_YOY":5.6837976443,"GROSS_PROFIT":447123009.66,"GROSS_PROFIT_YOY":2.315347830263,"HOLDER_PROFIT":97541532.98,"HOLDER_PROFIT_YOY":20.1582156036,"GROSS_PROFIT_RATIO":69.214594839925,"EPS_TTM":2.563523928673,"OPERATE_INCOME_QOQ":1.318541338034,"NET_PROFIT_RATIO":14.3172529646,"ROE_AVG":1.7104846937,"GROSS_PROFIT_QOQ":0.545893319104,"ROA":1.364365147102,"HOLDER_PROFIT_QOQ":3.932498439156,"ROE_YEARLY":6.8419387748,"ROIC_YEARLY":9.578611607568,"TOTAL_ASSETS":7192952822.94,"TOTAL_LIABILITIES":1070720682.01,"TAX_EBT":18.986741848044,"OCF_SALES":11.760101973584,"TOTAL_PARENT_EQUITY":5755069480.72,"DEBT_ASSET_RATIO":14.8856903189,"OPERATE_PROFIT":100400178.25,"PRETAX_PROFIT":114164988.83,"NETCASH_OPERATE":75969702.64,"NETCASH_INVEST":159290447.77,"NETCASH_FINANCE":42137675.19,"END_CASH":846192318.84,"DIVI_RATIO":0.544408152618,"DIVIDEND_RATE":5.734701492537,"CURRENT_RATIO":5.429866106374,"COMMON_ACS":null,"CURRENTDEBT_DEBT":64.420669662899,"ISSUED_COMMON_SHARES":233193695,"HK_COMMON_SHARES":39141840,"PER_SHARES":100,"TOTAL_MARKET_CAP":6249591026,"HKSK_MARKET_CAP":1049001312,"PE_TTM":12.991320966873,"PB_TTM":0.994133254139,"REPORT_DATE_SQ":"2023-03-31 00:00:00","REPORT_TYPE_SQ":"2023年一季报","OPERATE_INCOME_SQ":611252893.65,"DPS_HKD":1.5369,"OPERATE_INCOME_QOQ_SQ":6.543338704064,"NET_PROFIT_RATIO_SQ":13.8979601688,"HOLDER_PROFIT_SQ":81177581.15,"HOLDER_PROFIT_QOQ_SQ":11.213082202028,"ROE_AVG_SQ":1.472061607203,"PE_TTM_SQ":18.217654970093,"PB_TTM_SQ":1.111542435214,"ROA_SQ":1.170006277541,"START_DATE":"2024-01-01 00:00:00","FISCAL_YEAR":"12-31","CURRENCY":"HKD","IS_CNY_CODE":0,"DPS_HKD_LY":1.5369,"ORG_TYPE":"一般企业","PREMIUM_INCOME":null,"PREMIUM_INCOME_YOY":null,"NET_INTEREST_INCOME":null,"NET_INTEREST_INCOME_YOY":null,"FEE_COMMISSION_INCOME":null,"FEE_COMMISSION_INCOME_YOY":null,"ACCOUNTS_RECE_TDAYS":1.96764161494,"INVENTORY_TDAYS":0.375295709018,"CURRENT_ASSETS_TDAYS":0.172369334046,"TOTAL_ASSETS_TDAYS":0.090358784235,"PREMIUM_EXPENSE":null,"LOAN_DEPOSIT":null,"LOAN_EQUITY":null,"LOAN_ASSETS":null,"DEPOSIT_EQUITY":null,"DEPOSIT_ASSETS":null,"EQUITY_MULTIPLIER":1.174890572157,"EQUITY_RATIO":0.186048263292},{"SECUCODE":"06826.HK","SECURITY_CODE":"06826","SECURITY_NAME_ABBR":"昊海生物科技","ORG_CODE":"10181969","STD_REPORT_DATE":"2023-12-31 00:00:00","REPORT_DATE":"2023-12-31 00:00:00","DATE_TYPE_CODE":"001","REPORT_TYPE":"2023年年报","PER_NETCASH_OPERATE":3.699907541092,"PER_OI":15.365944328314,"BPS":24.229059880886,"BASIC_EPS":2.44,"DILUTED_EPS":2.44,"OPERATE_INCOME":2634910000,"OPERATE_INCOME_YOY":25.266825074,"GROSS_PROFIT":1853509000,"GROSS_PROFIT_YOY":28.100044024457,"HOLDER_PROFIT":416121000,"HOLDER_PROFIT_YOY":130.5762730648,"GROSS_PROFIT_RATIO":70.344300184826,"EPS_TTM":2.426683309807,"OPERATE_INCOME_QOQ":5.284013635037,"NET_PROFIT_RATIO":15.6464167657,"ROE_AVG":7.454244293586,"GROSS_PROFIT_QOQ":5.426217203041,"ROA":5.945479234879,"HOLDER_PROFIT_QOQ":20.43204380431,"ROE_YEARLY":7.454244293586,"ROIC_YEARLY":10.45375314385,"TOTAL_ASSETS":7105496951.15,"TOTAL_LIABILITIES":1088203977.97,"TAX_EBT":18.88619997639,"OCF_SALES":24.078621281182,"TOTAL_PARENT_EQUITY":5650064203.23,"DEBT_ASSET_RATIO":15.3149596714,"OPERATE_PROFIT":515099000,"PRETAX_PROFIT":508260000,"NETCASH_OPERATE":634450000,"NETCASH_INVEST":-376650000,"NETCASH_FINANCE":-257727000,"END_CASH":569318000,"DIVI_RATIO":0.57510731646,"DIVIDEND_RATE":5.734701492537,"CURRENT_RATIO":5.237989750695,"COMMON_ACS":null,"CURRENTDEBT_DEBT":65.792020997348,"ISSUED_COMMON_SHARES":233193695,"HK_COMMON_SHARES":39141840,"PER_SHARES":100,"TOTAL_MARKET_CAP":6249591026,"HKSK_MARKET_CAP":1049001312,"PE_TTM":12.991320966873,"PB_TTM":0.994133254139,"REPORT_DATE_SQ":"2022-12-31 00:00:00","REPORT_TYPE_SQ":"2022年年报","OPERATE_INCOME_SQ":2103438000,"DPS_HKD":1.5369,"OPERATE_INCOME_QOQ_SQ":2.214269426964,"NET_PROFIT_RATIO_SQ":9.0485671553,"HOLDER_PROFIT_SQ":180470000,"HOLDER_PROFIT_QOQ_SQ":-11.311942075597,"ROE_AVG_SQ":3.214621925228,"PE_TTM_SQ":18.217654970093,"PB_TTM_SQ":1.111542435214,"ROA_SQ":2.607428940265,"START_DATE":"2023-01-01 00:00:00","FISCAL_YEAR":"12-31","CURRENCY":"HKD","IS_CNY_CODE":0,"DPS_HKD_LY":0.441,"ORG_TYPE":"一般企业","PREMIUM_INCOME":null,"PREMIUM_INCOME_YOY":null,"NET_INTEREST_INCOME":null,"NET_INTEREST_INCOME_YOY":null,"FEE_COMMISSION_INCOME":null,"FEE_COMMISSION_INCOME_YOY":null,"ACCOUNTS_RECE_TDAYS":7.35868307654,"INVENTORY_TDAYS":1.545167008927,"CURRENT_ASSETS_TDAYS":0.723651723503,"TOTAL_ASSETS_TDAYS":0.376472292693,"PREMIUM_EXPENSE":null,"LOAN_DEPOSIT":null,"LOAN_EQUITY":null,"LOAN_ASSETS":null,"DEPOSIT_EQUITY":null,"DEPOSIT_ASSETS":null,"EQUITY_MULTIPLIER":1.180846104719,"EQUITY_RATIO":0.192600285382},{"SECUCODE":"06826.HK","SECURITY_CODE":"06826","SECURITY_NAME_ABBR":"昊海生物科技","ORG_CODE":"10181969","STD_REPORT_DATE":"2023-09-30 00:00:00","REPORT_DATE":"2023-09-30 00:00:00","DATE_TYPE_CODE":"004","REPORT_TYPE":"2023年三季报","PER_NETCASH_OPERATE":2.285424044416,"PER_OI":11.567011537061,"BPS":24.464499124301,"BASIC_EPS":1.37,"DILUTED_EPS":1.37,"OPERATE_INCOME":1981789458.11,"OPERATE_INCOME_YOY":25.226907508,"GROSS_PROFIT":1419894564.13,"GROSS_PROFIT_YOY":28.067560040618,"HOLDER_PROFIT":326802993.69,"HOLDER_PROFIT_YOY":102.0426553656,"GROSS_PROFIT_RATIO":71.647094413557,"EPS_TTM":2.016699690686,"OPERATE_INCOME_QOQ":2.029886828044,"NET_PROFIT_RATIO":16.49859624,"ROE_AVG":5.825585480775,"GROSS_PROFIT_QOQ":3.020945453885,"ROA":4.674682758292,"HOLDER_PROFIT_QOQ":9.803285710654,"ROE_YEARLY":7.767447307701,"ROIC_YEARLY":8.144664830139,"TOTAL_ASSETS":7089426530.74,"TOTAL_LIABILITIES":1011068562.86,"TAX_EBT":16.02209198168,"OCF_SALES":19.758120211893,"TOTAL_PARENT_EQUITY":5704966947.12,"DEBT_ASSET_RATIO":14.2616410294,"OPERATE_PROFIT":341398641.58,"PRETAX_PROFIT":389349352.39,"NETCASH_OPERATE":391564343.48,"NETCASH_INVEST":-397823064.54,"NETCASH_FINANCE":-157888741.98,"END_CASH":406363089.01,"DIVI_RATIO":0.692023374946,"DIVIDEND_RATE":5.734701492537,"CURRENT_RATIO":6.405927125251,"COMMON_ACS":null,"CURRENTDEBT_DEBT":57.370577795358,"ISSUED_COMMON_SHARES":233193695,"HK_COMMON_SHARES":39141840,"PER_SHARES":100,"TOTAL_MARKET_CAP":6249591026,"HKSK_MARKET_CAP":1049001312,"PE_TTM":12.991320966873,"PB_TTM":0.994133254139,"REPORT_DATE_SQ":"2022-09-30 00:00:00","REPORT_TYPE_SQ":"2022年三季报","OPERATE_INCOME_SQ":1582558810.68,"DPS_HKD":1.5369,"OPERATE_INCOME_QOQ_SQ":10.607967360007,"NET_PROFIT_RATIO_SQ":10.505734444,"HOLDER_PROFIT_SQ":161749504.38,"HOLDER_PROFIT_QOQ_SQ":5.850729766283,"ROE_AVG_SQ":2.87083289836,"PE_TTM_SQ":18.217654970093,"PB_TTM_SQ":1.111542435214,"ROA_SQ":2.3389056943,"START_DATE":"2023-01-01 00:00:00","FISCAL_YEAR":"12-31","CURRENCY":"HKD","IS_CNY_CODE":0,"DPS_HKD_LY":0.441,"ORG_TYPE":"一般企业","PREMIUM_INCOME":null,"PREMIUM_INCOME_YOY":null,"NET_INTEREST_INCOME":null,"NET_INTEREST_INCOME_YOY":null,"FEE_COMMISSION_INCOME":null,"FEE_COMMISSION_INCOME_YOY":null,"ACCOUNTS_RECE_TDAYS":5.183850107724,"INVENTORY_TDAYS":1.069889830099,"CURRENT_ASSETS_TDAYS":0.546858059961,"TOTAL_ASSETS_TDAYS":0.283480787792,"PREMIUM_EXPENSE":null,"LOAN_DEPOSIT":null,"LOAN_EQUITY":null,"LOAN_ASSETS":null,"DEPOSIT_EQUITY":null,"DEPOSIT_ASSETS":null,"EQUITY_MULTIPLIER":1.1663390949,"EQUITY_RATIO":0.177226015897},{"SECUCODE":"06826.HK","SECURITY_CODE":"06826","SECURITY_NAME_ABBR":"昊海生物科技","ORG_CODE":"10181969","STD_REPORT_DATE":"2023-06-30 00:00:00","REPORT_DATE":"2023-06-30 00:00:00","DATE_TYPE_CODE":"002","REPORT_TYPE":"2023年中报","PER_NETCASH_OPERATE":1.657857194341,"PER_OI":7.622876081189,"BPS":24.484439855889,"BASIC_EPS":0.86,"DILUTED_EPS":0.86,"OPERATE_INCOME":1305707000,"OPERATE_INCOME_YOY":36.5420954608,"GROSS_PROFIT":926416000,"GROSS_PROFIT_YOY":38.938155291902,"HOLDER_PROFIT":205235000,"HOLDER_PROFIT_YOY":188.9412924117,"GROSS_PROFIT_RATIO":70.951293054261,"EPS_TTM":1.837110876214,"OPERATE_INCOME_QOQ":9.451049579932,"NET_PROFIT_RATIO":15.9826821791,"ROE_AVG":3.657000491615,"GROSS_PROFIT_QOQ":8.93853188151,"ROA":2.901552016118,"HOLDER_PROFIT_QOQ":56.78385743459,"ROE_YEARLY":7.31400098323,"ROIC_YEARLY":10.253682914967,"TOTAL_ASSETS":7254168000,"TOTAL_LIABILITIES":1163597000,"TAX_EBT":16.457363379064,"OCF_SALES":21.748447392868,"TOTAL_PARENT_EQUITY":5709617000,"DEBT_ASSET_RATIO":16.0403922269,"OPERATE_PROFIT":253143000,"PRETAX_PROFIT":249797000,"NETCASH_OPERATE":283971000,"NETCASH_INVEST":-255641000,"NETCASH_FINANCE":47623000,"END_CASH":651665000,"DIVI_RATIO":0.759672888703,"DIVIDEND_RATE":5.734701492537,"CURRENT_RATIO":5.896372544995,"COMMON_ACS":null,"CURRENTDEBT_DEBT":56.530654513547,"ISSUED_COMMON_SHARES":233193695,"HK_COMMON_SHARES":39141840,"PER_SHARES":100,"TOTAL_MARKET_CAP":6249591026,"HKSK_MARKET_CAP":1049001312,"PE_TTM":12.991320966873,"PB_TTM":0.994133254139,"REPORT_DATE_SQ":"2022-06-30 00:00:00","REPORT_TYPE_SQ":"2022年中报","OPERATE_INCOME_SQ":956267000,"DPS_HKD":1.5369,"OPERATE_INCOME_QOQ_SQ":1.051538440558,"NET_PROFIT_RATIO_SQ":7.7478361169,"HOLDER_PROFIT_SQ":71030000,"HOLDER_PROFIT_QOQ_SQ":-39.199370684728,"ROE_AVG_SQ":1.262428221945,"PE_TTM_SQ":18.217654970093,"PB_TTM_SQ":1.111542435214,"ROA_SQ":1.017240966956,"START_DATE":"2023-01-01 00:00:00","FISCAL_YEAR":"12-31","CURRENCY":"HKD","IS_CNY_CODE":0,"DPS_HKD_LY":0.441,"ORG_TYPE":"一般企业","PREMIUM_INCOME":null,"PREMIUM_INCOME_YOY":null,"NET_INTEREST_INCOME":null,"NET_INTEREST_INCOME_YOY":null,"FEE_COMMISSION_INCOME":null,"FEE_COMMISSION_INCOME_YOY":null,"ACCOUNTS_RECE_TDAYS":3.319305738273,"INVENTORY_TDAYS":0.741439184613,"CURRENT_ASSETS_TDAYS":0.352384968461,"TOTAL_ASSETS_TDAYS":0.184597012123,"PREMIUM_EXPENSE":null,"LOAN_DEPOSIT":null,"LOAN_EQUITY":null,"LOAN_ASSETS":null,"DEPOSIT_EQUITY":null,"DEPOSIT_ASSETS":null,"EQUITY_MULTIPLIER":1.191048918073,"EQUITY_RATIO":0.203795981412},{"SECUCODE":"06826.HK","SECURITY_CODE":"06826","SECURITY_NAME_ABBR":"昊海生物科技","ORG_CODE":"10181969","STD_REPORT_DATE":"2023-03-31 00:00:00","REPORT_DATE":"2023-03-31 00:00:00","DATE_TYPE_CODE":"003","REPORT_TYPE":"2023年一季报","PER_NETCASH_OPERATE":0.466692916431,"PER_OI":3.568922314052,"BPS":23.64768935275,"BASIC_EPS":0.47,"DILUTED_EPS":0.47,"OPERATE_INCOME":611252893.65,"OPERATE_INCOME_YOY":29.0603661227,"GROSS_PROFIT":437004827.86,"GROSS_PROFIT_YOY":37.684107142404,"HOLDER_PROFIT":81177581.15,"HOLDER_PROFIT_YOY":33.2061162523,"GROSS_PROFIT_RATIO":71.493293921358,"EPS_TTM":1.171863593078,"OPERATE_INCOME_QOQ":6.543338704064,"NET_PROFIT_RATIO":13.8979601688,"ROE_AVG":1.472061607203,"GROSS_PROFIT_QOQ":8.266377457543,"ROA":1.170006277541,"HOLDER_PROFIT_QOQ":11.213082202028,"ROE_YEARLY":5.888246428811,"ROIC_YEARLY":8.156287793459,"TOTAL_ASSETS":6984036145.39,"TOTAL_LIABILITIES":1087042005.92,"TAX_EBT":24.215016727615,"OCF_SALES":13.076578175803,"TOTAL_PARENT_EQUITY":5514492058.38,"DEBT_ASSET_RATIO":15.5646675259,"OPERATE_PROFIT":96651457.98,"PRETAX_PROFIT":112095668.59,"NETCASH_OPERATE":79930962.49,"NETCASH_INVEST":156184009.96,"NETCASH_FINANCE":-20935703.98,"END_CASH":772221206.75,"DIVI_RATIO":1.190926430725,"DIVIDEND_RATE":5.734701492537,"CURRENT_RATIO":6.99315214309,"COMMON_ACS":null,"CURRENTDEBT_DEBT":48.15075879584,"ISSUED_COMMON_SHARES":233193695,"HK_COMMON_SHARES":39141840,"PER_SHARES":100,"TOTAL_MARKET_CAP":6249591026,"HKSK_MARKET_CAP":1049001312,"PE_TTM":12.991320966873,"PB_TTM":0.994133254139,"REPORT_DATE_SQ":"2022-03-31 00:00:00","REPORT_TYPE_SQ":"2022年一季报","OPERATE_INCOME_SQ":473617820.88,"DPS_HKD":1.5369,"OPERATE_INCOME_QOQ_SQ":5.201518903318,"NET_PROFIT_RATIO_SQ":13.40254944,"HOLDER_PROFIT_SQ":60941331.7,"HOLDER_PROFIT_QOQ_SQ":-10.235075946672,"ROE_AVG_SQ":1.075751492725,"PE_TTM_SQ":18.217654970093,"PB_TTM_SQ":1.111542435214,"ROA_SQ":0.882901072705,"START_DATE":"2023-01-01 00:00:00","FISCAL_YEAR":"12-31","CURRENCY":"HKD","IS_CNY_CODE":0,"DPS_HKD_LY":0.441,"ORG_TYPE":"一般企业","PREMIUM_INCOME":null,"PREMIUM_INCOME_YOY":null,"NET_INTEREST_INCOME":null,"NET_INTEREST_INCOME_YOY":null,"FEE_COMMISSION_INCOME":null,"FEE_COMMISSION_INCOME_YOY":null,"ACCOUNTS_RECE_TDAYS":1.520520074793,"INVENTORY_TDAYS":0.344369389214,"CURRENT_ASSETS_TDAYS":0.169970360453,"TOTAL_ASSETS_TDAYS":0.088099412745,"PREMIUM_EXPENSE":null,"LOAN_DEPOSIT":null,"LOAN_EQUITY":null,"LOAN_ASSETS":null,"DEPOSIT_EQUITY":null,"DEPOSIT_ASSETS":null,"EQUITY_MULTIPLIER":1.184338322238,"EQUITY_RATIO":0.1971245936},{"SECUCODE":"06826.HK","SECURITY_CODE":"06826","SECURITY_NAME_ABBR":"昊海生物科技","ORG_CODE":"10181969","STD_REPORT_DATE":"2022-12-31 00:00:00","REPORT_DATE":"2022-12-31 00:00:00","DATE_TYPE_CODE":"001","REPORT_TYPE":"2022年年报","PER_NETCASH_OPERATE":1.328294952047,"PER_OI":12.079699075403,"BPS":23.648190831232,"BASIC_EPS":1.04,"DILUTED_EPS":1.04,"OPERATE_INCOME":2103438000,"OPERATE_INCOME_YOY":20.1884903629,"GROSS_PROFIT":1446923000,"GROSS_PROFIT_YOY":14.858312707482,"HOLDER_PROFIT":180470000,"HOLDER_PROFIT_YOY":-48.7641738163,"GROSS_PROFIT_RATIO":68.788478671584,"EPS_TTM":1.03640957905,"OPERATE_INCOME_QOQ":2.214269426964,"NET_PROFIT_RATIO":9.0485671553,"ROE_AVG":3.214621925228,"GROSS_PROFIT_QOQ":1.751312097177,"ROA":2.607428940265,"HOLDER_PROFIT_QOQ":-11.311942075597,"ROE_YEARLY":3.214621925228,"ROIC_YEARLY":4.708535593771,"TOTAL_ASSETS":6892399000,"TOTAL_LIABILITIES":990016000,"TAX_EBT":19.257527807709,"OCF_SALES":10.996093062881,"TOTAL_PARENT_EQUITY":5514609000,"DEBT_ASSET_RATIO":14.3638811392,"OPERATE_PROFIT":239824000,"PRETAX_PROFIT":235726000,"NETCASH_OPERATE":231296000,"NETCASH_INVEST":-681815000,"NETCASH_FINANCE":-288350000,"END_CASH":559197000,"DIVI_RATIO":1.346575093873,"DIVIDEND_RATE":5.734701492537,"CURRENT_RATIO":6.908446530732,"COMMON_ACS":null,"CURRENTDEBT_DEBT":51.643104757903,"ISSUED_COMMON_SHARES":233193695,"HK_COMMON_SHARES":39141840,"PER_SHARES":100,"TOTAL_MARKET_CAP":6249591026,"HKSK_MARKET_CAP":1049001312,"PE_TTM":12.991320966873,"PB_TTM":0.994133254139,"REPORT_DATE_SQ":"2021-12-31 00:00:00","REPORT_TYPE_SQ":"2021年年报","OPERATE_INCOME_SQ":1750116000,"DPS_HKD":1.5369,"OPERATE_INCOME_QOQ_SQ":2.521328491816,"NET_PROFIT_RATIO_SQ":19.8434275214,"HOLDER_PROFIT_SQ":352234000,"HOLDER_PROFIT_QOQ_SQ":-17.686971525602,"ROE_AVG_SQ":6.287528297394,"PE_TTM_SQ":18.217654970093,"PB_TTM_SQ":1.111542435214,"ROA_SQ":5.317116435648,"START_DATE":"2022-01-01 00:00:00","FISCAL_YEAR":"12-31","CURRENCY":"HKD","IS_CNY_CODE":0,"DPS_HKD_LY":0.82,"ORG_TYPE":"一般企业","PREMIUM_INCOME":null,"PREMIUM_INCOME_YOY":null,"NET_INTEREST_INCOME":null,"NET_INTEREST_INCOME_YOY":null,"FEE_COMMISSION_INCOME":null,"FEE_COMMISSION_INCOME_YOY":null,"ACCOUNTS_RECE_TDAYS":5.510125333833,"INVENTORY_TDAYS":1.563123508936,"CURRENT_ASSETS_TDAYS":0.5806830978,"TOTAL_ASSETS_TDAYS":0.303904533455,"PREMIUM_EXPENSE":null,"LOAN_DEPOSIT":null,"LOAN_EQUITY":null,"LOAN_ASSETS":null,"DEPOSIT_EQUITY":null,"DEPOSIT_ASSETS":null,"EQUITY_MULTIPLIER":1.167731575535,"EQUITY_RATIO":0.179526055247},{"SECUCODE":"06826.HK","SECURITY_CODE":"06826","SECURITY_NAME_ABBR":"昊海生物科技","ORG_CODE":"10181969","STD_REPORT_DATE":"2022-09-30 00:00:00","REPORT_DATE":"2022-09-30 00:00:00","DATE_TYPE_CODE":"004","REPORT_TYPE":"2022年三季报","PER_NETCASH_OPERATE":1.039270271406,"PER_OI":9.088375413082,"BPS":23.821447055891,"BASIC_EPS":0.93,"DILUTED_EPS":0.93,"OPERATE_INCOME":1582558810.68,"OPERATE_INCOME_YOY":24.1413800402,"GROSS_PROFIT":1108707438.23,"GROSS_PROFIT_YOY":17.145721253402,"HOLDER_PROFIT":161749504.38,"HOLDER_PROFIT_YOY":-47.9059234987,"GROSS_PROFIT_RATIO":70.05789805395,"EPS_TTM":1.168601053294,"OPERATE_INCOME_QOQ":10.607967360007,"NET_PROFIT_RATIO":10.505734444,"ROE_AVG":2.87083289836,"GROSS_PROFIT_QOQ":9.601486696546,"ROA":2.3389056943,"HOLDER_PROFIT_QOQ":5.850729766283,"ROE_YEARLY":3.827777197814,"ROIC_YEARLY":4.228023690667,"TOTAL_ASSETS":6880856158.25,"TOTAL_LIABILITIES":979255912.03,"TAX_EBT":20.644235574481,"OCF_SALES":11.435160016723,"TOTAL_PARENT_EQUITY":5555011259.21,"DEBT_ASSET_RATIO":14.2315998113,"OPERATE_PROFIT":151341875.58,"PRETAX_PROFIT":209511466.84,"NETCASH_OPERATE":180968132.36,"NETCASH_INVEST":-488447035.03,"NETCASH_FINANCE":-299102728.02,"END_CASH":682889664.04,"DIVI_RATIO":1.194251299249,"DIVIDEND_RATE":5.734701492537,"CURRENT_RATIO":6.566900419646,"COMMON_ACS":null,"CURRENTDEBT_DEBT":55.312326630447,"ISSUED_COMMON_SHARES":233193695,"HK_COMMON_SHARES":39141840,"PER_SHARES":100,"TOTAL_MARKET_CAP":6249591026,"HKSK_MARKET_CAP":1049001312,"PE_TTM":12.991320966873,"PB_TTM":0.994133254139,"REPORT_DATE_SQ":"2021-09-30 00:00:00","REPORT_TYPE_SQ":"2021年三季报","OPERATE_INCOME_SQ":1274803623.23,"DPS_HKD":1.5369,"OPERATE_INCOME_QOQ_SQ":1.81208181765,"NET_PROFIT_RATIO_SQ":24.6492218326,"HOLDER_PROFIT_SQ":310495002.97,"HOLDER_PROFIT_QOQ_SQ":-1.302654351797,"ROE_AVG_SQ":5.54907331461,"PE_TTM_SQ":18.217654970093,"PB_TTM_SQ":1.111542435214,"ROA_SQ":4.736767841231,"START_DATE":"2022-01-01 00:00:00","FISCAL_YEAR":"12-31","CURRENCY":"HKD","IS_CNY_CODE":0,"DPS_HKD_LY":0.82,"ORG_TYPE":"一般企业","PREMIUM_INCOME":null,"PREMIUM_INCOME_YOY":null,"NET_INTEREST_INCOME":null,"NET_INTEREST_INCOME_YOY":null,"FEE_COMMISSION_INCOME":null,"FEE_COMMISSION_INCOME_YOY":null,"ACCOUNTS_RECE_TDAYS":4.064003786889,"INVENTORY_TDAYS":1.171655500654,"CURRENT_ASSETS_TDAYS":0.435394332043,"TOTAL_ASSETS_TDAYS":0.228838773142,"PREMIUM_EXPENSE":null,"LOAN_DEPOSIT":null,"LOAN_EQUITY":null,"LOAN_ASSETS":null,"DEPOSIT_EQUITY":null,"DEPOSIT_ASSETS":null,"EQUITY_MULTIPLIER":1.165930573265,"EQUITY_RATIO":0.176283335233}],"count":37},"success":true,"message":"ok","code":0}