{"version":"140177afdc0fd435d41a6df831f9685b","result":{"pages":3,"data":[{"SECUCODE":"06821.HK","SECURITY_CODE":"06821","SECURITY_NAME_ABBR":"凯莱英","ORG_CODE":"10298896","STD_REPORT_DATE":"2024-09-30 00:00:00","REPORT_DATE":"2024-09-30 00:00:00","DATE_TYPE_CODE":"004","REPORT_TYPE":"2024年三季报","PER_NETCASH_OPERATE":2.863225909767,"PER_OI":11.124747372038,"BPS":45.178311495858,"BASIC_EPS":2.01,"DILUTED_EPS":2.01,"OPERATE_INCOME":4090771000,"OPERATE_INCOME_YOY":-35.5234266701,"GROSS_PROFIT":1755839000,"GROSS_PROFIT_YOY":-48.607053187211,"HOLDER_PROFIT":710326000,"HOLDER_PROFIT_YOY":-67.8600935883,"GROSS_PROFIT_RATIO":42.921957743418,"EPS_TTM":2.091360185223,"OPERATE_INCOME_QOQ":-5.36148120095,"NET_PROFIT_RATIO":17.1160888742,"ROE_AVG":4.167039181523,"GROSS_PROFIT_QOQ":-12.508315408585,"ROA":3.693372591291,"HOLDER_PROFIT_QOQ":-28.897051889191,"ROE_YEARLY":5.556052242031,"ROIC_YEARLY":5.442655054153,"TOTAL_ASSETS":18697739000,"TOTAL_LIABILITIES":2064511000,"TAX_EBT":7.768505772866,"OCF_SALES":25.737446559585,"TOTAL_PARENT_EQUITY":16612883000,"DEBT_ASSET_RATIO":11.0415007932,"OPERATE_PROFIT":771829000,"PRETAX_PROFIT":759155000,"NETCASH_OPERATE":1052860000,"NETCASH_INVEST":-1091121000,"NETCASH_FINANCE":-1902985000,"END_CASH":2837526000,"DIVI_RATIO":0.856534597912,"DIVIDEND_RATE":3.552016172507,"CURRENT_RATIO":6.691497150078,"COMMON_ACS":null,"CURRENTDEBT_DEBT":76.813976772224,"ISSUED_COMMON_SHARES":367718103,"HK_COMMON_SHARES":27553260,"PER_SHARES":100,"TOTAL_MARKET_CAP":20463512431.95,"HKSK_MARKET_CAP":1533338919,"PE_TTM":23.180516047391,"PB_TTM":1.110812065311,"REPORT_DATE_SQ":"2023-09-30 00:00:00","REPORT_TYPE_SQ":"2023年三季报","OPERATE_INCOME_SQ":6344585000,"DPS_HKD":1.976697,"OPERATE_INCOME_QOQ_SQ":-10.372250168993,"NET_PROFIT_RATIO_SQ":34.687989837,"HOLDER_PROFIT_SQ":2210106000,"HOLDER_PROFIT_QOQ_SQ":-14.07379765683,"ROE_AVG_SQ":13.361787133724,"PE_TTM_SQ":7.76633600734,"PB_TTM_SQ":1.265685214128,"ROA_SQ":11.631065559751,"START_DATE":"2024-01-01 00:00:00","FISCAL_YEAR":"12-31","CURRENCY":"HKD","IS_CNY_CODE":0,"DPS_HKD_LY":1.976697,"ORG_TYPE":"一般企业","PREMIUM_INCOME":null,"PREMIUM_INCOME_YOY":null,"NET_INTEREST_INCOME":null,"NET_INTEREST_INCOME_YOY":null,"FEE_COMMISSION_INCOME":null,"FEE_COMMISSION_INCOME_YOY":null,"ACCOUNTS_RECE_TDAYS":2.222060412356,"INVENTORY_TDAYS":2.178856174508,"CURRENT_ASSETS_TDAYS":0.356282220753,"TOTAL_ASSETS_TDAYS":0.212701512948,"PREMIUM_EXPENSE":null,"LOAN_DEPOSIT":null,"LOAN_EQUITY":null,"LOAN_ASSETS":null,"DEPOSIT_EQUITY":null,"DEPOSIT_ASSETS":null,"EQUITY_MULTIPLIER":1.124119683804,"EQUITY_RATIO":0.12427168722},{"SECUCODE":"06821.HK","SECURITY_CODE":"06821","SECURITY_NAME_ABBR":"凯莱英","ORG_CODE":"10298896","STD_REPORT_DATE":"2024-06-30 00:00:00","REPORT_DATE":"2024-06-30 00:00:00","DATE_TYPE_CODE":"002","REPORT_TYPE":"2024年中报","PER_NETCASH_OPERATE":2.364347241875,"PER_OI":7.186063777206,"BPS":44.678352428028,"BASIC_EPS":1.4,"DILUTED_EPS":1.4,"OPERATE_INCOME":2655046000,"OPERATE_INCOME_YOY":-42.2277046322,"GROSS_PROFIT":1094701000,"GROSS_PROFIT_YOY":-54.889035865801,"HOLDER_PROFIT":499131000,"HOLDER_PROFIT_YOY":-70.4020118978,"GROSS_PROFIT_RATIO":41.23096172345,"EPS_TTM":2.92735408116,"OPERATE_INCOME_QOQ":-15.339801153168,"NET_PROFIT_RATIO":18.5463830005,"ROE_AVG":2.943965269619,"GROSS_PROFIT_QOQ":-23.77152332674,"ROA":2.584443223902,"HOLDER_PROFIT_QOQ":-43.680809982733,"ROE_YEARLY":5.887930539239,"ROIC_YEARLY":7.743678893258,"TOTAL_ASSETS":18858646000,"TOTAL_LIABILITIES":2405604000,"TAX_EBT":7.553914289094,"OCF_SALES":32.901840495419,"TOTAL_PARENT_EQUITY":16429039000,"DEBT_ASSET_RATIO":12.7559741033,"OPERATE_PROFIT":542636000,"PRETAX_PROFIT":532651000,"NETCASH_OPERATE":873559000,"NETCASH_INVEST":-700767000,"NETCASH_FINANCE":-1418494000,"END_CASH":3585150000,"DIVI_RATIO":0.611925413078,"DIVIDEND_RATE":3.600540983607,"CURRENT_RATIO":5.616727456304,"COMMON_ACS":null,"CURRENTDEBT_DEBT":78.719897372968,"ISSUED_COMMON_SHARES":367718103,"HK_COMMON_SHARES":27553260,"PER_SHARES":100,"TOTAL_MARKET_CAP":20187723854.7,"HKSK_MARKET_CAP":1512673974,"PE_TTM":22.868110170741,"PB_TTM":1.095841552302,"REPORT_DATE_SQ":"2023-06-30 00:00:00","REPORT_TYPE_SQ":"2023年中报","OPERATE_INCOME_SQ":4595708000,"DPS_HKD":1.976697,"OPERATE_INCOME_QOQ_SQ":-5.995944852295,"NET_PROFIT_RATIO_SQ":36.5991703563,"HOLDER_PROFIT_SQ":1686368000,"HOLDER_PROFIT_QOQ_SQ":-5.38008683837,"ROE_AVG_SQ":10.410899722471,"PE_TTM_SQ":10.786909427566,"PB_TTM_SQ":1.75795017827,"ROA_SQ":9.009297451922,"START_DATE":"2024-01-01 00:00:00","FISCAL_YEAR":"12-31","CURRENCY":"HKD","IS_CNY_CODE":0,"DPS_HKD_LY":1.976697,"ORG_TYPE":"一般企业","PREMIUM_INCOME":null,"PREMIUM_INCOME_YOY":null,"NET_INTEREST_INCOME":null,"NET_INTEREST_INCOME_YOY":null,"FEE_COMMISSION_INCOME":null,"FEE_COMMISSION_INCOME_YOY":null,"ACCOUNTS_RECE_TDAYS":1.519598764196,"INVENTORY_TDAYS":1.605866497608,"CURRENT_ASSETS_TDAYS":0.230990134891,"TOTAL_ASSETS_TDAYS":0.137475244853,"PREMIUM_EXPENSE":null,"LOAN_DEPOSIT":null,"LOAN_EQUITY":null,"LOAN_ASSETS":null,"DEPOSIT_EQUITY":null,"DEPOSIT_ASSETS":null,"EQUITY_MULTIPLIER":1.146210287435,"EQUITY_RATIO":0.146423902214},{"SECUCODE":"06821.HK","SECURITY_CODE":"06821","SECURITY_NAME_ABBR":"凯莱英","ORG_CODE":"10298896","STD_REPORT_DATE":"2024-03-31 00:00:00","REPORT_DATE":"2024-03-31 00:00:00","DATE_TYPE_CODE":"003","REPORT_TYPE":"2024年一季报","PER_NETCASH_OPERATE":1.328021122537,"PER_OI":3.690533310993,"BPS":47.805391838432,"BASIC_EPS":0.76,"DILUTED_EPS":0.76,"OPERATE_INCOME":1363547000,"OPERATE_INCOME_YOY":-39.2873871724,"GROSS_PROFIT":572948000,"GROSS_PROFIT_YOY":-47.218542436274,"HOLDER_PROFIT":281971000,"HOLDER_PROFIT_YOY":-55.2672659143,"GROSS_PROFIT_RATIO":42.018940307888,"EPS_TTM":5.197791516999,"OPERATE_INCOME_QOQ":-11.339256661624,"NET_PROFIT_RATIO":20.5002101138,"ROE_AVG":1.608568504897,"GROSS_PROFIT_QOQ":-12.944674712524,"ROA":1.423787400417,"HOLDER_PROFIT_QOQ":-15.354959051239,"ROE_YEARLY":6.434274019589,"ROIC_YEARLY":9.062070438892,"TOTAL_ASSETS":19841423000,"TOTAL_LIABILITIES":2234465000,"TAX_EBT":5.136019330492,"OCF_SALES":35.984531519632,"TOTAL_PARENT_EQUITY":17578908000,"DEBT_ASSET_RATIO":11.2616166693,"OPERATE_PROFIT":295552000,"PRETAX_PROFIT":294664000,"NETCASH_OPERATE":490666000,"NETCASH_INVEST":-284603000,"NETCASH_FINANCE":-218690000,"END_CASH":4774670000,"DIVI_RATIO":0.344631436155,"DIVIDEND_RATE":3.600540983607,"CURRENT_RATIO":6.848688132054,"COMMON_ACS":null,"CURRENTDEBT_DEBT":79.134915964224,"ISSUED_COMMON_SHARES":367718103,"HK_COMMON_SHARES":27553260,"PER_SHARES":100,"TOTAL_MARKET_CAP":20187723854.7,"HKSK_MARKET_CAP":1512673974,"PE_TTM":22.868110170741,"PB_TTM":1.095841552302,"REPORT_DATE_SQ":"2023-03-31 00:00:00","REPORT_TYPE_SQ":"2023年一季报","OPERATE_INCOME_SQ":2245904000,"DPS_HKD":1.976697,"OPERATE_INCOME_QOQ_SQ":1.820142859573,"NET_PROFIT_RATIO_SQ":27.9571165998,"HOLDER_PROFIT_SQ":630346000,"HOLDER_PROFIT_QOQ_SQ":3.966186450047,"ROE_AVG_SQ":3.943077821499,"PE_TTM_SQ":10.786909427566,"PB_TTM_SQ":1.75795017827,"ROA_SQ":3.427094190885,"START_DATE":"2024-01-01 00:00:00","FISCAL_YEAR":"12-31","CURRENCY":"HKD","IS_CNY_CODE":0,"DPS_HKD_LY":1.976697,"ORG_TYPE":"一般企业","PREMIUM_INCOME":null,"PREMIUM_INCOME_YOY":null,"NET_INTEREST_INCOME":null,"NET_INTEREST_INCOME_YOY":null,"FEE_COMMISSION_INCOME":null,"FEE_COMMISSION_INCOME_YOY":null,"ACCOUNTS_RECE_TDAYS":0.728998574398,"INVENTORY_TDAYS":0.816027224338,"CURRENT_ASSETS_TDAYS":0.111481978151,"TOTAL_ASSETS_TDAYS":0.068851088888,"PREMIUM_EXPENSE":null,"LOAN_DEPOSIT":null,"LOAN_EQUITY":null,"LOAN_ASSETS":null,"DEPOSIT_EQUITY":null,"DEPOSIT_ASSETS":null,"EQUITY_MULTIPLIER":1.126908066686,"EQUITY_RATIO":0.127110569098},{"SECUCODE":"06821.HK","SECURITY_CODE":"06821","SECURITY_NAME_ABBR":"凯莱英","ORG_CODE":"10298896","STD_REPORT_DATE":"2023-12-31 00:00:00","REPORT_DATE":"2023-12-31 00:00:00","DATE_TYPE_CODE":"001","REPORT_TYPE":"2023年年报","PER_NETCASH_OPERATE":9.602803536627,"PER_OI":21.050514614313,"BPS":47.535644444462,"BASIC_EPS":6.26,"DILUTED_EPS":6.26,"OPERATE_INCOME":7781436000,"OPERATE_INCOME_YOY":-23.9365149373,"GROSS_PROFIT":3959636000,"GROSS_PROFIT_YOY":-18.063861434081,"HOLDER_PROFIT":2268811000,"HOLDER_PROFIT_YOY":-31.2821980625,"GROSS_PROFIT_RATIO":50.885672001929,"EPS_TTM":6.137638234461,"OPERATE_INCOME_QOQ":-11.334751411659,"NET_PROFIT_RATIO":28.925509379,"ROE_AVG":13.697594525577,"GROSS_PROFIT_QOQ":-13.857417003455,"ROA":11.939089678295,"HOLDER_PROFIT_QOQ":-18.704036542874,"ROE_YEARLY":13.697594525577,"ROIC_YEARLY":17.774372327893,"TOTAL_ASSETS":19767159000,"TOTAL_LIABILITIES":2257180000,"TAX_EBT":11.978663579873,"OCF_SALES":45.617903944722,"TOTAL_PARENT_EQUITY":17479717000,"DEBT_ASSET_RATIO":11.418838691,"OPERATE_PROFIT":2565211000,"PRETAX_PROFIT":2557130000,"NETCASH_OPERATE":3549728000,"NETCASH_INVEST":-2691228000,"NETCASH_FINANCE":-542029000,"END_CASH":4771611000,"DIVI_RATIO":0.291858576037,"DIVIDEND_RATE":3.600540983607,"CURRENT_RATIO":6.859194481573,"COMMON_ACS":null,"CURRENTDEBT_DEBT":79.781098538885,"ISSUED_COMMON_SHARES":367718103,"HK_COMMON_SHARES":27553260,"PER_SHARES":100,"TOTAL_MARKET_CAP":20187723854.7,"HKSK_MARKET_CAP":1512673974,"PE_TTM":22.868110170741,"PB_TTM":1.095841552302,"REPORT_DATE_SQ":"2022-12-31 00:00:00","REPORT_TYPE_SQ":"2022年年报","OPERATE_INCOME_SQ":10230186000,"DPS_HKD":1.976697,"OPERATE_INCOME_QOQ_SQ":7.45192067538,"NET_PROFIT_RATIO_SQ":32.2049960773,"HOLDER_PROFIT_SQ":3301635000,"HOLDER_PROFIT_QOQ_SQ":6.664058318461,"ROE_AVG_SQ":23.368252750426,"PE_TTM_SQ":10.786909427566,"PB_TTM_SQ":1.75795017827,"ROA_SQ":19.772892033285,"START_DATE":"2023-01-01 00:00:00","FISCAL_YEAR":"12-31","CURRENCY":"HKD","IS_CNY_CODE":0,"DPS_HKD_LY":1.9831878,"ORG_TYPE":"一般企业","PREMIUM_INCOME":null,"PREMIUM_INCOME_YOY":null,"NET_INTEREST_INCOME":null,"NET_INTEREST_INCOME_YOY":null,"FEE_COMMISSION_INCOME":null,"FEE_COMMISSION_INCOME_YOY":null,"ACCOUNTS_RECE_TDAYS":3.487762029718,"INVENTORY_TDAYS":3.112519138678,"CURRENT_ASSETS_TDAYS":0.642761480994,"TOTAL_ASSETS_TDAYS":0.409479953288,"PREMIUM_EXPENSE":null,"LOAN_DEPOSIT":null,"LOAN_EQUITY":null,"LOAN_ASSETS":null,"DEPOSIT_EQUITY":null,"DEPOSIT_ASSETS":null,"EQUITY_MULTIPLIER":1.128908207143,"EQUITY_RATIO":0.129131381246},{"SECUCODE":"06821.HK","SECURITY_CODE":"06821","SECURITY_NAME_ABBR":"凯莱英","ORG_CODE":"10298896","STD_REPORT_DATE":"2023-09-30 00:00:00","REPORT_DATE":"2023-09-30 00:00:00","DATE_TYPE_CODE":"004","REPORT_TYPE":"2023年三季报","PER_NETCASH_OPERATE":7.748446653885,"PER_OI":17.163513169581,"BPS":47.410137977352,"BASIC_EPS":6.1,"DILUTED_EPS":6.1,"OPERATE_INCOME":6344585000,"OPERATE_INCOME_YOY":-18.6443036067,"GROSS_PROFIT":3416498000,"GROSS_PROFIT_YOY":-6.460844812523,"HOLDER_PROFIT":2210106000,"HOLDER_PROFIT_YOY":-18.7740840747,"GROSS_PROFIT_RATIO":53.849038195564,"EPS_TTM":7.549745366753,"OPERATE_INCOME_QOQ":-10.372250168993,"NET_PROFIT_RATIO":34.687989837,"ROE_AVG":13.361787133724,"GROSS_PROFIT_QOQ":-6.115973536207,"ROA":11.631065559751,"HOLDER_PROFIT_QOQ":-14.07379765683,"ROE_YEARLY":17.815716178299,"ROIC_YEARLY":17.314812177965,"TOTAL_ASSETS":19764227000,"TOTAL_LIABILITIES":2292382000,"TAX_EBT":11.547383930531,"OCF_SALES":45.144875511952,"TOTAL_PARENT_EQUITY":17433566000,"DEBT_ASSET_RATIO":11.598642335,"OPERATE_PROFIT":2465665000,"PRETAX_PROFIT":2488122000,"NETCASH_OPERATE":2864255000,"NETCASH_INVEST":-895049000,"NETCASH_FINANCE":-514932000,"END_CASH":5905706000,"DIVI_RATIO":0.237269241322,"DIVIDEND_RATE":3.600540983607,"CURRENT_RATIO":7.2755646998,"COMMON_ACS":null,"CURRENTDEBT_DEBT":78.300038998736,"ISSUED_COMMON_SHARES":367718103,"HK_COMMON_SHARES":27553260,"PER_SHARES":100,"TOTAL_MARKET_CAP":20187723854.7,"HKSK_MARKET_CAP":1512673974,"PE_TTM":22.868110170741,"PB_TTM":1.095841552302,"REPORT_DATE_SQ":"2022-09-30 00:00:00","REPORT_TYPE_SQ":"2022年三季报","OPERATE_INCOME_SQ":7798575000,"DPS_HKD":1.976697,"OPERATE_INCOME_QOQ_SQ":20.353573257434,"NET_PROFIT_RATIO_SQ":34.8321120158,"HOLDER_PROFIT_SQ":2720937000,"HOLDER_PROFIT_QOQ_SQ":30.054784920602,"ROE_AVG_SQ":19.665568593075,"PE_TTM_SQ":10.786909427566,"PB_TTM_SQ":1.75795017827,"ROA_SQ":16.380852142496,"START_DATE":"2023-01-01 00:00:00","FISCAL_YEAR":"12-31","CURRENCY":"HKD","IS_CNY_CODE":0,"DPS_HKD_LY":1.9831878,"ORG_TYPE":"一般企业","PREMIUM_INCOME":null,"PREMIUM_INCOME_YOY":null,"NET_INTEREST_INCOME":null,"NET_INTEREST_INCOME_YOY":null,"FEE_COMMISSION_INCOME":null,"FEE_COMMISSION_INCOME_YOY":null,"ACCOUNTS_RECE_TDAYS":2.575237783665,"INVENTORY_TDAYS":2.449490792096,"CURRENT_ASSETS_TDAYS":0.509203788339,"TOTAL_ASSETS_TDAYS":0.33389477285,"PREMIUM_EXPENSE":null,"LOAN_DEPOSIT":null,"LOAN_EQUITY":null,"LOAN_ASSETS":null,"DEPOSIT_EQUITY":null,"DEPOSIT_ASSETS":null,"EQUITY_MULTIPLIER":1.131204346193,"EQUITY_RATIO":0.131492432472},{"SECUCODE":"06821.HK","SECURITY_CODE":"06821","SECURITY_NAME_ABBR":"凯莱英","ORG_CODE":"10298896","STD_REPORT_DATE":"2023-06-30 00:00:00","REPORT_DATE":"2023-06-30 00:00:00","DATE_TYPE_CODE":"002","REPORT_TYPE":"2023年中报","PER_NETCASH_OPERATE":6.095358314289,"PER_OI":12.432412014584,"BPS":45.547860884075,"BASIC_EPS":4.65,"DILUTED_EPS":4.65,"OPERATE_INCOME":4595708000,"OPERATE_INCOME_YOY":-8.7078136655,"GROSS_PROFIT":2426685000,"GROSS_PROFIT_YOY":2.685313501677,"HOLDER_PROFIT":1686368000,"HOLDER_PROFIT_YOY":-3.0875900454,"GROSS_PROFIT_RATIO":52.803289504033,"EPS_TTM":8.786313325708,"OPERATE_INCOME_QOQ":-5.995944852295,"NET_PROFIT_RATIO":36.5991703563,"ROE_AVG":10.410899722471,"GROSS_PROFIT_QOQ":-1.829490565016,"ROA":9.009297451922,"HOLDER_PROFIT_QOQ":-5.38008683837,"ROE_YEARLY":20.821799444941,"ROIC_YEARLY":26.966440544199,"TOTAL_ASSETS":19196898000,"TOTAL_LIABILITIES":2404927000,"TAX_EBT":12.781471823131,"OCF_SALES":49.027962612072,"TOTAL_PARENT_EQUITY":16748773000,"DEBT_ASSET_RATIO":12.5276854625,"OPERATE_PROFIT":1934287000,"PRETAX_PROFIT":1928479000,"NETCASH_OPERATE":2253182000,"NETCASH_INVEST":-695889000,"NETCASH_FINANCE":-470292000,"END_CASH":5552129000,"DIVI_RATIO":0.203876448396,"DIVIDEND_RATE":3.600540983607,"CURRENT_RATIO":6.382396898991,"COMMON_ACS":null,"CURRENTDEBT_DEBT":82.213015197551,"ISSUED_COMMON_SHARES":367718103,"HK_COMMON_SHARES":27553260,"PER_SHARES":100,"TOTAL_MARKET_CAP":20187723854.7,"HKSK_MARKET_CAP":1512673974,"PE_TTM":22.868110170741,"PB_TTM":1.095841552302,"REPORT_DATE_SQ":"2022-06-30 00:00:00","REPORT_TYPE_SQ":"2022年中报","OPERATE_INCOME_SQ":5034065000,"DPS_HKD":1.976697,"OPERATE_INCOME_QOQ_SQ":33.701158511381,"NET_PROFIT_RATIO_SQ":34.5663991228,"HOLDER_PROFIT_SQ":1740095000,"HOLDER_PROFIT_QOQ_SQ":68.279147777914,"ROE_AVG_SQ":12.796611936315,"PE_TTM_SQ":10.786909427566,"PB_TTM_SQ":1.75795017827,"ROA_SQ":10.549122474597,"START_DATE":"2023-01-01 00:00:00","FISCAL_YEAR":"12-31","CURRENCY":"HKD","IS_CNY_CODE":0,"DPS_HKD_LY":1.9831878,"ORG_TYPE":"一般企业","PREMIUM_INCOME":null,"PREMIUM_INCOME_YOY":null,"NET_INTEREST_INCOME":null,"NET_INTEREST_INCOME_YOY":null,"FEE_COMMISSION_INCOME":null,"FEE_COMMISSION_INCOME_YOY":null,"ACCOUNTS_RECE_TDAYS":1.84703444922,"INVENTORY_TDAYS":1.887390381981,"CURRENT_ASSETS_TDAYS":0.375474070218,"TOTAL_ASSETS_TDAYS":0.245522331865,"PREMIUM_EXPENSE":null,"LOAN_DEPOSIT":null,"LOAN_EQUITY":null,"LOAN_ASSETS":null,"DEPOSIT_EQUITY":null,"DEPOSIT_ASSETS":null,"EQUITY_MULTIPLIER":1.143218863348,"EQUITY_RATIO":0.143588249718},{"SECUCODE":"06821.HK","SECURITY_CODE":"06821","SECURITY_NAME_ABBR":"凯莱英","ORG_CODE":"10298896","STD_REPORT_DATE":"2023-03-31 00:00:00","REPORT_DATE":"2023-03-31 00:00:00","DATE_TYPE_CODE":"003","REPORT_TYPE":"2023年一季报","PER_NETCASH_OPERATE":3.523832498085,"PER_OI":6.071375311389,"BPS":44.395026697938,"BASIC_EPS":1.72,"DILUTED_EPS":1.72,"OPERATE_INCOME":2245904000,"OPERATE_INCOME_YOY":9.0403456814,"GROSS_PROFIT":1085510000,"GROSS_PROFIT_YOY":16.62018375433,"HOLDER_PROFIT":630346000,"HOLDER_PROFIT_YOY":26.2214230362,"GROSS_PROFIT_RATIO":48.33287620486,"EPS_TTM":9.279339522914,"OPERATE_INCOME_QOQ":1.820142859573,"NET_PROFIT_RATIO":27.9571165998,"ROE_AVG":3.943077821499,"GROSS_PROFIT_QOQ":3.201224685407,"ROA":3.427094190885,"HOLDER_PROFIT_QOQ":3.966186450047,"ROE_YEARLY":15.772311285997,"ROIC_YEARLY":19.762715794056,"TOTAL_ASSETS":18546760000,"TOTAL_LIABILITIES":2176785000,"TAX_EBT":11.527405946174,"OCF_SALES":58.040103227921,"TOTAL_PARENT_EQUITY":16324855000,"DEBT_ASSET_RATIO":11.736740002,"OPERATE_PROFIT":709561000,"PRETAX_PROFIT":709700000,"NETCASH_OPERATE":1303525000,"NETCASH_INVEST":-327218000,"NETCASH_FINANCE":null,"END_CASH":5379198000,"DIVI_RATIO":0.193044165581,"DIVIDEND_RATE":3.600540983607,"CURRENT_RATIO":6.754164577869,"COMMON_ACS":null,"CURRENTDEBT_DEBT":81.466428701043,"ISSUED_COMMON_SHARES":367718103,"HK_COMMON_SHARES":27553260,"PER_SHARES":100,"TOTAL_MARKET_CAP":20187723854.7,"HKSK_MARKET_CAP":1512673974,"PE_TTM":22.868110170741,"PB_TTM":1.095841552302,"REPORT_DATE_SQ":"2022-03-31 00:00:00","REPORT_TYPE_SQ":"2022年一季报","OPERATE_INCOME_SQ":2059700000,"DPS_HKD":1.976697,"OPERATE_INCOME_QOQ_SQ":27.730700033311,"NET_PROFIT_RATIO_SQ":24.2225318731,"HOLDER_PROFIT_SQ":499397000,"HOLDER_PROFIT_QOQ_SQ":32.271205066241,"ROE_AVG_SQ":3.823261792727,"PE_TTM_SQ":10.786909427566,"PB_TTM_SQ":1.75795017827,"ROA_SQ":3.166161900035,"START_DATE":"2023-01-01 00:00:00","FISCAL_YEAR":"12-31","CURRENCY":"HKD","IS_CNY_CODE":0,"DPS_HKD_LY":1.9831878,"ORG_TYPE":"一般企业","PREMIUM_INCOME":null,"PREMIUM_INCOME_YOY":null,"NET_INTEREST_INCOME":null,"NET_INTEREST_INCOME_YOY":null,"FEE_COMMISSION_INCOME":null,"FEE_COMMISSION_INCOME_YOY":null,"ACCOUNTS_RECE_TDAYS":1.010865012921,"INVENTORY_TDAYS":0.886308772967,"CURRENT_ASSETS_TDAYS":0.188430984076,"TOTAL_ASSETS_TDAYS":0.122106344003,"PREMIUM_EXPENSE":null,"LOAN_DEPOSIT":null,"LOAN_EQUITY":null,"LOAN_ASSETS":null,"DEPOSIT_EQUITY":null,"DEPOSIT_ASSETS":null,"EQUITY_MULTIPLIER":1.13297424095,"EQUITY_RATIO":0.133341766282},{"SECUCODE":"06821.HK","SECURITY_CODE":"06821","SECURITY_NAME_ABBR":"凯莱英","ORG_CODE":"10298896","STD_REPORT_DATE":"2022-12-31 00:00:00","REPORT_DATE":"2022-12-31 00:00:00","DATE_TYPE_CODE":"001","REPORT_TYPE":"2022年年报","PER_NETCASH_OPERATE":8.883916247673,"PER_OI":27.650312290815,"BPS":42.552781253742,"BASIC_EPS":9.02,"DILUTED_EPS":9,"OPERATE_INCOME":10230186000,"OPERATE_INCOME_YOY":120.8531685593,"GROSS_PROFIT":4832588000,"GROSS_PROFIT_YOY":135.767627364646,"HOLDER_PROFIT":3301635000,"HOLDER_PROFIT_YOY":208.7735229698,"GROSS_PROFIT_RATIO":47.238515506952,"EPS_TTM":8.923712513173,"OPERATE_INCOME_QOQ":7.45192067538,"NET_PROFIT_RATIO":32.2049960773,"ROE_AVG":23.368252750426,"GROSS_PROFIT_QOQ":9.781459823701,"ROA":19.772892033285,"HOLDER_PROFIT_QOQ":6.664058318461,"ROE_YEARLY":23.368252750426,"ROIC_YEARLY":30.256996627191,"TOTAL_ASSETS":18239273000,"TOTAL_LIABILITIES":2544270000,"TAX_EBT":11.552224261029,"OCF_SALES":32.129533128723,"TOTAL_PARENT_EQUITY":15647428000,"DEBT_ASSET_RATIO":13.949404672,"OPERATE_PROFIT":3702422000,"PRETAX_PROFIT":3724945000,"NETCASH_OPERATE":3286911000,"NETCASH_INVEST":-4671415000,"NETCASH_FINANCE":-742528000,"END_CASH":4418177000,"DIVI_RATIO":0.200737344765,"DIVIDEND_RATE":3.600540983607,"CURRENT_RATIO":5.447836222122,"COMMON_ACS":null,"CURRENTDEBT_DEBT":85.568552079771,"ISSUED_COMMON_SHARES":367718103,"HK_COMMON_SHARES":27553260,"PER_SHARES":100,"TOTAL_MARKET_CAP":20187723854.7,"HKSK_MARKET_CAP":1512673974,"PE_TTM":22.868110170741,"PB_TTM":1.095841552302,"REPORT_DATE_SQ":"2021-12-31 00:00:00","REPORT_TYPE_SQ":"2021年年报","OPERATE_INCOME_SQ":4632121000,"DPS_HKD":1.976697,"OPERATE_INCOME_QOQ_SQ":16.348525059743,"NET_PROFIT_RATIO_SQ":23.0835075336,"HOLDER_PROFIT_SQ":1069274000,"HOLDER_PROFIT_QOQ_SQ":17.464429152715,"ROE_AVG_SQ":11.497692905424,"PE_TTM_SQ":10.786909427566,"PB_TTM_SQ":1.75795017827,"ROA_SQ":9.57318176188,"START_DATE":"2022-01-01 00:00:00","FISCAL_YEAR":"12-31","CURRENCY":"HKD","IS_CNY_CODE":0,"DPS_HKD_LY":0.9400396,"ORG_TYPE":"一般企业","PREMIUM_INCOME":null,"PREMIUM_INCOME_YOY":null,"NET_INTEREST_INCOME":null,"NET_INTEREST_INCOME_YOY":null,"FEE_COMMISSION_INCOME":null,"FEE_COMMISSION_INCOME_YOY":null,"ACCOUNTS_RECE_TDAYS":4.794632920813,"INVENTORY_TDAYS":3.714120765394,"CURRENT_ASSETS_TDAYS":0.922849930686,"TOTAL_ASSETS_TDAYS":0.612667248979,"PREMIUM_EXPENSE":null,"LOAN_DEPOSIT":null,"LOAN_EQUITY":null,"LOAN_ASSETS":null,"DEPOSIT_EQUITY":null,"DEPOSIT_ASSETS":null,"EQUITY_MULTIPLIER":1.162107009473,"EQUITY_RATIO":0.162599885425},{"SECUCODE":"06821.HK","SECURITY_CODE":"06821","SECURITY_NAME_ABBR":"凯莱英","ORG_CODE":"10298896","STD_REPORT_DATE":"2022-09-30 00:00:00","REPORT_DATE":"2022-09-30 00:00:00","DATE_TYPE_CODE":"004","REPORT_TYPE":"2022年三季报","PER_NETCASH_OPERATE":7.67247610353,"PER_OI":21.078114725709,"BPS":40.960929211364,"BASIC_EPS":7.46,"DILUTED_EPS":7.43,"OPERATE_INCOME":7798575000,"OPERATE_INCOME_YOY":167.2464109015,"GROSS_PROFIT":3652479000,"GROSS_PROFIT_YOY":178.136389382516,"HOLDER_PROFIT":2720937000,"HOLDER_PROFIT_YOY":291.5849847078,"GROSS_PROFIT_RATIO":46.923692001161,"EPS_TTM":8.366185061635,"OPERATE_INCOME_QOQ":20.353573257434,"NET_PROFIT_RATIO":34.8321120158,"ROE_AVG":19.665568593075,"GROSS_PROFIT_QOQ":21.348889417496,"ROA":16.380852142496,"HOLDER_PROFIT_QOQ":30.054784920602,"ROE_YEARLY":26.2207581241,"ROIC_YEARLY":26.264737872489,"TOTAL_ASSETS":18064644374.12,"TOTAL_LIABILITIES":3002569187.4,"TAX_EBT":12.837358625714,"OCF_SALES":36.339622589679,"TOTAL_PARENT_EQUITY":15062075186.72,"DEBT_ASSET_RATIO":16.6212471456,"OPERATE_PROFIT":3179485000,"PRETAX_PROFIT":3121678000,"NETCASH_OPERATE":2838697000,"NETCASH_INVEST":-2678284000,"NETCASH_FINANCE":-461687000,"END_CASH":6262650000,"DIVI_RATIO":0.214114598487,"DIVIDEND_RATE":3.600540983607,"CURRENT_RATIO":4.703464951777,"COMMON_ACS":null,"CURRENTDEBT_DEBT":86.235171773414,"ISSUED_COMMON_SHARES":367718103,"HK_COMMON_SHARES":27553260,"PER_SHARES":100,"TOTAL_MARKET_CAP":20187723854.7,"HKSK_MARKET_CAP":1512673974,"PE_TTM":22.868110170741,"PB_TTM":1.095841552302,"REPORT_DATE_SQ":"2021-09-30 00:00:00","REPORT_TYPE_SQ":"2021年三季报","OPERATE_INCOME_SQ":2922986029.93,"DPS_HKD":1.976697,"OPERATE_INCOME_QOQ_SQ":9.509701365885,"NET_PROFIT_RATIO_SQ":23.8258751351,"HOLDER_PROFIT_SQ":694852139.3,"HOLDER_PROFIT_QOQ_SQ":9.046477027425,"ROE_AVG_SQ":11.055568690707,"PE_TTM_SQ":10.786909427566,"PB_TTM_SQ":1.75795017827,"ROA_SQ":8.90028994867,"START_DATE":"2022-01-01 00:00:00","FISCAL_YEAR":"12-31","CURRENCY":"HKD","IS_CNY_CODE":0,"DPS_HKD_LY":0.9400396,"ORG_TYPE":"一般企业","PREMIUM_INCOME":null,"PREMIUM_INCOME_YOY":null,"NET_INTEREST_INCOME":null,"NET_INTEREST_INCOME_YOY":null,"FEE_COMMISSION_INCOME":null,"FEE_COMMISSION_INCOME_YOY":null,"ACCOUNTS_RECE_TDAYS":4.177283365086,"INVENTORY_TDAYS":2.706059819221,"CURRENT_ASSETS_TDAYS":0.694703669581,"TOTAL_ASSETS_TDAYS":0.470280186715,"PREMIUM_EXPENSE":null,"LOAN_DEPOSIT":null,"LOAN_EQUITY":null,"LOAN_ASSETS":null,"DEPOSIT_EQUITY":null,"DEPOSIT_ASSETS":null,"EQUITY_MULTIPLIER":1.199346315177,"EQUITY_RATIO":0.199346315178}],"count":21},"success":true,"message":"ok","code":0}