{"version":"c52941a3c69272bd72b1f15f8be74b9a","result":{"pages":6,"data":[{"SECUCODE":"06837.HK","SECURITY_CODE":"06837","SECURITY_NAME_ABBR":"海通证券","ORG_CODE":"10004281","STD_REPORT_DATE":"2024-09-30 00:00:00","REPORT_DATE":"2024-09-30 00:00:00","DATE_TYPE_CODE":"004","REPORT_TYPE":"2024年三季报","PER_NETCASH_OPERATE":3.573593113096,"PER_OI":0.987359868519,"BPS":12.341278656013,"BASIC_EPS":-0.05,"DILUTED_EPS":-0.05,"OPERATE_INCOME":12899066794.31,"OPERATE_INCOME_YOY":-42.8582251435,"GROSS_PROFIT":null,"GROSS_PROFIT_YOY":null,"HOLDER_PROFIT":-659452300.81,"HOLDER_PROFIT_YOY":-115.1190034379,"GROSS_PROFIT_RATIO":null,"EPS_TTM":-0.307159320904,"OPERATE_INCOME_QOQ":-3.720789058748,"NET_PROFIT_RATIO":-1.6409719408,"ROE_AVG":-0.40647601316,"GROSS_PROFIT_QOQ":null,"ROA":-0.09109563713,"HOLDER_PROFIT_QOQ":-114.802315904872,"ROE_YEARLY":-0.541968017546,"ROIC_YEARLY":-0.117338735893,"TOTAL_ASSETS":693237322492.14,"TOTAL_LIABILITIES":523745840931.66,"TAX_EBT":123.290912166599,"OCF_SALES":361.934207276949,"TOTAL_PARENT_EQUITY":161228932617.88,"DEBT_ASSET_RATIO":75.5507275703,"OPERATE_PROFIT":886461157.32,"PRETAX_PROFIT":908809690.26,"NETCASH_OPERATE":46686135148.11,"NETCASH_INVEST":19183680544.56,"NETCASH_FINANCE":-43901395392.15,"END_CASH":176695453647.64,"DIVI_RATIO":-0.421708502547,"DIVIDEND_RATE":2.212437209302,"CURRENT_RATIO":1.237252765335,"COMMON_ACS":null,"CURRENTDEBT_DEBT":89.678666494657,"ISSUED_COMMON_SHARES":13064200000,"HK_COMMON_SHARES":3409568820,"PER_SHARES":400,"TOTAL_MARKET_CAP":84264090000,"HKSK_MARKET_CAP":21991718889,"PE_TTM":-19.27454449182,"PB_TTM":0.471308173336,"REPORT_DATE_SQ":"2023-09-30 00:00:00","REPORT_TYPE_SQ":"2023年三季报","OPERATE_INCOME_SQ":22573794437.97,"DPS_HKD":0.1427022,"OPERATE_INCOME_QOQ_SQ":-5.249404211984,"NET_PROFIT_RATIO_SQ":19.9983315352,"HOLDER_PROFIT_SQ":4361744499.35,"HOLDER_PROFIT_QOQ_SQ":-13.986538621252,"ROE_AVG_SQ":2.630957825861,"PE_TTM_SQ":9.256299790748,"PB_TTM_SQ":0.272817651123,"ROA_SQ":0.585555292883,"START_DATE":"2024-01-01 00:00:00","FISCAL_YEAR":"12-31","CURRENCY":"HKD","IS_CNY_CODE":0,"DPS_HKD_LY":0.1427022,"ORG_TYPE":"证券","PREMIUM_INCOME":null,"PREMIUM_INCOME_YOY":null,"NET_INTEREST_INCOME":2711469418.45,"NET_INTEREST_INCOME_YOY":null,"FEE_COMMISSION_INCOME":5348555778.3,"FEE_COMMISSION_INCOME_YOY":-28.042845475288,"ACCOUNTS_RECE_TDAYS":0.149040253994,"INVENTORY_TDAYS":null,"CURRENT_ASSETS_TDAYS":0.022558862081,"TOTAL_ASSETS_TDAYS":0.017818554982,"PREMIUM_EXPENSE":null,"LOAN_DEPOSIT":null,"LOAN_EQUITY":null,"LOAN_ASSETS":null,"DEPOSIT_EQUITY":null,"DEPOSIT_ASSETS":null,"EQUITY_MULTIPLIER":4.090101261194,"EQUITY_RATIO":3.248460635617},{"SECUCODE":"06837.HK","SECURITY_CODE":"06837","SECURITY_NAME_ABBR":"海通证券","ORG_CODE":"10004281","STD_REPORT_DATE":"2024-06-30 00:00:00","REPORT_DATE":"2024-06-30 00:00:00","DATE_TYPE_CODE":"002","REPORT_TYPE":"2024年中报","PER_NETCASH_OPERATE":1.966580578987,"PER_OI":1.34664656083,"BPS":12.478967713293,"BASIC_EPS":0.07,"DILUTED_EPS":0.07,"OPERATE_INCOME":17592860000,"OPERATE_INCOME_YOY":-32.4064598315,"GROSS_PROFIT":null,"GROSS_PROFIT_YOY":null,"HOLDER_PROFIT":953097000,"HOLDER_PROFIT_YOY":-75.1125890587,"GROSS_PROFIT_RATIO":null,"EPS_TTM":-0.14299627991,"OPERATE_INCOME_QOQ":-12.303373580899,"NET_PROFIT_RATIO":6.9887670339,"ROE_AVG":0.58423512683,"GROSS_PROFIT_QOQ":null,"ROA":0.129145818851,"HOLDER_PROFIT_QOQ":-263.403229660438,"ROE_YEARLY":1.168470253661,"ROIC_YEARLY":0.325722926429,"TOTAL_ASSETS":721414535000,"TOTAL_LIABILITIES":550222980000,"TAX_EBT":35.487723230682,"OCF_SALES":146.035391630468,"TOTAL_PARENT_EQUITY":163027730000,"DEBT_ASSET_RATIO":76.2700158238,"OPERATE_PROFIT":1977111000,"PRETAX_PROFIT":1905876000,"NETCASH_OPERATE":25691802000,"NETCASH_INVEST":5782554000,"NETCASH_FINANCE":-19773432000,"END_CASH":69227272000,"DIVI_RATIO":-0.905839629839,"DIVIDEND_RATE":2.101652430044,"CURRENT_RATIO":1.3119050034,"COMMON_ACS":null,"CURRENTDEBT_DEBT":74.11302395985,"ISSUED_COMMON_SHARES":13064200000,"HK_COMMON_SHARES":3409568820,"PER_SHARES":400,"TOTAL_MARKET_CAP":88705918000,"HKSK_MARKET_CAP":23150972287.8,"PE_TTM":-20.290566992164,"PB_TTM":0.496152325109,"REPORT_DATE_SQ":"2023-06-30 00:00:00","REPORT_TYPE_SQ":"2023年中报","OPERATE_INCOME_SQ":26027428000,"DPS_HKD":0.1427022,"OPERATE_INCOME_QOQ_SQ":3.824608401202,"NET_PROFIT_RATIO_SQ":15.0792156643,"HOLDER_PROFIT_SQ":3829635000,"HOLDER_PROFIT_QOQ_SQ":-24.89331760562,"ROE_AVG_SQ":2.309711175597,"PE_TTM_SQ":8.647332699251,"PB_TTM_SQ":0.254869121444,"ROA_SQ":0.505229144435,"START_DATE":"2024-01-01 00:00:00","FISCAL_YEAR":"12-31","CURRENCY":"HKD","IS_CNY_CODE":0,"DPS_HKD_LY":0.1427022,"ORG_TYPE":"证券","PREMIUM_INCOME":null,"PREMIUM_INCOME_YOY":null,"NET_INTEREST_INCOME":null,"NET_INTEREST_INCOME_YOY":null,"FEE_COMMISSION_INCOME":4941756000,"FEE_COMMISSION_INCOME_YOY":-23.526650854379,"ACCOUNTS_RECE_TDAYS":0.351843541916,"INVENTORY_TDAYS":null,"CURRENT_ASSETS_TDAYS":0.032061444395,"TOTAL_ASSETS_TDAYS":0.023838542254,"PREMIUM_EXPENSE":null,"LOAN_DEPOSIT":null,"LOAN_EQUITY":null,"LOAN_ASSETS":null,"DEPOSIT_EQUITY":null,"DEPOSIT_ASSETS":null,"EQUITY_MULTIPLIER":4.214077820595,"EQUITY_RATIO":3.375026935602},{"SECUCODE":"06837.HK","SECURITY_CODE":"06837","SECURITY_NAME_ABBR":"海通证券","ORG_CODE":"10004281","STD_REPORT_DATE":"2024-03-31 00:00:00","REPORT_DATE":"2024-03-31 00:00:00","DATE_TYPE_CODE":"003","REPORT_TYPE":"2024年一季报","PER_NETCASH_OPERATE":-0.529995881377,"PER_OI":0.364484885105,"BPS":12.591389119415,"BASIC_EPS":0.07,"DILUTED_EPS":0.07,"OPERATE_INCOME":4761703435.99,"OPERATE_INCOME_YOY":-44.1125809511,"GROSS_PROFIT":null,"GROSS_PROFIT_YOY":null,"HOLDER_PROFIT":911298865.24,"HOLDER_PROFIT_YOY":-62.5560925118,"GROSS_PROFIT_RATIO":null,"EPS_TTM":-0.039349204476,"OPERATE_INCOME_QOQ":-8.999056807495,"NET_PROFIT_RATIO":21.9532366308,"ROE_AVG":0.556110153119,"GROSS_PROFIT_QOQ":null,"ROA":0.124110161028,"HOLDER_PROFIT_QOQ":-150.978066087469,"ROE_YEARLY":2.224440612477,"ROIC_YEARLY":0.634407015044,"TOTAL_ASSETS":713945450149.57,"TOTAL_LIABILITIES":541299914881.84,"TAX_EBT":26.302310386047,"OCF_SALES":-145.409563753112,"TOTAL_PARENT_EQUITY":164496425733.86,"DEBT_ASSET_RATIO":75.8181055385,"OPERATE_PROFIT":1401061888.96,"PRETAX_PROFIT":1418427129.04,"NETCASH_OPERATE":-6923972193.49,"NETCASH_INVEST":25025830085.28,"NETCASH_FINANCE":-1013978808.92,"END_CASH":171813482140.79,"DIVI_RATIO":-3.291850470379,"DIVIDEND_RATE":2.101652430044,"CURRENT_RATIO":1.252769647592,"COMMON_ACS":null,"CURRENTDEBT_DEBT":89.489759525398,"ISSUED_COMMON_SHARES":13064200000,"HK_COMMON_SHARES":3409568820,"PER_SHARES":400,"TOTAL_MARKET_CAP":88705918000,"HKSK_MARKET_CAP":23150972287.8,"PE_TTM":-20.290566992164,"PB_TTM":0.496152325109,"REPORT_DATE_SQ":"2023-03-31 00:00:00","REPORT_TYPE_SQ":"2023年一季报","OPERATE_INCOME_SQ":8520170580.48,"DPS_HKD":0.1427022,"OPERATE_INCOME_QOQ_SQ":10.455281157167,"NET_PROFIT_RATIO_SQ":30.7458907695,"HOLDER_PROFIT_SQ":2433770742.35,"HOLDER_PROFIT_QOQ_SQ":14.264951547718,"ROE_AVG_SQ":1.465898637566,"PE_TTM_SQ":8.647332699251,"PB_TTM_SQ":0.254869121444,"ROA_SQ":0.318354318362,"START_DATE":"2024-01-01 00:00:00","FISCAL_YEAR":"12-31","CURRENCY":"HKD","IS_CNY_CODE":0,"DPS_HKD_LY":0.1427022,"ORG_TYPE":"证券","PREMIUM_INCOME":null,"PREMIUM_INCOME_YOY":null,"NET_INTEREST_INCOME":871727978.87,"NET_INTEREST_INCOME_YOY":null,"FEE_COMMISSION_INCOME":1700481800.9,"FEE_COMMISSION_INCOME_YOY":-26.470018896962,"ACCOUNTS_RECE_TDAYS":0.05377672789,"INVENTORY_TDAYS":null,"CURRENT_ASSETS_TDAYS":0.008144394204,"TOTAL_ASSETS_TDAYS":0.006484983168,"PREMIUM_EXPENSE":null,"LOAN_DEPOSIT":null,"LOAN_EQUITY":null,"LOAN_ASSETS":null,"DEPOSIT_EQUITY":null,"DEPOSIT_ASSETS":null,"EQUITY_MULTIPLIER":4.1353253013,"EQUITY_RATIO":3.290648489576},{"SECUCODE":"06837.HK","SECURITY_CODE":"06837","SECURITY_NAME_ABBR":"海通证券","ORG_CODE":"10004281","STD_REPORT_DATE":"2023-12-31 00:00:00","REPORT_DATE":"2023-12-31 00:00:00","DATE_TYPE_CODE":"001","REPORT_TYPE":"2023年年报","PER_NETCASH_OPERATE":1.140677806525,"PER_OI":3.196913932732,"BPS":12.495521348418,"BASIC_EPS":0.08,"DILUTED_EPS":0.08,"OPERATE_INCOME":41765123000,"OPERATE_INCOME_YOY":-0.5123793893,"GROSS_PROFIT":null,"GROSS_PROFIT_YOY":null,"HOLDER_PROFIT":1008406000,"HOLDER_PROFIT_YOY":-84.5935440856,"GROSS_PROFIT_RATIO":null,"EPS_TTM":0.07718849987,"OPERATE_INCOME_QOQ":-8.441154567821,"NET_PROFIT_RATIO":-0.7447434071,"ROE_AVG":0.615189401423,"GROSS_PROFIT_QOQ":null,"ROA":0.133723612915,"HOLDER_PROFIT_QOQ":-79.128930612756,"ROE_YEARLY":0.615189401423,"ROIC_YEARLY":0.170004075994,"TOTAL_ASSETS":754586792234.64,"TOTAL_LIABILITIES":579787232518.31,"TAX_EBT":119.86384609244,"OCF_SALES":35.680591674542,"TOTAL_PARENT_EQUITY":163243990487.16,"DEBT_ASSET_RATIO":76.8350624669,"OPERATE_PROFIT":1022337000,"PRETAX_PROFIT":1565875000,"NETCASH_OPERATE":14902043000,"NETCASH_INVEST":-8803001000,"NETCASH_FINANCE":-16540290000,"END_CASH":57541626000,"DIVI_RATIO":1.67812170829,"DIVIDEND_RATE":2.101652430044,"CURRENT_RATIO":1.338713702382,"COMMON_ACS":null,"CURRENTDEBT_DEBT":89.580087599802,"ISSUED_COMMON_SHARES":13064200000,"HK_COMMON_SHARES":3409568820,"PER_SHARES":400,"TOTAL_MARKET_CAP":88705918000,"HKSK_MARKET_CAP":23150972287.8,"PE_TTM":-20.290566992164,"PB_TTM":0.496152325109,"REPORT_DATE_SQ":"2022-12-31 00:00:00","REPORT_TYPE_SQ":"2022年年报","OPERATE_INCOME_SQ":41980221000,"DPS_HKD":0.1427022,"OPERATE_INCOME_QOQ_SQ":0.170253809781,"NET_PROFIT_RATIO_SQ":12.3776146867,"HOLDER_PROFIT_SQ":6545347000,"HOLDER_PROFIT_QOQ_SQ":-7.495888998046,"ROE_AVG_SQ":3.994354241461,"PE_TTM_SQ":8.647332699251,"PB_TTM_SQ":0.254869121444,"ROA_SQ":0.873567441863,"START_DATE":"2023-01-01 00:00:00","FISCAL_YEAR":"12-31","CURRENCY":"HKD","IS_CNY_CODE":0,"DPS_HKD_LY":0.23048,"ORG_TYPE":"证券","PREMIUM_INCOME":null,"PREMIUM_INCOME_YOY":null,"NET_INTEREST_INCOME":18319806000,"NET_INTEREST_INCOME_YOY":null,"FEE_COMMISSION_INCOME":12497095000,"FEE_COMMISSION_INCOME_YOY":-14.80419429868,"ACCOUNTS_RECE_TDAYS":0.818295859194,"INVENTORY_TDAYS":null,"CURRENT_ASSETS_TDAYS":0.074014601469,"TOTAL_ASSETS_TDAYS":0.05538427123,"PREMIUM_EXPENSE":null,"LOAN_DEPOSIT":null,"LOAN_EQUITY":null,"LOAN_ASSETS":null,"DEPOSIT_EQUITY":null,"DEPOSIT_ASSETS":null,"EQUITY_MULTIPLIER":4.316868968764,"EQUITY_RATIO":3.551660497811},{"SECUCODE":"06837.HK","SECURITY_CODE":"06837","SECURITY_NAME_ABBR":"海通证券","ORG_CODE":"10004281","STD_REPORT_DATE":"2023-09-30 00:00:00","REPORT_DATE":"2023-09-30 00:00:00","DATE_TYPE_CODE":"004","REPORT_TYPE":"2023年三季报","PER_NETCASH_OPERATE":-1.650613545902,"PER_OI":1.727912496591,"BPS":12.781409068089,"BASIC_EPS":0.33,"DILUTED_EPS":0.33,"OPERATE_INCOME":22573794437.97,"OPERATE_INCOME_YOY":19.1958361961,"GROSS_PROFIT":null,"GROSS_PROFIT_YOY":null,"HOLDER_PROFIT":4361744499.35,"HOLDER_PROFIT_YOY":-28.2075783425,"GROSS_PROFIT_RATIO":null,"EPS_TTM":0.369834906098,"OPERATE_INCOME_QOQ":-5.249404211984,"NET_PROFIT_RATIO":19.9983315352,"ROE_AVG":2.630957825861,"GROSS_PROFIT_QOQ":null,"ROA":0.585555292883,"HOLDER_PROFIT_QOQ":-13.986538621252,"ROE_YEARLY":3.507943767814,"ROIC_YEARLY":0.745198611706,"TOTAL_ASSETS":736172996197.44,"TOTAL_LIABILITIES":555936549675.82,"TAX_EBT":27.718118806276,"OCF_SALES":-95.526454560509,"TOTAL_PARENT_EQUITY":166978884347.33,"DEBT_ASSET_RATIO":75.5171070587,"OPERATE_PROFIT":6154885801.26,"PRETAX_PROFIT":6245524019.61,"NETCASH_OPERATE":-21563945486.37,"NETCASH_INVEST":5963183793.2,"NETCASH_FINANCE":-11731752271.66,"END_CASH":149162354129.28,"DIVI_RATIO":0.35024194614,"DIVIDEND_RATE":2.101652430044,"CURRENT_RATIO":1.246969799764,"COMMON_ACS":null,"CURRENTDEBT_DEBT":89.068837341712,"ISSUED_COMMON_SHARES":13064200000,"HK_COMMON_SHARES":3409568820,"PER_SHARES":400,"TOTAL_MARKET_CAP":88705918000,"HKSK_MARKET_CAP":23150972287.8,"PE_TTM":-20.290566992164,"PB_TTM":0.496152325109,"REPORT_DATE_SQ":"2022-09-30 00:00:00","REPORT_TYPE_SQ":"2022年三季报","OPERATE_INCOME_SQ":18938408553.83,"DPS_HKD":0.1427022,"OPERATE_INCOME_QOQ_SQ":-10.643349517572,"NET_PROFIT_RATIO_SQ":30.0672919563,"HOLDER_PROFIT_SQ":6075494319.11,"HOLDER_PROFIT_QOQ_SQ":-24.838527553665,"ROE_AVG_SQ":3.711614030698,"PE_TTM_SQ":8.647332699251,"PB_TTM_SQ":0.254869121444,"ROA_SQ":0.817173826124,"START_DATE":"2023-01-01 00:00:00","FISCAL_YEAR":"12-31","CURRENCY":"HKD","IS_CNY_CODE":0,"DPS_HKD_LY":0.23048,"ORG_TYPE":"证券","PREMIUM_INCOME":null,"PREMIUM_INCOME_YOY":null,"NET_INTEREST_INCOME":3273339780.61,"NET_INTEREST_INCOME_YOY":null,"FEE_COMMISSION_INCOME":7432972876.19,"FEE_COMMISSION_INCOME_YOY":-20.228832178689,"ACCOUNTS_RECE_TDAYS":0.422030224185,"INVENTORY_TDAYS":null,"CURRENT_ASSETS_TDAYS":0.038145813929,"TOTAL_ASSETS_TDAYS":0.030304858103,"PREMIUM_EXPENSE":null,"LOAN_DEPOSIT":null,"LOAN_EQUITY":null,"LOAN_ASSETS":null,"DEPOSIT_EQUITY":null,"DEPOSIT_ASSETS":null,"EQUITY_MULTIPLIER":4.084484633403,"EQUITY_RATIO":3.329382345851},{"SECUCODE":"06837.HK","SECURITY_CODE":"06837","SECURITY_NAME_ABBR":"海通证券","ORG_CODE":"10004281","STD_REPORT_DATE":"2023-06-30 00:00:00","REPORT_DATE":"2023-06-30 00:00:00","DATE_TYPE_CODE":"002","REPORT_TYPE":"2023年中报","PER_NETCASH_OPERATE":-1.018540056031,"PER_OI":1.992271091992,"BPS":12.784528329328,"BASIC_EPS":0.29,"DILUTED_EPS":0.29,"OPERATE_INCOME":26027428000,"OPERATE_INCOME_YOY":31.0226500291,"GROSS_PROFIT":null,"GROSS_PROFIT_YOY":null,"HOLDER_PROFIT":3829635000,"HOLDER_PROFIT_YOY":-19.50701228,"GROSS_PROFIT_RATIO":null,"EPS_TTM":0.429973285773,"OPERATE_INCOME_QOQ":3.824608401202,"NET_PROFIT_RATIO":15.0792156643,"ROE_AVG":2.309711175597,"GROSS_PROFIT_QOQ":null,"ROA":0.505229144435,"HOLDER_PROFIT_QOQ":-24.89331760562,"ROE_YEARLY":4.619422351195,"ROIC_YEARLY":1.311729955633,"TOTAL_ASSETS":762391665000,"TOTAL_LIABILITIES":582523133000,"TAX_EBT":25.267740650499,"OCF_SALES":-51.124571356033,"TOTAL_PARENT_EQUITY":167019635000,"DEBT_ASSET_RATIO":76.4073323126,"OPERATE_PROFIT":4771953000,"PRETAX_PROFIT":5251724000,"NETCASH_OPERATE":-13306411000,"NETCASH_INVEST":5398924000,"NETCASH_FINANCE":10924438000,"END_CASH":71319813000,"DIVI_RATIO":0.301255221075,"DIVIDEND_RATE":2.101652430044,"CURRENT_RATIO":1.480258249339,"COMMON_ACS":null,"CURRENTDEBT_DEBT":66.902693974215,"ISSUED_COMMON_SHARES":13064200000,"HK_COMMON_SHARES":3409568820,"PER_SHARES":400,"TOTAL_MARKET_CAP":88705918000,"HKSK_MARKET_CAP":23150972287.8,"PE_TTM":-20.290566992164,"PB_TTM":0.496152325109,"REPORT_DATE_SQ":"2022-06-30 00:00:00","REPORT_TYPE_SQ":"2022年中报","OPERATE_INCOME_SQ":19864831000,"DPS_HKD":0.1427022,"OPERATE_INCOME_QOQ_SQ":-7.582307617035,"NET_PROFIT_RATIO_SQ":22.4787263481,"HOLDER_PROFIT_SQ":4757725000,"HOLDER_PROFIT_QOQ_SQ":-12.091924458616,"ROE_AVG_SQ":2.916892825014,"PE_TTM_SQ":8.647332699251,"PB_TTM_SQ":0.254869121444,"ROA_SQ":0.636701722281,"START_DATE":"2023-01-01 00:00:00","FISCAL_YEAR":"12-31","CURRENCY":"HKD","IS_CNY_CODE":0,"DPS_HKD_LY":0.23048,"ORG_TYPE":"证券","PREMIUM_INCOME":null,"PREMIUM_INCOME_YOY":null,"NET_INTEREST_INCOME":null,"NET_INTEREST_INCOME_YOY":null,"FEE_COMMISSION_INCOME":6462063000,"FEE_COMMISSION_INCOME_YOY":-16.069593759753,"ACCOUNTS_RECE_TDAYS":2.553817655198,"INVENTORY_TDAYS":null,"CURRENT_ASSETS_TDAYS":0.045542813956,"TOTAL_ASSETS_TDAYS":0.034336993422,"PREMIUM_EXPENSE":null,"LOAN_DEPOSIT":null,"LOAN_EQUITY":null,"LOAN_ASSETS":null,"DEPOSIT_EQUITY":null,"DEPOSIT_ASSETS":null,"EQUITY_MULTIPLIER":4.238605032928,"EQUITY_RATIO":3.487752401087},{"SECUCODE":"06837.HK","SECURITY_CODE":"06837","SECURITY_NAME_ABBR":"海通证券","ORG_CODE":"10004281","STD_REPORT_DATE":"2023-03-31 00:00:00","REPORT_DATE":"2023-03-31 00:00:00","DATE_TYPE_CODE":"003","REPORT_TYPE":"2023年一季报","PER_NETCASH_OPERATE":-0.028866090909,"PER_OI":0.652176985998,"BPS":12.818217146116,"BASIC_EPS":0.19,"DILUTED_EPS":0.19,"OPERATE_INCOME":8520170580.48,"OPERATE_INCOME_YOY":106.2485696909,"GROSS_PROFIT":null,"GROSS_PROFIT_YOY":null,"HOLDER_PROFIT":2433770742.35,"HOLDER_PROFIT_YOY":62.2427121218,"GROSS_PROFIT_RATIO":null,"EPS_TTM":0.572483395706,"OPERATE_INCOME_QOQ":10.455281157167,"NET_PROFIT_RATIO":30.7458907695,"ROE_AVG":1.465898637566,"GROSS_PROFIT_QOQ":null,"ROA":0.318354318362,"HOLDER_PROFIT_QOQ":14.264951547718,"ROE_YEARLY":5.863594550264,"ROIC_YEARLY":1.649117549344,"TOTAL_ASSETS":775362254395.86,"TOTAL_LIABILITIES":593975447570.07,"TAX_EBT":21.709816369429,"OCF_SALES":-4.426113084097,"TOTAL_PARENT_EQUITY":167459752440.29,"DEBT_ASSET_RATIO":76.6061855865,"OPERATE_PROFIT":3272428100.37,"PRETAX_PROFIT":3346016344.03,"NETCASH_OPERATE":-377112384.85,"NETCASH_INVEST":-2497514575.56,"NETCASH_FINANCE":7748270275.15,"END_CASH":181336450890.23,"DIVI_RATIO":0.226262802089,"DIVIDEND_RATE":2.101652430044,"CURRENT_RATIO":1.252315135177,"COMMON_ACS":null,"CURRENTDEBT_DEBT":87.323324819444,"ISSUED_COMMON_SHARES":13064200000,"HK_COMMON_SHARES":3409568820,"PER_SHARES":400,"TOTAL_MARKET_CAP":88705918000,"HKSK_MARKET_CAP":23150972287.8,"PE_TTM":-20.290566992164,"PB_TTM":0.496152325109,"REPORT_DATE_SQ":"2022-03-31 00:00:00","REPORT_TYPE_SQ":"2022年一季报","OPERATE_INCOME_SQ":4131020444.53,"DPS_HKD":0.1427022,"OPERATE_INCOME_QOQ_SQ":-12.214199492433,"NET_PROFIT_RATIO_SQ":36.4026567373,"HOLDER_PROFIT_SQ":1500080164.17,"HOLDER_PROFIT_QOQ_SQ":-16.509156558713,"ROE_AVG_SQ":0.916773996206,"PE_TTM_SQ":8.647332699251,"PB_TTM_SQ":0.254869121444,"ROA_SQ":0.20148350129,"START_DATE":"2023-01-01 00:00:00","FISCAL_YEAR":"12-31","CURRENCY":"HKD","IS_CNY_CODE":0,"DPS_HKD_LY":0.23048,"ORG_TYPE":"证券","PREMIUM_INCOME":null,"PREMIUM_INCOME_YOY":null,"NET_INTEREST_INCOME":1075632569,"NET_INTEREST_INCOME_YOY":null,"FEE_COMMISSION_INCOME":2312637342.47,"FEE_COMMISSION_INCOME_YOY":-38.389470699292,"ACCOUNTS_RECE_TDAYS":0.16170543101,"INVENTORY_TDAYS":null,"CURRENT_ASSETS_TDAYS":0.014017527515,"TOTAL_ASSETS_TDAYS":0.011144981942,"PREMIUM_EXPENSE":null,"LOAN_DEPOSIT":null,"LOAN_EQUITY":null,"LOAN_ASSETS":null,"DEPOSIT_EQUITY":null,"DEPOSIT_ASSETS":null,"EQUITY_MULTIPLIER":4.27463423589,"EQUITY_RATIO":3.546974356013},{"SECUCODE":"06837.HK","SECURITY_CODE":"06837","SECURITY_NAME_ABBR":"海通证券","ORG_CODE":"10004281","STD_REPORT_DATE":"2022-12-31 00:00:00","REPORT_DATE":"2022-12-31 00:00:00","DATE_TYPE_CODE":"001","REPORT_TYPE":"2022年年报","PER_NETCASH_OPERATE":1.361968050091,"PER_OI":3.213378622495,"BPS":12.598701566112,"BASIC_EPS":0.5,"DILUTED_EPS":0.5,"OPERATE_INCOME":41980221000,"OPERATE_INCOME_YOY":-27.3818720056,"GROSS_PROFIT":null,"GROSS_PROFIT_YOY":null,"HOLDER_PROFIT":6545347000,"HOLDER_PROFIT_YOY":-48.9701919859,"GROSS_PROFIT_RATIO":null,"EPS_TTM":0.501013992437,"OPERATE_INCOME_QOQ":0.170253809781,"NET_PROFIT_RATIO":12.3776146867,"ROE_AVG":3.994354241461,"GROSS_PROFIT_QOQ":null,"ROA":0.873567441863,"HOLDER_PROFIT_QOQ":-7.495888998046,"ROE_YEARLY":3.994354241461,"ROIC_YEARLY":1.133888584641,"TOTAL_ASSETS":753609305000,"TOTAL_LIABILITIES":575987247000,"TAX_EBT":35.040297355831,"OCF_SALES":42.384300454254,"TOTAL_PARENT_EQUITY":164591957000,"DEBT_ASSET_RATIO":76.4304309801,"OPERATE_PROFIT":7212455000,"PRETAX_PROFIT":7999036000,"NETCASH_OPERATE":17793023000,"NETCASH_INVEST":-15283508000,"NETCASH_FINANCE":6133286000,"END_CASH":67530100000,"DIVI_RATIO":0.258539081178,"DIVIDEND_RATE":2.101652430044,"CURRENT_RATIO":1.453778280343,"COMMON_ACS":null,"CURRENTDEBT_DEBT":67.605285017708,"ISSUED_COMMON_SHARES":13064200000,"HK_COMMON_SHARES":3409568820,"PER_SHARES":400,"TOTAL_MARKET_CAP":88705918000,"HKSK_MARKET_CAP":23150972287.8,"PE_TTM":-20.290566992164,"PB_TTM":0.496152325109,"REPORT_DATE_SQ":"2021-12-31 00:00:00","REPORT_TYPE_SQ":"2021年年报","OPERATE_INCOME_SQ":57809561000,"DPS_HKD":0.1427022,"OPERATE_INCOME_QOQ_SQ":-5.016395016199,"NET_PROFIT_RATIO_SQ":23.7812945855,"HOLDER_PROFIT_SQ":12826517000,"HOLDER_PROFIT_QOQ_SQ":-9.669362574283,"ROE_AVG_SQ":8.103011186531,"PE_TTM_SQ":8.647332699251,"PB_TTM_SQ":0.254869121444,"ROA_SQ":1.782700537909,"START_DATE":"2022-01-01 00:00:00","FISCAL_YEAR":"12-31","CURRENCY":"HKD","IS_CNY_CODE":0,"DPS_HKD_LY":0.3502856,"ORG_TYPE":"证券","PREMIUM_INCOME":null,"PREMIUM_INCOME_YOY":null,"NET_INTEREST_INCOME":17514777000,"NET_INTEREST_INCOME_YOY":null,"FEE_COMMISSION_INCOME":14668674000,"FEE_COMMISSION_INCOME_YOY":-21.820167572594,"ACCOUNTS_RECE_TDAYS":3.857318467513,"INVENTORY_TDAYS":null,"CURRENT_ASSETS_TDAYS":0.072814220851,"TOTAL_ASSETS_TDAYS":0.056028434043,"PREMIUM_EXPENSE":null,"LOAN_DEPOSIT":null,"LOAN_EQUITY":null,"LOAN_ASSETS":null,"DEPOSIT_EQUITY":null,"DEPOSIT_ASSETS":null,"EQUITY_MULTIPLIER":4.242758953953,"EQUITY_RATIO":3.499485986426},{"SECUCODE":"06837.HK","SECURITY_CODE":"06837","SECURITY_NAME_ABBR":"海通证券","ORG_CODE":"10004281","STD_REPORT_DATE":"2022-09-30 00:00:00","REPORT_DATE":"2022-09-30 00:00:00","DATE_TYPE_CODE":"004","REPORT_TYPE":"2022年三季报","PER_NETCASH_OPERATE":0.297283317475,"PER_OI":1.449641658412,"BPS":12.571724272071,"BASIC_EPS":0.47,"DILUTED_EPS":0.47,"OPERATE_INCOME":18938408553.83,"OPERATE_INCOME_YOY":-45.6403622558,"GROSS_PROFIT":null,"GROSS_PROFIT_YOY":null,"HOLDER_PROFIT":6075494319.11,"HOLDER_PROFIT_YOY":-48.6271515683,"GROSS_PROFIT_RATIO":null,"EPS_TTM":0.541612677546,"OPERATE_INCOME_QOQ":-10.643349517572,"NET_PROFIT_RATIO":30.0672919563,"ROE_AVG":3.711614030698,"GROSS_PROFIT_QOQ":null,"ROA":0.817173826124,"HOLDER_PROFIT_QOQ":-24.838527553665,"ROE_YEARLY":4.948818707598,"ROIC_YEARLY":1.071709047944,"TOTAL_ASSETS":742027595908.23,"TOTAL_LIABILITIES":563617722637.92,"TAX_EBT":24.845820769833,"OCF_SALES":20.507365785889,"TOTAL_PARENT_EQUITY":164239520235.19,"DEBT_ASSET_RATIO":75.9564368961,"OPERATE_PROFIT":7507609057.19,"PRETAX_PROFIT":7576779694.86,"NETCASH_OPERATE":3883768716.16,"NETCASH_INVEST":-5626071347.47,"NETCASH_FINANCE":3601797513.57,"END_CASH":178916208320.37,"DIVI_RATIO":0.239159278636,"DIVIDEND_RATE":2.101652430044,"CURRENT_RATIO":1.279399141167,"COMMON_ACS":null,"CURRENTDEBT_DEBT":86.250044495823,"ISSUED_COMMON_SHARES":13064200000,"HK_COMMON_SHARES":3409568820,"PER_SHARES":400,"TOTAL_MARKET_CAP":88705918000,"HKSK_MARKET_CAP":23150972287.8,"PE_TTM":-20.290566992164,"PB_TTM":0.496152325109,"REPORT_DATE_SQ":"2021-09-30 00:00:00","REPORT_TYPE_SQ":"2021年三季报","OPERATE_INCOME_SQ":34839100000.88,"DPS_HKD":0.1427022,"OPERATE_INCOME_QOQ_SQ":3.029975971201,"NET_PROFIT_RATIO_SQ":36.6380092734,"HOLDER_PROFIT_SQ":11826274977.12,"HOLDER_PROFIT_QOQ_SQ":4.697701935919,"ROE_AVG_SQ":7.496210570072,"PE_TTM_SQ":8.647332699251,"PB_TTM_SQ":0.254869121444,"ROA_SQ":1.633955444362,"START_DATE":"2022-01-01 00:00:00","FISCAL_YEAR":"12-31","CURRENCY":"HKD","IS_CNY_CODE":0,"DPS_HKD_LY":0.3502856,"ORG_TYPE":"证券","PREMIUM_INCOME":null,"PREMIUM_INCOME_YOY":null,"NET_INTEREST_INCOME":4736588847.24,"NET_INTEREST_INCOME_YOY":null,"FEE_COMMISSION_INCOME":9317868948.39,"FEE_COMMISSION_INCOME_YOY":-11.925070138203,"ACCOUNTS_RECE_TDAYS":0.392208429379,"INVENTORY_TDAYS":null,"CURRENT_ASSETS_TDAYS":0.031331012125,"TOTAL_ASSETS_TDAYS":0.02547277796,"PREMIUM_EXPENSE":null,"LOAN_DEPOSIT":null,"LOAN_EQUITY":null,"LOAN_ASSETS":null,"DEPOSIT_EQUITY":null,"DEPOSIT_ASSETS":null,"EQUITY_MULTIPLIER":4.159117330816,"EQUITY_RATIO":3.431681496821}],"count":52},"success":true,"message":"ok","code":0}