{"version":"f8257265f31473d27ad419ee52b39a00","result":{"pages":4,"data":[{"SECUCODE":"06830.HK","SECURITY_CODE":"06830","SECURITY_NAME_ABBR":"华众车载","ORG_CODE":"10194883","STD_REPORT_DATE":"2024-06-30 00:00:00","REPORT_DATE":"2024-06-30 00:00:00","DATE_TYPE_CODE":"002","REPORT_TYPE":"2024年中报","PER_NETCASH_OPERATE":0.073712670709,"PER_OI":0.43785197529,"BPS":0.770574710357,"BASIC_EPS":0.0103,"DILUTED_EPS":0.0103,"OPERATE_INCOME":774645000,"OPERATE_INCOME_YOY":-10.4312716147,"GROSS_PROFIT":224789000,"GROSS_PROFIT_YOY":1.699753881791,"HOLDER_PROFIT":18240000,"HOLDER_PROFIT_YOY":17.4954908529,"GROSS_PROFIT_RATIO":29.018324522846,"EPS_TTM":0.023324748255,"OPERATE_INCOME_QOQ":-4.874667087406,"NET_PROFIT_RATIO":2.7114355608,"ROE_AVG":1.326536289386,"GROSS_PROFIT_QOQ":0.75001547144,"ROA":0.531711612914,"HOLDER_PROFIT_QOQ":7.045395590143,"ROE_YEARLY":2.653072578771,"ROIC_YEARLY":1.166457814868,"TOTAL_ASSETS":3452877000,"TOTAL_LIABILITIES":1922458000,"TAX_EBT":18.88781618073,"OCF_SALES":16.835066385247,"TOTAL_PARENT_EQUITY":1363296000,"DEBT_ASSET_RATIO":55.6769905212,"OPERATE_PROFIT":23468000,"PRETAX_PROFIT":25895000,"NETCASH_OPERATE":130412000,"NETCASH_INVEST":-86771000,"NETCASH_FINANCE":4141000,"END_CASH":159877000,"DIVI_RATIO":0.105561685513,"DIVIDEND_RATE":1.312560386473,"CURRENT_RATIO":1.141452561984,"COMMON_ACS":10000000000,"CURRENTDEBT_DEBT":79.400122135308,"ISSUED_COMMON_SHARES":1769193800,"HK_COMMON_SHARES":1769193800,"PER_SHARES":2000,"TOTAL_MARKET_CAP":366223116.6,"HKSK_MARKET_CAP":366223116.6,"PE_TTM":8.015956823253,"PB_TTM":0.245173839033,"REPORT_DATE_SQ":"2023-06-30 00:00:00","REPORT_TYPE_SQ":"2023年中报","OPERATE_INCOME_SQ":864861000,"DPS_HKD":0.002717,"OPERATE_INCOME_QOQ_SQ":4.677760131995,"NET_PROFIT_RATIO_SQ":2.4548453451,"HOLDER_PROFIT_SQ":15524000,"HOLDER_PROFIT_QOQ_SQ":-10.835941900514,"ROE_AVG_SQ":1.214211689251,"PE_TTM_SQ":38.649248526101,"PB_TTM_SQ":2.956967293327,"ROA_SQ":0.481721561896,"START_DATE":"2024-01-01 00:00:00","FISCAL_YEAR":"12-31","CURRENCY":"HKD","IS_CNY_CODE":0,"DPS_HKD_LY":0.002717,"ORG_TYPE":"一般企业","PREMIUM_INCOME":null,"PREMIUM_INCOME_YOY":null,"NET_INTEREST_INCOME":null,"NET_INTEREST_INCOME_YOY":null,"FEE_COMMISSION_INCOME":null,"FEE_COMMISSION_INCOME_YOY":null,"ACCOUNTS_RECE_TDAYS":1.086105983822,"INVENTORY_TDAYS":1.129576883215,"CURRENT_ASSETS_TDAYS":0.441995207717,"TOTAL_ASSETS_TDAYS":0.225815648238,"PREMIUM_EXPENSE":null,"LOAN_DEPOSIT":null,"LOAN_EQUITY":null,"LOAN_ASSETS":null,"DEPOSIT_EQUITY":null,"DEPOSIT_ASSETS":null,"EQUITY_MULTIPLIER":2.256164488285,"EQUITY_RATIO":1.410154507899},{"SECUCODE":"06830.HK","SECURITY_CODE":"06830","SECURITY_NAME_ABBR":"华众车载","ORG_CODE":"10194883","STD_REPORT_DATE":"2023-12-31 00:00:00","REPORT_DATE":"2023-12-31 00:00:00","DATE_TYPE_CODE":"001","REPORT_TYPE":"2023年年报","PER_NETCASH_OPERATE":0.107905080834,"PER_OI":1.046075901916,"BPS":0.783816334875,"BASIC_EPS":0.0218,"DILUTED_EPS":0.0218,"OPERATE_INCOME":1850711000,"OPERATE_INCOME_YOY":-3.8550233594,"GROSS_PROFIT":500923000,"GROSS_PROFIT_YOY":7.283552680895,"HOLDER_PROFIT":38550000,"HOLDER_PROFIT_YOY":-64.4034460788,"GROSS_PROFIT_RATIO":27.066516598216,"EPS_TTM":0.021789585742,"OPERATE_INCOME_QOQ":-8.151476952396,"NET_PROFIT_RATIO":2.6186692574,"ROE_AVG":2.894161526496,"GROSS_PROFIT_QOQ":4.320055645915,"ROA":1.158410102418,"HOLDER_PROFIT_QOQ":-60.077463184275,"ROE_YEARLY":2.894161526496,"ROIC_YEARLY":1.262050660449,"TOTAL_ASSETS":3407985000,"TOTAL_LIABILITIES":1854453000,"TAX_EBT":15.102040816327,"OCF_SALES":10.315224797389,"TOTAL_PARENT_EQUITY":1386723000,"DEBT_ASSET_RATIO":54.4149402066,"OPERATE_PROFIT":49775000,"PRETAX_PROFIT":57085000,"NETCASH_OPERATE":190905000,"NETCASH_INVEST":-174880000,"NETCASH_FINANCE":-19280000,"END_CASH":112219000,"DIVI_RATIO":0.112998923849,"DIVIDEND_RATE":1.509444444444,"CURRENT_RATIO":1.217325162898,"COMMON_ACS":10000000000,"CURRENTDEBT_DEBT":78.090304796077,"ISSUED_COMMON_SHARES":1769193800,"HK_COMMON_SHARES":1769193800,"PER_SHARES":2000,"TOTAL_MARKET_CAP":318454884,"HKSK_MARKET_CAP":318454884,"PE_TTM":6.970397237611,"PB_TTM":0.213194642637,"REPORT_DATE_SQ":"2022-12-31 00:00:00","REPORT_TYPE_SQ":"2022年年报","OPERATE_INCOME_SQ":1924917000,"DPS_HKD":0.002717,"OPERATE_INCOME_QOQ_SQ":8.293380260613,"NET_PROFIT_RATIO_SQ":6.1120037903,"HOLDER_PROFIT_SQ":108297000,"HOLDER_PROFIT_QOQ_SQ":147.468123029112,"ROE_AVG_SQ":8.822357760998,"PE_TTM_SQ":38.316065349152,"PB_TTM_SQ":2.931476195971,"ROA_SQ":3.303250451884,"START_DATE":"2023-01-01 00:00:00","FISCAL_YEAR":"12-31","CURRENCY":"HKD","IS_CNY_CODE":0,"DPS_HKD_LY":0.008389,"ORG_TYPE":"一般企业","PREMIUM_INCOME":null,"PREMIUM_INCOME_YOY":null,"NET_INTEREST_INCOME":null,"NET_INTEREST_INCOME_YOY":null,"FEE_COMMISSION_INCOME":null,"FEE_COMMISSION_INCOME_YOY":null,"ACCOUNTS_RECE_TDAYS":2.472682016345,"INVENTORY_TDAYS":3.058358106148,"CURRENT_ASSETS_TDAYS":1.021327894966,"TOTAL_ASSETS_TDAYS":0.556130303257,"PREMIUM_EXPENSE":null,"LOAN_DEPOSIT":null,"LOAN_EQUITY":null,"LOAN_ASSETS":null,"DEPOSIT_EQUITY":null,"DEPOSIT_ASSETS":null,"EQUITY_MULTIPLIER":2.193701191865,"EQUITY_RATIO":1.337291585991},{"SECUCODE":"06830.HK","SECURITY_CODE":"06830","SECURITY_NAME_ABBR":"华众车载","ORG_CODE":"10194883","STD_REPORT_DATE":"2023-06-30 00:00:00","REPORT_DATE":"2023-06-30 00:00:00","DATE_TYPE_CODE":"002","REPORT_TYPE":"2023年中报","PER_NETCASH_OPERATE":0.019403188051,"PER_OI":0.48884469299,"BPS":0.723374115374,"BASIC_EPS":0.0088,"DILUTED_EPS":0.0088,"OPERATE_INCOME":864861000,"OPERATE_INCOME_YOY":11.621180716,"GROSS_PROFIT":221032000,"GROSS_PROFIT_YOY":6.384043741096,"HOLDER_PROFIT":15524000,"HOLDER_PROFIT_YOY":-43.0500018343,"GROSS_PROFIT_RATIO":25.556939207572,"EPS_TTM":0.054579662217,"OPERATE_INCOME_QOQ":4.677760131995,"NET_PROFIT_RATIO":2.4548453451,"ROE_AVG":1.214211689251,"GROSS_PROFIT_QOQ":2.840774016684,"ROA":0.481721561896,"HOLDER_PROFIT_QOQ":-10.835941900514,"ROE_YEARLY":2.428423378503,"ROIC_YEARLY":1.057751321125,"TOTAL_ASSETS":3197528000,"TOTAL_LIABILITIES":1764935000,"TAX_EBT":33.938017300392,"OCF_SALES":3.96919273733,"TOTAL_PARENT_EQUITY":1279789000,"DEBT_ASSET_RATIO":55.1968583231,"OPERATE_PROFIT":35749000,"PRETAX_PROFIT":32138000,"NETCASH_OPERATE":34328000,"NETCASH_INVEST":-37296000,"NETCASH_FINANCE":41831000,"END_CASH":154305000,"DIVI_RATIO":0.045112036975,"DIVIDEND_RATE":1.509444444444,"CURRENT_RATIO":1.126044838889,"COMMON_ACS":10000000000,"CURRENTDEBT_DEBT":89.65888262174,"ISSUED_COMMON_SHARES":1769193800,"HK_COMMON_SHARES":1769193800,"PER_SHARES":2000,"TOTAL_MARKET_CAP":318454884,"HKSK_MARKET_CAP":318454884,"PE_TTM":6.970397237611,"PB_TTM":0.213194642637,"REPORT_DATE_SQ":"2022-06-30 00:00:00","REPORT_TYPE_SQ":"2022年中报","OPERATE_INCOME_SQ":774818000,"DPS_HKD":0.002717,"OPERATE_INCOME_QOQ_SQ":-6.199580682254,"NET_PROFIT_RATIO_SQ":3.9890658193,"HOLDER_PROFIT_SQ":27259000,"HOLDER_PROFIT_QOQ_SQ":-13.6384267756,"ROE_AVG_SQ":2.29525119861,"PE_TTM_SQ":38.316065349152,"PB_TTM_SQ":2.931476195971,"ROA_SQ":0.830904312189,"START_DATE":"2023-01-01 00:00:00","FISCAL_YEAR":"12-31","CURRENCY":"HKD","IS_CNY_CODE":0,"DPS_HKD_LY":0.008389,"ORG_TYPE":"一般企业","PREMIUM_INCOME":null,"PREMIUM_INCOME_YOY":null,"NET_INTEREST_INCOME":null,"NET_INTEREST_INCOME_YOY":null,"FEE_COMMISSION_INCOME":null,"FEE_COMMISSION_INCOME_YOY":null,"ACCOUNTS_RECE_TDAYS":1.27215280643,"INVENTORY_TDAYS":1.493932766772,"CURRENT_ASSETS_TDAYS":0.474789172079,"TOTAL_ASSETS_TDAYS":0.268372965565,"PREMIUM_EXPENSE":null,"LOAN_DEPOSIT":null,"LOAN_EQUITY":null,"LOAN_ASSETS":null,"DEPOSIT_EQUITY":null,"DEPOSIT_ASSETS":null,"EQUITY_MULTIPLIER":2.23198633527,"EQUITY_RATIO":1.379082801931},{"SECUCODE":"06830.HK","SECURITY_CODE":"06830","SECURITY_NAME_ABBR":"华众车载","ORG_CODE":"10194883","STD_REPORT_DATE":"2022-12-31 00:00:00","REPORT_DATE":"2022-12-31 00:00:00","DATE_TYPE_CODE":"001","REPORT_TYPE":"2022年年报","PER_NETCASH_OPERATE":0.086058972171,"PER_OI":1.08801930009,"BPS":0.721945215951,"BASIC_EPS":0.0612,"DILUTED_EPS":0.0612,"OPERATE_INCOME":1924917000,"OPERATE_INCOME_YOY":1.5796447778,"GROSS_PROFIT":466915000,"GROSS_PROFIT_YOY":9.372364747109,"HOLDER_PROFIT":108297000,"HOLDER_PROFIT_YOY":113.7173642768,"GROSS_PROFIT_RATIO":24.256370534418,"EPS_TTM":0.061212626904,"OPERATE_INCOME_QOQ":8.293380260613,"NET_PROFIT_RATIO":6.1120037903,"ROE_AVG":8.822357760998,"GROSS_PROFIT_QOQ":15.620240939988,"ROA":3.303250451884,"HOLDER_PROFIT_QOQ":147.468123029112,"ROE_YEARLY":8.822357760998,"ROIC_YEARLY":3.511161458246,"TOTAL_ASSETS":3247689000,"TOTAL_LIABILITIES":1817732000,"TAX_EBT":17.898240741387,"OCF_SALES":7.909691690603,"TOTAL_PARENT_EQUITY":1277261000,"DEBT_ASSET_RATIO":55.9700143702,"OPERATE_PROFIT":152069000,"PRETAX_PROFIT":143299000,"NETCASH_OPERATE":152255000,"NETCASH_INVEST":13633000,"NETCASH_FINANCE":-113219000,"END_CASH":114845000,"DIVI_RATIO":0.040223722858,"DIVIDEND_RATE":1.509444444444,"CURRENT_RATIO":1.247150581945,"COMMON_ACS":10000000000,"CURRENTDEBT_DEBT":82.10286224812,"ISSUED_COMMON_SHARES":1769193800,"HK_COMMON_SHARES":1769193800,"PER_SHARES":2000,"TOTAL_MARKET_CAP":318454884,"HKSK_MARKET_CAP":318454884,"PE_TTM":6.970397237611,"PB_TTM":0.213194642637,"REPORT_DATE_SQ":"2021-12-31 00:00:00","REPORT_TYPE_SQ":"2021年年报","OPERATE_INCOME_SQ":1894983000,"DPS_HKD":0.002717,"OPERATE_INCOME_QOQ_SQ":-11.373811778737,"NET_PROFIT_RATIO_SQ":3.9620408204,"HOLDER_PROFIT_SQ":50673000,"HOLDER_PROFIT_QOQ_SQ":-57.759475838384,"ROE_AVG_SQ":4.365977718203,"PE_TTM_SQ":38.316065349152,"PB_TTM_SQ":2.931476195971,"ROA_SQ":1.545831086693,"START_DATE":"2022-01-01 00:00:00","FISCAL_YEAR":"12-31","CURRENCY":"HKD","IS_CNY_CODE":0,"DPS_HKD_LY":0.005276,"ORG_TYPE":"一般企业","PREMIUM_INCOME":null,"PREMIUM_INCOME_YOY":null,"NET_INTEREST_INCOME":null,"NET_INTEREST_INCOME_YOY":null,"FEE_COMMISSION_INCOME":null,"FEE_COMMISSION_INCOME_YOY":null,"ACCOUNTS_RECE_TDAYS":2.529392479431,"INVENTORY_TDAYS":3.934681144186,"CURRENT_ASSETS_TDAYS":1.082755018786,"TOTAL_ASSETS_TDAYS":0.587133803345,"PREMIUM_EXPENSE":null,"LOAN_DEPOSIT":null,"LOAN_EQUITY":null,"LOAN_ASSETS":null,"DEPOSIT_EQUITY":null,"DEPOSIT_ASSETS":null,"EQUITY_MULTIPLIER":2.271179483018,"EQUITY_RATIO":1.423148440295},{"SECUCODE":"06830.HK","SECURITY_CODE":"06830","SECURITY_NAME_ABBR":"华众车载","ORG_CODE":"10194883","STD_REPORT_DATE":"2022-06-30 00:00:00","REPORT_DATE":"2022-06-30 00:00:00","DATE_TYPE_CODE":"002","REPORT_TYPE":"2022年中报","PER_NETCASH_OPERATE":0.130096544539,"PER_OI":0.437949759942,"BPS":0.676836534245,"BASIC_EPS":0.0154,"DILUTED_EPS":0.0154,"OPERATE_INCOME":774818000,"OPERATE_INCOME_YOY":-13.1661023939,"GROSS_PROFIT":207768000,"GROSS_PROFIT_YOY":-9.993631870107,"HOLDER_PROFIT":27259000,"HOLDER_PROFIT_YOY":-20.2253438689,"GROSS_PROFIT_RATIO":26.815071410318,"EPS_TTM":0.024735560344,"OPERATE_INCOME_QOQ":-6.199580682254,"NET_PROFIT_RATIO":3.9890658193,"ROE_AVG":2.29525119861,"GROSS_PROFIT_QOQ":-5.403791016247,"ROA":0.830904312189,"HOLDER_PROFIT_QOQ":-13.6384267756,"ROE_YEARLY":4.590502397219,"ROIC_YEARLY":1.784510489539,"TOTAL_ASSETS":3251978000,"TOTAL_LIABILITIES":1901934000,"TAX_EBT":30.0217351929,"OCF_SALES":29.705814784891,"TOTAL_PARENT_EQUITY":1197455000,"DEBT_ASSET_RATIO":58.4854510086,"OPERATE_PROFIT":56983000,"PRETAX_PROFIT":44168000,"NETCASH_OPERATE":230166000,"NETCASH_INVEST":-7935000,"NETCASH_FINANCE":-106073000,"END_CASH":177834000,"DIVI_RATIO":0.09954089197,"DIVIDEND_RATE":1.509444444444,"CURRENT_RATIO":1.107244366559,"COMMON_ACS":10000000000,"CURRENTDEBT_DEBT":84.908834901737,"ISSUED_COMMON_SHARES":1769193800,"HK_COMMON_SHARES":1769193800,"PER_SHARES":2000,"TOTAL_MARKET_CAP":318454884,"HKSK_MARKET_CAP":318454884,"PE_TTM":6.970397237611,"PB_TTM":0.213194642637,"REPORT_DATE_SQ":"2021-06-30 00:00:00","REPORT_TYPE_SQ":"2021年中报","OPERATE_INCOME_SQ":892299000,"DPS_HKD":0.002717,"OPERATE_INCOME_QOQ_SQ":6.65187894955,"NET_PROFIT_RATIO_SQ":4.0832725353,"HOLDER_PROFIT_SQ":34170000,"HOLDER_PROFIT_QOQ_SQ":11.516723371818,"ROE_AVG_SQ":2.957989536664,"PE_TTM_SQ":38.316065349152,"PB_TTM_SQ":2.931476195971,"ROA_SQ":1.037748913963,"START_DATE":"2022-01-01 00:00:00","FISCAL_YEAR":"12-31","CURRENCY":"HKD","IS_CNY_CODE":0,"DPS_HKD_LY":0.005276,"ORG_TYPE":"一般企业","PREMIUM_INCOME":null,"PREMIUM_INCOME_YOY":null,"NET_INTEREST_INCOME":null,"NET_INTEREST_INCOME_YOY":null,"FEE_COMMISSION_INCOME":null,"FEE_COMMISSION_INCOME_YOY":null,"ACCOUNTS_RECE_TDAYS":1.047801803995,"INVENTORY_TDAYS":1.625665474999,"CURRENT_ASSETS_TDAYS":0.444986849704,"TOTAL_ASSETS_TDAYS":0.23617873633,"PREMIUM_EXPENSE":null,"LOAN_DEPOSIT":null,"LOAN_EQUITY":null,"LOAN_ASSETS":null,"DEPOSIT_EQUITY":null,"DEPOSIT_ASSETS":null,"EQUITY_MULTIPLIER":2.408794083749,"EQUITY_RATIO":1.588313548317},{"SECUCODE":"06830.HK","SECURITY_CODE":"06830","SECURITY_NAME_ABBR":"华众车载","ORG_CODE":"10194883","STD_REPORT_DATE":"2021-12-31 00:00:00","REPORT_DATE":"2021-12-31 00:00:00","DATE_TYPE_CODE":"001","REPORT_TYPE":"2021年年报","PER_NETCASH_OPERATE":0.08401284246,"PER_OI":1.071099729153,"BPS":0.66572525859,"BASIC_EPS":0.0286,"DILUTED_EPS":0.0286,"OPERATE_INCOME":1894983000,"OPERATE_INCOME_YOY":-5.4785050207,"GROSS_PROFIT":426904000,"GROSS_PROFIT_YOY":-11.989081718063,"HOLDER_PROFIT":50673000,"HOLDER_PROFIT_YOY":-52.8947515199,"GROSS_PROFIT_RATIO":22.528117666491,"EPS_TTM":0.02864185936,"OPERATE_INCOME_QOQ":-11.373811778737,"NET_PROFIT_RATIO":3.9620408204,"ROE_AVG":4.365977718203,"GROSS_PROFIT_QOQ":-20.05408330852,"ROA":1.545831086693,"HOLDER_PROFIT_QOQ":-57.759475838384,"ROE_YEARLY":4.365977718203,"ROIC_YEARLY":1.608619940087,"TOTAL_ASSETS":3309307000,"TOTAL_LIABILITIES":2072459000,"TAX_EBT":27.245947072105,"OCF_SALES":7.843605984856,"TOTAL_PARENT_EQUITY":1177797000,"DEBT_ASSET_RATIO":62.6251659335,"OPERATE_PROFIT":99745000,"PRETAX_PROFIT":103197000,"NETCASH_OPERATE":148635000,"NETCASH_INVEST":-113589000,"NETCASH_FINANCE":-67799000,"END_CASH":61676000,"DIVI_RATIO":0.085965080306,"DIVIDEND_RATE":1.509444444444,"CURRENT_RATIO":0.90454002128,"COMMON_ACS":10000000000,"CURRENTDEBT_DEBT":90.382535915065,"ISSUED_COMMON_SHARES":1769193800,"HK_COMMON_SHARES":1769193800,"PER_SHARES":2000,"TOTAL_MARKET_CAP":318454884,"HKSK_MARKET_CAP":318454884,"PE_TTM":6.970397237611,"PB_TTM":0.213194642637,"REPORT_DATE_SQ":"2020-12-31 00:00:00","REPORT_TYPE_SQ":"2020年年报","OPERATE_INCOME_SQ":2004817000,"DPS_HKD":0.002717,"OPERATE_INCOME_QOQ_SQ":-0.408189826898,"NET_PROFIT_RATIO_SQ":5.5097796956,"HOLDER_PROFIT_SQ":107574000,"HOLDER_PROFIT_QOQ_SQ":88.201333123393,"ROE_AVG_SQ":9.86675288404,"PE_TTM_SQ":38.316065349152,"PB_TTM_SQ":2.931476195971,"ROA_SQ":3.283379414004,"START_DATE":"2021-01-01 00:00:00","FISCAL_YEAR":"12-31","CURRENCY":"HKD","IS_CNY_CODE":0,"DPS_HKD_LY":0.007262,"ORG_TYPE":"一般企业","PREMIUM_INCOME":null,"PREMIUM_INCOME_YOY":null,"NET_INTEREST_INCOME":null,"NET_INTEREST_INCOME_YOY":null,"FEE_COMMISSION_INCOME":null,"FEE_COMMISSION_INCOME_YOY":null,"ACCOUNTS_RECE_TDAYS":2.317978068917,"INVENTORY_TDAYS":4.773379113688,"CURRENT_ASSETS_TDAYS":1.105647781216,"TOTAL_ASSETS_TDAYS":0.578083719171,"PREMIUM_EXPENSE":null,"LOAN_DEPOSIT":null,"LOAN_EQUITY":null,"LOAN_ASSETS":null,"DEPOSIT_EQUITY":null,"DEPOSIT_ASSETS":null,"EQUITY_MULTIPLIER":2.675597163109,"EQUITY_RATIO":1.759606281897},{"SECUCODE":"06830.HK","SECURITY_CODE":"06830","SECURITY_NAME_ABBR":"华众车载","ORG_CODE":"10194883","STD_REPORT_DATE":"2021-06-30 00:00:00","REPORT_DATE":"2021-06-30 00:00:00","DATE_TYPE_CODE":"002","REPORT_TYPE":"2021年中报","PER_NETCASH_OPERATE":-0.008573396538,"PER_OI":0.504353451838,"BPS":0.659556347077,"BASIC_EPS":0.0193,"DILUTED_EPS":0.0193,"OPERATE_INCOME":892299000,"OPERATE_INCOME_YOY":17.5715898864,"GROSS_PROFIT":230837000,"GROSS_PROFIT_YOY":26.900452986191,"HOLDER_PROFIT":34170000,"HOLDER_PROFIT_YOY":56.87984941,"GROSS_PROFIT_RATIO":25.869915801766,"EPS_TTM":0.067806590776,"OPERATE_INCOME_QOQ":6.65187894955,"NET_PROFIT_RATIO":4.0832725353,"ROE_AVG":2.957989536664,"GROSS_PROFIT_QOQ":10.088071941912,"ROA":1.037748913963,"HOLDER_PROFIT_QOQ":11.516723371818,"ROE_YEARLY":5.915979073328,"ROIC_YEARLY":2.174243297952,"TOTAL_ASSETS":3338630000,"TOTAL_LIABILITIES":2128736000,"TAX_EBT":19.31304809992,"OCF_SALES":-1.699878628128,"TOTAL_PARENT_EQUITY":1166883000,"DEBT_ASSET_RATIO":63.7607641458,"OPERATE_PROFIT":38640000,"PRETAX_PROFIT":45156000,"NETCASH_OPERATE":-15168000,"NETCASH_INVEST":-41583000,"NETCASH_FINANCE":83219000,"END_CASH":120897000,"DIVI_RATIO":0.036312100517,"DIVIDEND_RATE":1.509444444444,"CURRENT_RATIO":0.953463932781,"COMMON_ACS":10000000000,"CURRENTDEBT_DEBT":89.715634066413,"ISSUED_COMMON_SHARES":1769193800,"HK_COMMON_SHARES":1769193800,"PER_SHARES":2000,"TOTAL_MARKET_CAP":318454884,"HKSK_MARKET_CAP":318454884,"PE_TTM":6.970397237611,"PB_TTM":0.213194642637,"REPORT_DATE_SQ":"2020-06-30 00:00:00","REPORT_TYPE_SQ":"2020年中报","OPERATE_INCOME_SQ":758941000,"DPS_HKD":0.002717,"OPERATE_INCOME_QOQ_SQ":-7.384926679822,"NET_PROFIT_RATIO_SQ":3.0539923393,"HOLDER_PROFIT_SQ":21781000,"HOLDER_PROFIT_QOQ_SQ":-32.023975168575,"ROE_AVG_SQ":2.095347397555,"PE_TTM_SQ":38.316065349152,"PB_TTM_SQ":2.931476195971,"ROA_SQ":0.65916011181,"START_DATE":"2021-01-01 00:00:00","FISCAL_YEAR":"12-31","CURRENCY":"HKD","IS_CNY_CODE":0,"DPS_HKD_LY":0.007262,"ORG_TYPE":"一般企业","PREMIUM_INCOME":null,"PREMIUM_INCOME_YOY":null,"NET_INTEREST_INCOME":null,"NET_INTEREST_INCOME_YOY":null,"FEE_COMMISSION_INCOME":null,"FEE_COMMISSION_INCOME_YOY":null,"ACCOUNTS_RECE_TDAYS":1.146719322686,"INVENTORY_TDAYS":2.157188677615,"CURRENT_ASSETS_TDAYS":0.502077550052,"TOTAL_ASSETS_TDAYS":0.270992776757,"PREMIUM_EXPENSE":null,"LOAN_DEPOSIT":null,"LOAN_EQUITY":null,"LOAN_ASSETS":null,"DEPOSIT_EQUITY":null,"DEPOSIT_ASSETS":null,"EQUITY_MULTIPLIER":2.759440083183,"EQUITY_RATIO":1.824292581176},{"SECUCODE":"06830.HK","SECURITY_CODE":"06830","SECURITY_NAME_ABBR":"华众车载","ORG_CODE":"10194883","STD_REPORT_DATE":"2020-12-31 00:00:00","REPORT_DATE":"2020-12-31 00:00:00","DATE_TYPE_CODE":"001","REPORT_TYPE":"2020年年报","PER_NETCASH_OPERATE":0.122915872755,"PER_OI":1.133181113341,"BPS":0.646322635768,"BASIC_EPS":0.0608,"DILUTED_EPS":0.0608,"OPERATE_INCOME":2004817000,"OPERATE_INCOME_YOY":-7.7629719873,"GROSS_PROFIT":485058000,"GROSS_PROFIT_YOY":-0.168561179064,"HOLDER_PROFIT":107574000,"HOLDER_PROFIT_YOY":27.931784937,"GROSS_PROFIT_RATIO":24.194627240292,"EPS_TTM":0.060803966191,"OPERATE_INCOME_QOQ":-0.408189826898,"NET_PROFIT_RATIO":5.5097796956,"ROE_AVG":9.86675288404,"GROSS_PROFIT_QOQ":15.057165899711,"ROA":3.283379414004,"HOLDER_PROFIT_QOQ":88.201333123393,"ROE_YEARLY":9.86675288404,"ROIC_YEARLY":3.474974379599,"TOTAL_ASSETS":3246778000,"TOTAL_LIABILITIES":2062562000,"TAX_EBT":17.869809286591,"OCF_SALES":10.846975060567,"TOTAL_PARENT_EQUITY":1143470000,"DEBT_ASSET_RATIO":63.5264252745,"OPERATE_PROFIT":138595000,"PRETAX_PROFIT":134495000,"NETCASH_OPERATE":217462000,"NETCASH_INVEST":-146150000,"NETCASH_FINANCE":-165133000,"END_CASH":94429000,"DIVI_RATIO":0.040494064684,"DIVIDEND_RATE":1.509444444444,"CURRENT_RATIO":0.935549626156,"COMMON_ACS":10000000000,"CURRENTDEBT_DEBT":89.835554034255,"ISSUED_COMMON_SHARES":1769193800,"HK_COMMON_SHARES":1769193800,"PER_SHARES":2000,"TOTAL_MARKET_CAP":318454884,"HKSK_MARKET_CAP":318454884,"PE_TTM":6.970397237611,"PB_TTM":0.213194642637,"REPORT_DATE_SQ":"2019-12-31 00:00:00","REPORT_TYPE_SQ":"2019年年报","OPERATE_INCOME_SQ":2173549000,"DPS_HKD":0.002717,"OPERATE_INCOME_QOQ_SQ":13.033301298853,"NET_PROFIT_RATIO_SQ":4.0317471564,"HOLDER_PROFIT_SQ":84087000,"HOLDER_PROFIT_QOQ_SQ":-29.919323921124,"ROE_AVG_SQ":8.492602668059,"PE_TTM_SQ":38.316065349152,"PB_TTM_SQ":2.931476195971,"ROA_SQ":2.649285173162,"START_DATE":"2020-01-01 00:00:00","FISCAL_YEAR":"12-31","CURRENCY":"HKD","IS_CNY_CODE":0,"DPS_HKD_LY":0.005206,"ORG_TYPE":"一般企业","PREMIUM_INCOME":null,"PREMIUM_INCOME_YOY":null,"NET_INTEREST_INCOME":null,"NET_INTEREST_INCOME_YOY":null,"FEE_COMMISSION_INCOME":null,"FEE_COMMISSION_INCOME_YOY":null,"ACCOUNTS_RECE_TDAYS":2.5040133443,"INVENTORY_TDAYS":4.6489458679,"CURRENT_ASSETS_TDAYS":1.107779365464,"TOTAL_ASSETS_TDAYS":0.611911323056,"PREMIUM_EXPENSE":null,"LOAN_DEPOSIT":null,"LOAN_EQUITY":null,"LOAN_ASSETS":null,"DEPOSIT_EQUITY":null,"DEPOSIT_ASSETS":null,"EQUITY_MULTIPLIER":2.741710971645,"EQUITY_RATIO":1.803774475937},{"SECUCODE":"06830.HK","SECURITY_CODE":"06830","SECURITY_NAME_ABBR":"华众车载","ORG_CODE":"10194883","STD_REPORT_DATE":"2020-06-30 00:00:00","REPORT_DATE":"2020-06-30 00:00:00","DATE_TYPE_CODE":"002","REPORT_TYPE":"2020年中报","PER_NETCASH_OPERATE":-0.04902345916,"PER_OI":0.428975615899,"BPS":0.588924740749,"BASIC_EPS":0.0123,"DILUTED_EPS":0.0123,"OPERATE_INCOME":758941000,"OPERATE_INCOME_YOY":-17.4576053667,"GROSS_PROFIT":181904000,"GROSS_PROFIT_YOY":-26.115653470132,"HOLDER_PROFIT":21781000,"HOLDER_PROFIT_YOY":-55.2834178489,"GROSS_PROFIT_RATIO":23.968134545373,"EPS_TTM":0.032307935965,"OPERATE_INCOME_QOQ":-7.384926679822,"NET_PROFIT_RATIO":3.0539923393,"ROE_AVG":2.095347397555,"GROSS_PROFIT_QOQ":-13.233184530241,"ROA":0.65916011181,"HOLDER_PROFIT_QOQ":-32.023975168575,"ROE_YEARLY":4.190694795109,"ROIC_YEARLY":1.390369706141,"TOTAL_ASSETS":3302852000,"TOTAL_LIABILITIES":2221674000,"TAX_EBT":26.033954557059,"OCF_SALES":-11.428029319802,"TOTAL_PARENT_EQUITY":1041922000,"DEBT_ASSET_RATIO":67.2653210014,"OPERATE_PROFIT":44246000,"PRETAX_PROFIT":31336000,"NETCASH_OPERATE":-86732000,"NETCASH_INVEST":-66821000,"NETCASH_FINANCE":42404000,"END_CASH":77101000,"DIVI_RATIO":0.076210369572,"DIVIDEND_RATE":1.509444444444,"CURRENT_RATIO":0.871385692659,"COMMON_ACS":10000000000,"CURRENTDEBT_DEBT":95.855287499426,"ISSUED_COMMON_SHARES":1769193800,"HK_COMMON_SHARES":1769193800,"PER_SHARES":2000,"TOTAL_MARKET_CAP":318454884,"HKSK_MARKET_CAP":318454884,"PE_TTM":6.970397237611,"PB_TTM":0.213194642637,"REPORT_DATE_SQ":"2019-06-30 00:00:00","REPORT_TYPE_SQ":"2019年中报","OPERATE_INCOME_SQ":919456000,"DPS_HKD":0.002717,"OPERATE_INCOME_QOQ_SQ":-2.840567173636,"NET_PROFIT_RATIO_SQ":5.5195680924,"HOLDER_PROFIT_SQ":48709000,"HOLDER_PROFIT_QOQ_SQ":-13.518617289646,"ROE_AVG_SQ":5.020441377078,"PE_TTM_SQ":38.316065349152,"PB_TTM_SQ":2.931476195971,"ROA_SQ":1.54030440531,"START_DATE":"2020-01-01 00:00:00","FISCAL_YEAR":"12-31","CURRENCY":"HKD","IS_CNY_CODE":0,"DPS_HKD_LY":0.005206,"ORG_TYPE":"一般企业","PREMIUM_INCOME":null,"PREMIUM_INCOME_YOY":null,"NET_INTEREST_INCOME":null,"NET_INTEREST_INCOME_YOY":null,"FEE_COMMISSION_INCOME":null,"FEE_COMMISSION_INCOME_YOY":null,"ACCOUNTS_RECE_TDAYS":0.983012253637,"INVENTORY_TDAYS":1.637109792807,"CURRENT_ASSETS_TDAYS":0.405663481061,"TOTAL_ASSETS_TDAYS":0.229678910251,"PREMIUM_EXPENSE":null,"LOAN_DEPOSIT":null,"LOAN_EQUITY":null,"LOAN_ASSETS":null,"DEPOSIT_EQUITY":null,"DEPOSIT_ASSETS":null,"EQUITY_MULTIPLIER":3.054864231425,"EQUITY_RATIO":2.132284374454}],"count":31},"success":true,"message":"ok","code":0}