{"version":"f91018fd516756a2746c4ad4b06073f0","result":{"pages":3,"data":[{"SECUCODE":"06833.HK","SECURITY_CODE":"06833","SECURITY_NAME_ABBR":"兴科蓉医药","ORG_CODE":"10489704","STD_REPORT_DATE":"2024-06-30 00:00:00","REPORT_DATE":"2024-06-30 00:00:00","DATE_TYPE_CODE":"002","REPORT_TYPE":"2024年中报","PER_NETCASH_OPERATE":-0.131831984455,"PER_OI":0.75107387051,"BPS":0.317136595918,"BASIC_EPS":0.0117,"DILUTED_EPS":0.0117,"OPERATE_INCOME":1526851000,"OPERATE_INCOME_YOY":40.0618827548,"GROSS_PROFIT":173212000,"GROSS_PROFIT_YOY":13.547388984306,"HOLDER_PROFIT":23870000,"HOLDER_PROFIT_YOY":21.8167899974,"GROSS_PROFIT_RATIO":11.344394443204,"EPS_TTM":0.022936305743,"OPERATE_INCOME_QOQ":17.193471185557,"NET_PROFIT_RATIO":1.5633483555,"ROE_AVG":3.750915336482,"GROSS_PROFIT_QOQ":6.392600841376,"ROA":1.286781353907,"HOLDER_PROFIT_QOQ":10.09397431054,"ROE_YEARLY":7.501830672965,"ROIC_YEARLY":3.193203172736,"TOTAL_ASSETS":1819354000,"TOTAL_LIABILITIES":1174650000,"TAX_EBT":64.893961231873,"OCF_SALES":-17.552465826724,"TOTAL_PARENT_EQUITY":644704000,"DEBT_ASSET_RATIO":64.5641255083,"OPERATE_PROFIT":75333000,"PRETAX_PROFIT":67994000,"NETCASH_OPERATE":-268000000,"NETCASH_INVEST":-21477000,"NETCASH_FINANCE":115625000,"END_CASH":282009000,"DIVI_RATIO":0.154090115452,"DIVIDEND_RATE":1.695652173913,"CURRENT_RATIO":1.178511683408,"COMMON_ACS":10000000000,"CURRENTDEBT_DEBT":97.453965010854,"ISSUED_COMMON_SHARES":2032890585,"HK_COMMON_SHARES":2032890585,"PER_SHARES":4000,"TOTAL_MARKET_CAP":467564834.55,"HKSK_MARKET_CAP":467564834.55,"PE_TTM":9.055128615111,"PB_TTM":0.661911626416,"REPORT_DATE_SQ":"2023-06-30 00:00:00","REPORT_TYPE_SQ":"2023年中报","OPERATE_INCOME_SQ":1090126000,"DPS_HKD":0.0039,"OPERATE_INCOME_QOQ_SQ":-1.75214230213,"NET_PROFIT_RATIO_SQ":1.7974986378,"HOLDER_PROFIT_SQ":19595000,"HOLDER_PROFIT_QOQ_SQ":-60.936915147851,"ROE_AVG_SQ":3.241235060255,"PE_TTM_SQ":17.267912426767,"PB_TTM_SQ":0.699804704007,"ROA_SQ":1.278134282699,"START_DATE":"2024-01-01 00:00:00","FISCAL_YEAR":"12-31","CURRENCY":"HKD","IS_CNY_CODE":0,"DPS_HKD_LY":0.0039,"ORG_TYPE":"一般企业","PREMIUM_INCOME":null,"PREMIUM_INCOME_YOY":null,"NET_INTEREST_INCOME":null,"NET_INTEREST_INCOME_YOY":null,"FEE_COMMISSION_INCOME":null,"FEE_COMMISSION_INCOME_YOY":null,"ACCOUNTS_RECE_TDAYS":2.459723137347,"INVENTORY_TDAYS":17.784012454756,"CURRENT_ASSETS_TDAYS":1.09751593602,"TOTAL_ASSETS_TDAYS":0.823093170086,"PREMIUM_EXPENSE":null,"LOAN_DEPOSIT":null,"LOAN_EQUITY":null,"LOAN_ASSETS":null,"DEPOSIT_EQUITY":null,"DEPOSIT_ASSETS":null,"EQUITY_MULTIPLIER":2.821998932845,"EQUITY_RATIO":1.821998932844},{"SECUCODE":"06833.HK","SECURITY_CODE":"06833","SECURITY_NAME_ABBR":"兴科蓉医药","ORG_CODE":"10489704","STD_REPORT_DATE":"2023-12-31 00:00:00","REPORT_DATE":"2023-12-31 00:00:00","DATE_TYPE_CODE":"001","REPORT_TYPE":"2023年年报","PER_NETCASH_OPERATE":0.173988704857,"PER_OI":1.249483380336,"BPS":0.308945304107,"BASIC_EPS":0.021,"DILUTED_EPS":0.021,"OPERATE_INCOME":2540063000,"OPERATE_INCOME_YOY":11.8229103612,"GROSS_PROFIT":323280000,"GROSS_PROFIT_YOY":5.69265173212,"HOLDER_PROFIT":42352000,"HOLDER_PROFIT_YOY":-39.0285335867,"GROSS_PROFIT_RATIO":12.727243379397,"EPS_TTM":0.020833388827,"OPERATE_INCOME_QOQ":13.817148771903,"NET_PROFIT_RATIO":1.667360219,"ROE_AVG":6.876083723528,"GROSS_PROFIT_QOQ":21.435225531148,"ROA":2.55516497532,"HOLDER_PROFIT_QOQ":56.084617085575,"ROE_YEARLY":6.876083723528,"ROIC_YEARLY":3.324404569172,"TOTAL_ASSETS":1890678000,"TOTAL_LIABILITIES":1262626000,"TAX_EBT":57.597541073878,"OCF_SALES":13.924851470219,"TOTAL_PARENT_EQUITY":628052000,"DEBT_ASSET_RATIO":66.781651873,"OPERATE_PROFIT":114315000,"PRETAX_PROFIT":99881000,"NETCASH_OPERATE":353700000,"NETCASH_INVEST":-63626000,"NETCASH_FINANCE":-189729000,"END_CASH":437922000,"DIVI_RATIO":0.16964393212,"DIVIDEND_RATE":2.131147540984,"CURRENT_RATIO":1.163344120347,"COMMON_ACS":10000000000,"CURRENTDEBT_DEBT":97.577350696089,"ISSUED_COMMON_SHARES":2032890585,"HK_COMMON_SHARES":2032890585,"PER_SHARES":4000,"TOTAL_MARKET_CAP":372018977.055,"HKSK_MARKET_CAP":372018977.055,"PE_TTM":7.204732767675,"PB_TTM":0.526651424496,"REPORT_DATE_SQ":"2022-12-31 00:00:00","REPORT_TYPE_SQ":"2022年年报","OPERATE_INCOME_SQ":2271505000,"DPS_HKD":0.0039,"OPERATE_INCOME_QOQ_SQ":-1.535889363255,"NET_PROFIT_RATIO_SQ":3.0579725777,"HOLDER_PROFIT_SQ":69462000,"HOLDER_PROFIT_QOQ_SQ":-42.935304990758,"ROE_AVG_SQ":14.194777142694,"PE_TTM_SQ":20.247773420766,"PB_TTM_SQ":0.820567462664,"ROA_SQ":5.228408877501,"START_DATE":"2023-01-01 00:00:00","FISCAL_YEAR":"12-31","CURRENCY":"HKD","IS_CNY_CODE":0,"DPS_HKD_LY":0.0098,"ORG_TYPE":"一般企业","PREMIUM_INCOME":null,"PREMIUM_INCOME_YOY":null,"NET_INTEREST_INCOME":null,"NET_INTEREST_INCOME_YOY":null,"FEE_COMMISSION_INCOME":null,"FEE_COMMISSION_INCOME_YOY":null,"ACCOUNTS_RECE_TDAYS":5.69665823029,"INVENTORY_TDAYS":22.60017127652,"CURRENT_ASSETS_TDAYS":2.072937855436,"TOTAL_ASSETS_TDAYS":1.532461279917,"PREMIUM_EXPENSE":null,"LOAN_DEPOSIT":null,"LOAN_EQUITY":null,"LOAN_ASSETS":null,"DEPOSIT_EQUITY":null,"DEPOSIT_ASSETS":null,"EQUITY_MULTIPLIER":3.010384490453,"EQUITY_RATIO":2.010384490456},{"SECUCODE":"06833.HK","SECURITY_CODE":"06833","SECURITY_NAME_ABBR":"兴科蓉医药","ORG_CODE":"10489704","STD_REPORT_DATE":"2023-06-30 00:00:00","REPORT_DATE":"2023-06-30 00:00:00","DATE_TYPE_CODE":"002","REPORT_TYPE":"2023年中报","PER_NETCASH_OPERATE":0.209448065303,"PER_OI":0.536244305544,"BPS":0.297750899368,"BASIC_EPS":0.00965,"DILUTED_EPS":0.00965,"OPERATE_INCOME":1090126000,"OPERATE_INCOME_YOY":-3.5223545613,"GROSS_PROFIT":152546000,"GROSS_PROFIT_YOY":-20.630807812776,"HOLDER_PROFIT":19595000,"HOLDER_PROFIT_YOY":-68.3558613116,"GROSS_PROFIT_RATIO":13.993428282602,"EPS_TTM":0.013347496516,"OPERATE_INCOME_QOQ":-1.75214230213,"NET_PROFIT_RATIO":1.7974986378,"ROE_AVG":3.241235060255,"GROSS_PROFIT_QOQ":-12.963762145762,"ROA":1.278134282699,"HOLDER_PROFIT_QOQ":-60.936915147851,"ROE_YEARLY":6.48247012051,"ROIC_YEARLY":3.536649306793,"TOTAL_ASSETS":1641855000,"TOTAL_LIABILITIES":1036560000,"TAX_EBT":54.184105309921,"OCF_SALES":39.058329037194,"TOTAL_PARENT_EQUITY":605295000,"DEBT_ASSET_RATIO":63.1334679372,"OPERATE_PROFIT":50129000,"PRETAX_PROFIT":42769000,"NETCASH_OPERATE":425785000,"NETCASH_INVEST":-47627000,"NETCASH_FINANCE":-188493000,"END_CASH":520822000,"DIVI_RATIO":0.264788081859,"DIVIDEND_RATE":2.131147540984,"CURRENT_RATIO":1.183301581878,"COMMON_ACS":10000000000,"CURRENTDEBT_DEBT":97.126842633326,"ISSUED_COMMON_SHARES":2032890585,"HK_COMMON_SHARES":2032890585,"PER_SHARES":4000,"TOTAL_MARKET_CAP":372018977.055,"HKSK_MARKET_CAP":372018977.055,"PE_TTM":7.204732767675,"PB_TTM":0.526651424496,"REPORT_DATE_SQ":"2022-06-30 00:00:00","REPORT_TYPE_SQ":"2022年中报","OPERATE_INCOME_SQ":1129926000,"DPS_HKD":0.0039,"OPERATE_INCOME_QOQ_SQ":13.976003616503,"NET_PROFIT_RATIO_SQ":5.4802703894,"HOLDER_PROFIT_SQ":61923000,"HOLDER_PROFIT_QOQ_SQ":-9.888735073992,"ROE_AVG_SQ":12.752391729882,"PE_TTM_SQ":20.247773420766,"PB_TTM_SQ":0.820567462664,"ROA_SQ":4.366740476426,"START_DATE":"2023-01-01 00:00:00","FISCAL_YEAR":"12-31","CURRENCY":"HKD","IS_CNY_CODE":0,"DPS_HKD_LY":0.0098,"ORG_TYPE":"一般企业","PREMIUM_INCOME":null,"PREMIUM_INCOME_YOY":null,"NET_INTEREST_INCOME":null,"NET_INTEREST_INCOME_YOY":null,"FEE_COMMISSION_INCOME":null,"FEE_COMMISSION_INCOME_YOY":null,"ACCOUNTS_RECE_TDAYS":3.334728251061,"INVENTORY_TDAYS":19.207981643858,"CURRENT_ASSETS_TDAYS":0.987107511654,"TOTAL_ASSETS_TDAYS":0.711062726747,"PREMIUM_EXPENSE":null,"LOAN_DEPOSIT":null,"LOAN_EQUITY":null,"LOAN_ASSETS":null,"DEPOSIT_EQUITY":null,"DEPOSIT_ASSETS":null,"EQUITY_MULTIPLIER":2.712487299583,"EQUITY_RATIO":1.712487299581},{"SECUCODE":"06833.HK","SECURITY_CODE":"06833","SECURITY_NAME_ABBR":"兴科蓉医药","ORG_CODE":"10489704","STD_REPORT_DATE":"2022-12-31 00:00:00","REPORT_DATE":"2022-12-31 00:00:00","DATE_TYPE_CODE":"001","REPORT_TYPE":"2022年年报","PER_NETCASH_OPERATE":0.036933123973,"PER_OI":1.117376909884,"BPS":0.29702139626,"BASIC_EPS":0.034,"DILUTED_EPS":0.034,"OPERATE_INCOME":2271505000,"OPERATE_INCOME_YOY":12.2254583003,"GROSS_PROFIT":305868000,"GROSS_PROFIT_YOY":-16.189066995479,"HOLDER_PROFIT":69462000,"HOLDER_PROFIT_YOY":-48.578281501,"GROSS_PROFIT_RATIO":13.465433710249,"EPS_TTM":0.034169079493,"OPERATE_INCOME_QOQ":-1.535889363255,"NET_PROFIT_RATIO":3.0579725777,"ROE_AVG":14.194777142694,"GROSS_PROFIT_QOQ":-23.460478803666,"ROA":5.228408877501,"HOLDER_PROFIT_QOQ":-42.935304990758,"ROE_YEARLY":14.194777142694,"ROIC_YEARLY":6.93959697348,"TOTAL_ASSETS":1424333000,"TOTAL_LIABILITIES":820521000,"TAX_EBT":30.042702332514,"OCF_SALES":3.305341612719,"TOTAL_PARENT_EQUITY":603812000,"DEBT_ASSET_RATIO":57.6073853516,"OPERATE_PROFIT":117625000,"PRETAX_PROFIT":99292000,"NETCASH_OPERATE":75081000,"NETCASH_INVEST":-119270000,"NETCASH_FINANCE":35043000,"END_CASH":329144000,"DIVI_RATIO":0.103434393095,"DIVIDEND_RATE":2.131147540984,"CURRENT_RATIO":1.286902736581,"COMMON_ACS":10000000000,"CURRENTDEBT_DEBT":96.351586370123,"ISSUED_COMMON_SHARES":2032890585,"HK_COMMON_SHARES":2032890585,"PER_SHARES":4000,"TOTAL_MARKET_CAP":372018977.055,"HKSK_MARKET_CAP":372018977.055,"PE_TTM":7.204732767675,"PB_TTM":0.526651424496,"REPORT_DATE_SQ":"2021-12-31 00:00:00","REPORT_TYPE_SQ":"2021年年报","OPERATE_INCOME_SQ":2024055000,"DPS_HKD":0.0039,"OPERATE_INCOME_QOQ_SQ":-10.46147802672,"NET_PROFIT_RATIO_SQ":6.6738799094,"HOLDER_PROFIT_SQ":135083000,"HOLDER_PROFIT_QOQ_SQ":-16.079793248264,"ROE_AVG_SQ":50.010088426446,"PE_TTM_SQ":20.247773420766,"PB_TTM_SQ":0.820567462664,"ROA_SQ":10.872663159771,"START_DATE":"2022-01-01 00:00:00","FISCAL_YEAR":"12-31","CURRENCY":"HKD","IS_CNY_CODE":0,"DPS_HKD_LY":null,"ORG_TYPE":"一般企业","PREMIUM_INCOME":null,"PREMIUM_INCOME_YOY":null,"NET_INTEREST_INCOME":null,"NET_INTEREST_INCOME_YOY":null,"FEE_COMMISSION_INCOME":null,"FEE_COMMISSION_INCOME_YOY":null,"ACCOUNTS_RECE_TDAYS":8.042590405917,"INVENTORY_TDAYS":26.310578377438,"CURRENT_ASSETS_TDAYS":2.287076560764,"TOTAL_ASSETS_TDAYS":1.709763166521,"PREMIUM_EXPENSE":null,"LOAN_DEPOSIT":null,"LOAN_EQUITY":null,"LOAN_ASSETS":null,"DEPOSIT_EQUITY":null,"DEPOSIT_ASSETS":null,"EQUITY_MULTIPLIER":2.358901446146,"EQUITY_RATIO":1.358901446145},{"SECUCODE":"06833.HK","SECURITY_CODE":"06833","SECURITY_NAME_ABBR":"兴科蓉医药","ORG_CODE":"10489704","STD_REPORT_DATE":"2022-06-30 00:00:00","REPORT_DATE":"2022-06-30 00:00:00","DATE_TYPE_CODE":"002","REPORT_TYPE":"2022年中报","PER_NETCASH_OPERATE":0.043147427927,"PER_OI":0.555822339056,"BPS":0.293312883831,"BASIC_EPS":0.03049,"DILUTED_EPS":0.03048,"OPERATE_INCOME":1129926000,"OPERATE_INCOME_YOY":33.3963761032,"GROSS_PROFIT":192198000,"GROSS_PROFIT_YOY":22.009560265859,"HOLDER_PROFIT":61923000,"HOLDER_PROFIT_YOY":-17.7441851198,"GROSS_PROFIT_RATIO":17.009786481593,"EPS_TTM":0.059877792193,"OPERATE_INCOME_QOQ":13.976003616503,"NET_PROFIT_RATIO":5.4802703894,"ROE_AVG":12.752391729882,"GROSS_PROFIT_QOQ":9.500205507604,"ROA":4.366740476426,"HOLDER_PROFIT_QOQ":-9.888735073992,"ROE_YEARLY":25.504783459763,"ROIC_YEARLY":12.062759543987,"TOTAL_ASSETS":1603354000,"TOTAL_LIABILITIES":1007081000,"TAX_EBT":21.185469911414,"OCF_SALES":7.762809245915,"TOTAL_PARENT_EQUITY":596273000,"DEBT_ASSET_RATIO":62.810895161,"OPERATE_PROFIT":90185000,"PRETAX_PROFIT":78568000,"NETCASH_OPERATE":87714000,"NETCASH_INVEST":-90047000,"NETCASH_FINANCE":124625000,"END_CASH":456707000,"DIVI_RATIO":0.059024520954,"DIVIDEND_RATE":2.131147540984,"CURRENT_RATIO":1.33819223755,"COMMON_ACS":10000000000,"CURRENTDEBT_DEBT":84.176148691118,"ISSUED_COMMON_SHARES":2032890585,"HK_COMMON_SHARES":2032890585,"PER_SHARES":4000,"TOTAL_MARKET_CAP":372018977.055,"HKSK_MARKET_CAP":372018977.055,"PE_TTM":7.204732767675,"PB_TTM":0.526651424496,"REPORT_DATE_SQ":"2021-06-30 00:00:00","REPORT_TYPE_SQ":"2021年中报","OPERATE_INCOME_SQ":847044000,"DPS_HKD":0.0039,"OPERATE_INCOME_QOQ_SQ":10.280890407517,"NET_PROFIT_RATIO_SQ":8.887495809,"HOLDER_PROFIT_SQ":75281000,"HOLDER_PROFIT_QOQ_SQ":36.253671584686,"ROE_AVG_SQ":37.171488740813,"PE_TTM_SQ":20.247773420766,"PB_TTM_SQ":0.820567462664,"ROA_SQ":6.359879224727,"START_DATE":"2022-01-01 00:00:00","FISCAL_YEAR":"12-31","CURRENCY":"HKD","IS_CNY_CODE":0,"DPS_HKD_LY":null,"ORG_TYPE":"一般企业","PREMIUM_INCOME":null,"PREMIUM_INCOME_YOY":null,"NET_INTEREST_INCOME":null,"NET_INTEREST_INCOME_YOY":null,"FEE_COMMISSION_INCOME":null,"FEE_COMMISSION_INCOME_YOY":null,"ACCOUNTS_RECE_TDAYS":5.064843203701,"INVENTORY_TDAYS":17.607270269255,"CURRENT_ASSETS_TDAYS":1.074384613044,"TOTAL_ASSETS_TDAYS":0.796811136341,"PREMIUM_EXPENSE":null,"LOAN_DEPOSIT":null,"LOAN_EQUITY":null,"LOAN_ASSETS":null,"DEPOSIT_EQUITY":null,"DEPOSIT_ASSETS":null,"EQUITY_MULTIPLIER":2.688959587302,"EQUITY_RATIO":1.688959587303},{"SECUCODE":"06833.HK","SECURITY_CODE":"06833","SECURITY_NAME_ABBR":"兴科蓉医药","ORG_CODE":"10489704","STD_REPORT_DATE":"2021-12-31 00:00:00","REPORT_DATE":"2021-12-31 00:00:00","DATE_TYPE_CODE":"001","REPORT_TYPE":"2021年年报","PER_NETCASH_OPERATE":0.163230037274,"PER_OI":1.080711823857,"BPS":0.184410318374,"BASIC_EPS":0.078,"DILUTED_EPS":0.078,"OPERATE_INCOME":2024055000,"OPERATE_INCOME_YOY":-1.2561207101,"GROSS_PROFIT":364950000,"GROSS_PROFIT_YOY":33.278067093702,"HOLDER_PROFIT":135083000,"HOLDER_PROFIT_YOY":14.3443629007,"GROSS_PROFIT_RATIO":18.030636519265,"EPS_TTM":0.072125409291,"OPERATE_INCOME_QOQ":-10.46147802672,"NET_PROFIT_RATIO":6.6738799094,"ROE_AVG":50.010088426446,"GROSS_PROFIT_QOQ":13.066727803355,"ROA":10.872663159771,"HOLDER_PROFIT_QOQ":-16.079793248264,"ROE_YEARLY":50.010088426446,"ROIC_YEARLY":13.401689559554,"TOTAL_ASSETS":1232766000,"TOTAL_LIABILITIES":857880000,"TAX_EBT":19.29898976623,"OCF_SALES":15.103937393006,"TOTAL_PARENT_EQUITY":374886000,"DEBT_ASSET_RATIO":69.5898491685,"OPERATE_PROFIT":196551000,"PRETAX_PROFIT":167387000,"NETCASH_OPERATE":305712000,"NETCASH_INVEST":-22727000,"NETCASH_FINANCE":-97108000,"END_CASH":326052000,"DIVI_RATIO":0.04900156595,"DIVIDEND_RATE":2.131147540984,"CURRENT_RATIO":1.335348576972,"COMMON_ACS":10000000000,"CURRENTDEBT_DEBT":84.584790413578,"ISSUED_COMMON_SHARES":2032890585,"HK_COMMON_SHARES":2032890585,"PER_SHARES":4000,"TOTAL_MARKET_CAP":372018977.055,"HKSK_MARKET_CAP":372018977.055,"PE_TTM":7.204732767675,"PB_TTM":0.526651424496,"REPORT_DATE_SQ":"2020-12-31 00:00:00","REPORT_TYPE_SQ":"2020年年报","OPERATE_INCOME_SQ":2049803000,"DPS_HKD":0.0039,"OPERATE_INCOME_QOQ_SQ":60.4826372415,"NET_PROFIT_RATIO_SQ":5.7633343302,"HOLDER_PROFIT_SQ":118137000,"HOLDER_PROFIT_QOQ_SQ":194.290411777894,"ROE_AVG_SQ":111.168408324198,"PE_TTM_SQ":20.247773420766,"PB_TTM_SQ":0.820567462664,"ROA_SQ":11.718905771217,"START_DATE":"2021-01-01 00:00:00","FISCAL_YEAR":"12-31","CURRENCY":"HKD","IS_CNY_CODE":0,"DPS_HKD_LY":null,"ORG_TYPE":"一般企业","PREMIUM_INCOME":null,"PREMIUM_INCOME_YOY":null,"NET_INTEREST_INCOME":null,"NET_INTEREST_INCOME_YOY":null,"FEE_COMMISSION_INCOME":null,"FEE_COMMISSION_INCOME_YOY":null,"ACCOUNTS_RECE_TDAYS":5.109392039258,"INVENTORY_TDAYS":10.921235818597,"CURRENT_ASSETS_TDAYS":2.049983187354,"TOTAL_ASSETS_TDAYS":1.629136770123,"PREMIUM_EXPENSE":null,"LOAN_DEPOSIT":null,"LOAN_EQUITY":null,"LOAN_ASSETS":null,"DEPOSIT_EQUITY":null,"DEPOSIT_ASSETS":null,"EQUITY_MULTIPLIER":3.288375666207,"EQUITY_RATIO":2.288375666203},{"SECUCODE":"06833.HK","SECURITY_CODE":"06833","SECURITY_NAME_ABBR":"兴科蓉医药","ORG_CODE":"10489704","STD_REPORT_DATE":"2021-06-30 00:00:00","REPORT_DATE":"2021-06-30 00:00:00","DATE_TYPE_CODE":"002","REPORT_TYPE":"2021年中报","PER_NETCASH_OPERATE":0.048273216202,"PER_OI":0.500649396308,"BPS":0.117915839529,"BASIC_EPS":0.0445,"DILUTED_EPS":0.0445,"OPERATE_INCOME":847044000,"OPERATE_INCOME_YOY":33.1189710611,"GROSS_PROFIT":157527000,"GROSS_PROFIT_YOY":45.080540435996,"HOLDER_PROFIT":75281000,"HOLDER_PROFIT_YOY":131.9764575373,"GROSS_PROFIT_RATIO":18.597262952102,"EPS_TTM":0.095139722052,"OPERATE_INCOME_QOQ":10.280890407517,"NET_PROFIT_RATIO":8.887495809,"ROE_AVG":37.171488740813,"GROSS_PROFIT_QOQ":17.875585225654,"ROA":6.359879224727,"HOLDER_PROFIT_QOQ":36.253671584686,"ROE_YEARLY":74.342977481626,"ROIC_YEARLY":15.382988516551,"TOTAL_ASSETS":1115319000,"TOTAL_LIABILITIES":875609000,"TAX_EBT":17.890798830767,"OCF_SALES":9.642120125991,"TOTAL_PARENT_EQUITY":239710000,"DEBT_ASSET_RATIO":78.5074942685,"OPERATE_PROFIT":106509000,"PRETAX_PROFIT":91684000,"NETCASH_OPERATE":81673000,"NETCASH_INVEST":-1635000,"NETCASH_FINANCE":44825000,"END_CASH":267002000,"DIVI_RATIO":0.037148079937,"DIVIDEND_RATE":2.131147540984,"CURRENT_RATIO":1.236683565599,"COMMON_ACS":10000000000,"CURRENTDEBT_DEBT":80.37742873817,"ISSUED_COMMON_SHARES":2032890585,"HK_COMMON_SHARES":2032890585,"PER_SHARES":4000,"TOTAL_MARKET_CAP":372018977.055,"HKSK_MARKET_CAP":372018977.055,"PE_TTM":7.204732767675,"PB_TTM":0.526651424496,"REPORT_DATE_SQ":"2020-06-30 00:00:00","REPORT_TYPE_SQ":"2020年中报","OPERATE_INCOME_SQ":636306000,"DPS_HKD":0.0039,"OPERATE_INCOME_QOQ_SQ":8.573973847531,"NET_PROFIT_RATIO_SQ":5.1000619199,"HOLDER_PROFIT_SQ":32452000,"HOLDER_PROFIT_QOQ_SQ":75.312254345358,"ROE_AVG_SQ":51.165137325387,"PE_TTM_SQ":20.247773420766,"PB_TTM_SQ":0.820567462664,"ROA_SQ":4.428611296289,"START_DATE":"2021-01-01 00:00:00","FISCAL_YEAR":"12-31","CURRENCY":"HKD","IS_CNY_CODE":0,"DPS_HKD_LY":null,"ORG_TYPE":"一般企业","PREMIUM_INCOME":null,"PREMIUM_INCOME_YOY":null,"NET_INTEREST_INCOME":null,"NET_INTEREST_INCOME_YOY":null,"FEE_COMMISSION_INCOME":null,"FEE_COMMISSION_INCOME_YOY":null,"ACCOUNTS_RECE_TDAYS":1.932068620228,"INVENTORY_TDAYS":4.02515440567,"CURRENT_ASSETS_TDAYS":0.902986256026,"TOTAL_ASSETS_TDAYS":0.715598562457,"PREMIUM_EXPENSE":null,"LOAN_DEPOSIT":null,"LOAN_EQUITY":null,"LOAN_ASSETS":null,"DEPOSIT_EQUITY":null,"DEPOSIT_ASSETS":null,"EQUITY_MULTIPLIER":4.652784614752,"EQUITY_RATIO":3.652784614743},{"SECUCODE":"06833.HK","SECURITY_CODE":"06833","SECURITY_NAME_ABBR":"兴科蓉医药","ORG_CODE":"10489704","STD_REPORT_DATE":"2020-12-31 00:00:00","REPORT_DATE":"2020-12-31 00:00:00","DATE_TYPE_CODE":"001","REPORT_TYPE":"2020年年报","PER_NETCASH_OPERATE":0.081151819874,"PER_OI":1.211545840005,"BPS":0.081330988111,"BASIC_EPS":0.07,"DILUTED_EPS":0.07,"OPERATE_INCOME":2049803000,"OPERATE_INCOME_YOY":74.2423765884,"GROSS_PROFIT":273826000,"GROSS_PROFIT_YOY":24.552984575637,"HOLDER_PROFIT":118137000,"HOLDER_PROFIT_YOY":401.6007133152,"GROSS_PROFIT_RATIO":13.358649587302,"EPS_TTM":0.069825437323,"OPERATE_INCOME_QOQ":60.4826372415,"NET_PROFIT_RATIO":5.7633343302,"ROE_AVG":111.168408324198,"GROSS_PROFIT_QOQ":17.175892643182,"ROA":11.718905771217,"HOLDER_PROFIT_QOQ":194.290411777894,"ROE_YEARLY":111.168408324198,"ROIC_YEARLY":14.280913450438,"TOTAL_ASSETS":1252053000,"TOTAL_LIABILITIES":1087624000,"TAX_EBT":13.105807068515,"OCF_SALES":6.69820465674,"TOTAL_PARENT_EQUITY":165337000,"DEBT_ASSET_RATIO":86.8672492299,"OPERATE_PROFIT":144752000,"PRETAX_PROFIT":135955000,"NETCASH_OPERATE":137300000,"NETCASH_INVEST":-46842000,"NETCASH_FINANCE":-169875000,"END_CASH":143765000,"DIVI_RATIO":0.050615622838,"DIVIDEND_RATE":2.131147540984,"CURRENT_RATIO":1.01507277504,"COMMON_ACS":10000000000,"CURRENTDEBT_DEBT":91.09701514494,"ISSUED_COMMON_SHARES":2032890585,"HK_COMMON_SHARES":2032890585,"PER_SHARES":4000,"TOTAL_MARKET_CAP":372018977.055,"HKSK_MARKET_CAP":372018977.055,"PE_TTM":7.204732767675,"PB_TTM":0.526651424496,"REPORT_DATE_SQ":"2019-12-31 00:00:00","REPORT_TYPE_SQ":"2019年年报","OPERATE_INCOME_SQ":1176409000,"DPS_HKD":0.0039,"OPERATE_INCOME_QOQ_SQ":28.639021808543,"NET_PROFIT_RATIO_SQ":1.9462618868,"HOLDER_PROFIT_SQ":23552000,"HOLDER_PROFIT_QOQ_SQ":110.568096330381,"ROE_AVG_SQ":65.259707873174,"PE_TTM_SQ":20.247773420766,"PB_TTM_SQ":0.820567462664,"ROA_SQ":3.328471015425,"START_DATE":"2020-01-01 00:00:00","FISCAL_YEAR":"12-31","CURRENCY":"HKD","IS_CNY_CODE":0,"DPS_HKD_LY":null,"ORG_TYPE":"一般企业","PREMIUM_INCOME":null,"PREMIUM_INCOME_YOY":null,"NET_INTEREST_INCOME":null,"NET_INTEREST_INCOME_YOY":null,"FEE_COMMISSION_INCOME":null,"FEE_COMMISSION_INCOME_YOY":null,"ACCOUNTS_RECE_TDAYS":6.727315690757,"INVENTORY_TDAYS":7.197125165139,"CURRENT_ASSETS_TDAYS":2.627524749175,"TOTAL_ASSETS_TDAYS":2.033355189869,"PREMIUM_EXPENSE":null,"LOAN_DEPOSIT":null,"LOAN_EQUITY":null,"LOAN_ASSETS":null,"DEPOSIT_EQUITY":null,"DEPOSIT_ASSETS":null,"EQUITY_MULTIPLIER":7.614550961226,"EQUITY_RATIO":6.578225079686},{"SECUCODE":"06833.HK","SECURITY_CODE":"06833","SECURITY_NAME_ABBR":"兴科蓉医药","ORG_CODE":"10489704","STD_REPORT_DATE":"2020-06-30 00:00:00","REPORT_DATE":"2020-06-30 00:00:00","DATE_TYPE_CODE":"002","REPORT_TYPE":"2020年中报","PER_NETCASH_OPERATE":-0.052441334438,"PER_OI":0.376091696261,"BPS":0.039181646365,"BASIC_EPS":0.019,"DILUTED_EPS":0.019,"OPERATE_INCOME":636306000,"OPERATE_INCOME_YOY":18.837743094,"GROSS_PROFIT":108579000,"GROSS_PROFIT_YOY":19.413375565014,"HOLDER_PROFIT":32452000,"HOLDER_PROFIT_YOY":113.4017228908,"GROSS_PROFIT_RATIO":17.06395979293,"EPS_TTM":0.023726711618,"OPERATE_INCOME_QOQ":8.573973847531,"NET_PROFIT_RATIO":5.1000619199,"ROE_AVG":51.165137325387,"GROSS_PROFIT_QOQ":8.170860412154,"ROA":4.428611296289,"HOLDER_PROFIT_QOQ":75.312254345358,"ROE_YEARLY":102.330274650774,"ROIC_YEARLY":11.174757966905,"TOTAL_ASSETS":701436000,"TOTAL_LIABILITIES":622692000,"TAX_EBT":-7.578068023603,"OCF_SALES":-13.943762906526,"TOTAL_PARENT_EQUITY":79652000,"DEBT_ASSET_RATIO":88.7738867124,"OPERATE_PROFIT":35147000,"PRETAX_PROFIT":30166000,"NETCASH_OPERATE":-88725000,"NETCASH_INVEST":2347000,"NETCASH_FINANCE":-52224000,"END_CASH":86004000,"DIVI_RATIO":0.148956924873,"DIVIDEND_RATE":2.131147540984,"CURRENT_RATIO":0.868252539807,"COMMON_ACS":10000000000,"CURRENTDEBT_DEBT":92.616735079301,"ISSUED_COMMON_SHARES":2032890585,"HK_COMMON_SHARES":2032890585,"PER_SHARES":4000,"TOTAL_MARKET_CAP":372018977.055,"HKSK_MARKET_CAP":372018977.055,"PE_TTM":7.204732767675,"PB_TTM":0.526651424496,"REPORT_DATE_SQ":"2019-06-30 00:00:00","REPORT_TYPE_SQ":"2019年中报","OPERATE_INCOME_SQ":535441000,"DPS_HKD":0.0039,"OPERATE_INCOME_QOQ_SQ":-4.035124355034,"NET_PROFIT_RATIO_SQ":2.839902062,"HOLDER_PROFIT_SQ":15207000,"HOLDER_PROFIT_QOQ_SQ":22.786817478814,"ROE_AVG_SQ":48.72867099255,"PE_TTM_SQ":20.247773420766,"PB_TTM_SQ":0.820567462664,"ROA_SQ":3.063737711656,"START_DATE":"2020-01-01 00:00:00","FISCAL_YEAR":"12-31","CURRENCY":"HKD","IS_CNY_CODE":0,"DPS_HKD_LY":null,"ORG_TYPE":"一般企业","PREMIUM_INCOME":null,"PREMIUM_INCOME_YOY":null,"NET_INTEREST_INCOME":null,"NET_INTEREST_INCOME_YOY":null,"FEE_COMMISSION_INCOME":null,"FEE_COMMISSION_INCOME_YOY":null,"ACCOUNTS_RECE_TDAYS":9.981505447187,"INVENTORY_TDAYS":2.032842771874,"CURRENT_ASSETS_TDAYS":1.205966664234,"TOTAL_ASSETS_TDAYS":0.868344613428,"PREMIUM_EXPENSE":null,"LOAN_DEPOSIT":null,"LOAN_EQUITY":null,"LOAN_ASSETS":null,"DEPOSIT_EQUITY":null,"DEPOSIT_ASSETS":null,"EQUITY_MULTIPLIER":8.907802499237,"EQUITY_RATIO":7.817656807111}],"count":23},"success":true,"message":"ok","code":0}