{"version":"20d4540390978f120ac37d7b4fea5d67","result":{"pages":4,"data":[{"SECUCODE":"06838.HK","SECURITY_CODE":"06838","SECURITY_NAME_ABBR":"盈利时","ORG_CODE":"10162326","STD_REPORT_DATE":"2024-06-30 00:00:00","REPORT_DATE":"2024-06-30 00:00:00","DATE_TYPE_CODE":"002","REPORT_TYPE":"2024年中报","PER_NETCASH_OPERATE":0.004968021467,"PER_OI":0.490177611,"BPS":1.4946458386,"BASIC_EPS":0.0136902,"DILUTED_EPS":null,"OPERATE_INCOME":294106566.6,"OPERATE_INCOME_YOY":-16.1329193484,"GROSS_PROFIT":62572428.12,"GROSS_PROFIT_YOY":-38.039835778241,"HOLDER_PROFIT":8446853.4,"HOLDER_PROFIT_YOY":-66.9617677507,"GROSS_PROFIT_RATIO":21.275427081879,"EPS_TTM":0.067282005633,"OPERATE_INCOME_QOQ":-8.567280896219,"NET_PROFIT_RATIO":2.8720383559,"ROE_AVG":0.929544914696,"GROSS_PROFIT_QOQ":-18.900330577535,"ROA":0.788762163279,"HOLDER_PROFIT_QOQ":-30.096346043437,"ROE_YEARLY":1.859089829393,"ROIC_YEARLY":2.119385160754,"TOTAL_ASSETS":1053148753.44,"TOTAL_LIABILITIES":156361250.28,"TAX_EBT":26.448382738616,"OCF_SALES":1.013514561902,"TOTAL_PARENT_EQUITY":896787503.16,"DEBT_ASSET_RATIO":14.8470241995,"OPERATE_PROFIT":12912596.64,"PRETAX_PROFIT":11484252.44,"NETCASH_OPERATE":2980812.88,"NETCASH_INVEST":30735411.68,"NETCASH_FINANCE":-17098147.12,"END_CASH":226055320.44,"DIVI_RATIO":0.337204573295,"DIVIDEND_RATE":6.756756756757,"CURRENT_RATIO":3.218344439508,"COMMON_ACS":4000000000,"CURRENTDEBT_DEBT":98.543085786331,"ISSUED_COMMON_SHARES":600000000,"HK_COMMON_SHARES":600000000,"PER_SHARES":2000,"TOTAL_MARKET_CAP":222000000,"HKSK_MARKET_CAP":222000000,"PE_TTM":4.93684397794,"PB_TTM":0.225934192087,"REPORT_DATE_SQ":"2023-06-30 00:00:00","REPORT_TYPE_SQ":"2023年中报","OPERATE_INCOME_SQ":354255141.34,"DPS_HKD":0.025,"OPERATE_INCOME_QOQ_SQ":-11.680630713208,"NET_PROFIT_RATIO_SQ":7.2906283427,"HOLDER_PROFIT_SQ":25827425.74,"HOLDER_PROFIT_QOQ_SQ":-5.556347822243,"ROE_AVG_SQ":2.831779862551,"PE_TTM_SQ":4.629406375078,"PB_TTM_SQ":0.496612173827,"ROA_SQ":2.243180891843,"START_DATE":"2024-01-01 00:00:00","FISCAL_YEAR":"12-31","CURRENCY":"HKD","IS_CNY_CODE":0,"DPS_HKD_LY":0.025,"ORG_TYPE":"一般企业","PREMIUM_INCOME":null,"PREMIUM_INCOME_YOY":null,"NET_INTEREST_INCOME":null,"NET_INTEREST_INCOME_YOY":null,"FEE_COMMISSION_INCOME":null,"FEE_COMMISSION_INCOME_YOY":null,"ACCOUNTS_RECE_TDAYS":1.742481797609,"INVENTORY_TDAYS":3.926754328259,"CURRENT_ASSETS_TDAYS":0.583005114604,"TOTAL_ASSETS_TDAYS":0.274634968456,"PREMIUM_EXPENSE":null,"LOAN_DEPOSIT":null,"LOAN_EQUITY":null,"LOAN_ASSETS":null,"DEPOSIT_EQUITY":null,"DEPOSIT_ASSETS":null,"EQUITY_MULTIPLIER":1.174357079831,"EQUITY_RATIO":0.174357079831},{"SECUCODE":"06838.HK","SECURITY_CODE":"06838","SECURITY_NAME_ABBR":"盈利时","ORG_CODE":"10162326","STD_REPORT_DATE":"2023-12-31 00:00:00","REPORT_DATE":"2023-12-31 00:00:00","DATE_TYPE_CODE":"001","REPORT_TYPE":"2023年年报","PER_NETCASH_OPERATE":0.3243678557,"PER_OI":1.170121836567,"BPS":1.523521960333,"BASIC_EPS":0.09605932,"DILUTED_EPS":null,"OPERATE_INCOME":702073101.94,"OPERATE_INCOME_YOY":-32.6184897396,"GROSS_PROFIT":203254271.36,"GROSS_PROFIT_YOY":-25.538705081074,"HOLDER_PROFIT":57749775.72,"HOLDER_PROFIT_YOY":-43.3022527492,"GROSS_PROFIT_RATIO":28.950585173874,"EPS_TTM":0.0962496262,"OPERATE_INCOME_QOQ":-22.600941852391,"NET_PROFIT_RATIO":8.2256072139,"ROE_AVG":6.307525261873,"GROSS_PROFIT_QOQ":-23.043942855388,"ROA":5.080114682437,"HOLDER_PROFIT_QOQ":-39.096265366274,"ROE_YEARLY":6.307525261873,"ROIC_YEARLY":6.635063194797,"TOTAL_ASSETS":1080945559.54,"TOTAL_LIABILITIES":166832383.34,"TAX_EBT":10.157758948838,"OCF_SALES":27.720861671273,"TOTAL_PARENT_EQUITY":914113176.2,"DEBT_ASSET_RATIO":15.4339302167,"OPERATE_PROFIT":68149556.44,"PRETAX_PROFIT":64279090.82,"NETCASH_OPERATE":194620713.42,"NETCASH_INVEST":-126559060.32,"NETCASH_FINANCE":-102659320.26,"END_CASH":209576968.3,"DIVI_RATIO":0.235718318042,"DIVIDEND_RATE":6.756756756757,"CURRENT_RATIO":3.108067013159,"COMMON_ACS":4000000000,"CURRENTDEBT_DEBT":98.241687805885,"ISSUED_COMMON_SHARES":600000000,"HK_COMMON_SHARES":600000000,"PER_SHARES":2000,"TOTAL_MARKET_CAP":222000000,"HKSK_MARKET_CAP":222000000,"PE_TTM":4.93684397794,"PB_TTM":0.225934192087,"REPORT_DATE_SQ":"2022-12-31 00:00:00","REPORT_TYPE_SQ":"2022年年报","OPERATE_INCOME_SQ":1027047901.74,"DPS_HKD":0.025,"OPERATE_INCOME_QOQ_SQ":-11.513716889915,"NET_PROFIT_RATIO_SQ":9.7755883392,"HOLDER_PROFIT_SQ":100399974.92,"HOLDER_PROFIT_QOQ_SQ":5.885291771185,"ROE_AVG_SQ":11.166886816494,"PE_TTM_SQ":4.340068476636,"PB_TTM_SQ":0.465573912963,"ROA_SQ":7.682244498183,"START_DATE":"2023-01-01 00:00:00","FISCAL_YEAR":"12-31","CURRENCY":"HKD","IS_CNY_CODE":0,"DPS_HKD_LY":0.065,"ORG_TYPE":"一般企业","PREMIUM_INCOME":null,"PREMIUM_INCOME_YOY":null,"NET_INTEREST_INCOME":null,"NET_INTEREST_INCOME_YOY":null,"FEE_COMMISSION_INCOME":null,"FEE_COMMISSION_INCOME_YOY":null,"ACCOUNTS_RECE_TDAYS":3.203667941693,"INVENTORY_TDAYS":7.210881056403,"CURRENT_ASSETS_TDAYS":1.261445751745,"TOTAL_ASSETS_TDAYS":0.617597528102,"PREMIUM_EXPENSE":null,"LOAN_DEPOSIT":null,"LOAN_EQUITY":null,"LOAN_ASSETS":null,"DEPOSIT_EQUITY":null,"DEPOSIT_ASSETS":null,"EQUITY_MULTIPLIER":1.182507360887,"EQUITY_RATIO":0.182507360887},{"SECUCODE":"06838.HK","SECURITY_CODE":"06838","SECURITY_NAME_ABBR":"盈利时","ORG_CODE":"10162326","STD_REPORT_DATE":"2023-06-30 00:00:00","REPORT_DATE":"2023-06-30 00:00:00","DATE_TYPE_CODE":"002","REPORT_TYPE":"2023年中报","PER_NETCASH_OPERATE":0.146464206167,"PER_OI":0.590425235567,"BPS":1.4852314117,"BASIC_EPS":0.04333306,"DILUTED_EPS":null,"OPERATE_INCOME":354255141.34,"OPERATE_INCOME_YOY":-30.7090263489,"GROSS_PROFIT":100988157.32,"GROSS_PROFIT_YOY":-8.056493521771,"HOLDER_PROFIT":25827425.74,"HOLDER_PROFIT_YOY":-23.7201829866,"GROSS_PROFIT_RATIO":28.507181840186,"EPS_TTM":0.158035671833,"OPERATE_INCOME_QOQ":-11.680630713208,"NET_PROFIT_RATIO":7.2906283427,"ROE_AVG":2.831779862551,"GROSS_PROFIT_QOQ":-3.241800994296,"ROA":2.243180891843,"HOLDER_PROFIT_QOQ":-5.556347822243,"ROE_YEARLY":5.663559725101,"ROIC_YEARLY":5.659311965203,"TOTAL_ASSETS":1089393128.4,"TOTAL_LIABILITIES":198254281.38,"TAX_EBT":13.159526319053,"OCF_SALES":24.806562684621,"TOTAL_PARENT_EQUITY":891138847.02,"DEBT_ASSET_RATIO":18.1985984868,"OPERATE_PROFIT":31842423.26,"PRETAX_PROFIT":29741230.84,"NETCASH_OPERATE":87878523.7,"NETCASH_INVEST":-32262846.14,"NETCASH_FINANCE":-75183781.08,"END_CASH":227601826.76,"DIVI_RATIO":0.143561258903,"DIVIDEND_RATE":6.756756756757,"CURRENT_RATIO":2.642321333738,"COMMON_ACS":4000000000,"CURRENTDEBT_DEBT":98.077021452721,"ISSUED_COMMON_SHARES":600000000,"HK_COMMON_SHARES":600000000,"PER_SHARES":2000,"TOTAL_MARKET_CAP":222000000,"HKSK_MARKET_CAP":222000000,"PE_TTM":4.93684397794,"PB_TTM":0.225934192087,"REPORT_DATE_SQ":"2022-06-30 00:00:00","REPORT_TYPE_SQ":"2022年中报","OPERATE_INCOME_SQ":474220813.99,"DPS_HKD":0.025,"OPERATE_INCOME_QOQ_SQ":2.491691023703,"NET_PROFIT_RATIO_SQ":6.6226527039,"HOLDER_PROFIT_SQ":31405997.56,"HOLDER_PROFIT_QOQ_SQ":22.828086847922,"ROE_AVG_SQ":3.713649360269,"PE_TTM_SQ":4.340068476636,"PB_TTM_SQ":0.465573912963,"ROA_SQ":2.496797756934,"START_DATE":"2023-01-01 00:00:00","FISCAL_YEAR":"12-31","CURRENCY":"HKD","IS_CNY_CODE":0,"DPS_HKD_LY":0.065,"ORG_TYPE":"一般企业","PREMIUM_INCOME":null,"PREMIUM_INCOME_YOY":null,"NET_INTEREST_INCOME":null,"NET_INTEREST_INCOME_YOY":null,"FEE_COMMISSION_INCOME":null,"FEE_COMMISSION_INCOME_YOY":null,"ACCOUNTS_RECE_TDAYS":1.399837513298,"INVENTORY_TDAYS":3.538157369363,"CURRENT_ASSETS_TDAYS":0.628115993677,"TOTAL_ASSETS_TDAYS":0.30768004984,"PREMIUM_EXPENSE":null,"LOAN_DEPOSIT":null,"LOAN_EQUITY":null,"LOAN_ASSETS":null,"DEPOSIT_EQUITY":null,"DEPOSIT_ASSETS":null,"EQUITY_MULTIPLIER":1.222472942397,"EQUITY_RATIO":0.222472942396},{"SECUCODE":"06838.HK","SECURITY_CODE":"06838","SECURITY_NAME_ABBR":"盈利时","ORG_CODE":"10162326","STD_REPORT_DATE":"2022-12-31 00:00:00","REPORT_DATE":"2022-12-31 00:00:00","DATE_TYPE_CODE":"001","REPORT_TYPE":"2022年年报","PER_NETCASH_OPERATE":0.471073378417,"PER_OI":1.7117465029,"BPS":1.5065355858,"BASIC_EPS":0.16704149,"DILUTED_EPS":null,"OPERATE_INCOME":1027047901.74,"OPERATE_INCOME_YOY":-16.9914656783,"GROSS_PROFIT":272966339.87,"GROSS_PROFIT_YOY":12.373549787483,"HOLDER_PROFIT":100399974.92,"HOLDER_PROFIT_YOY":19.0396000805,"GROSS_PROFIT_RATIO":26.577761310602,"EPS_TTM":0.167333291533,"OPERATE_INCOME_QOQ":-11.513716889915,"NET_PROFIT_RATIO":9.7755883392,"ROE_AVG":11.166886816494,"GROSS_PROFIT_QOQ":1.838398447181,"ROA":7.682244498183,"HOLDER_PROFIT_QOQ":5.885291771185,"ROE_YEARLY":11.166886816494,"ROIC_YEARLY":9.181449544342,"TOTAL_ASSETS":1175573691.18,"TOTAL_LIABILITIES":271652339.7,"TAX_EBT":11.405036850195,"OCF_SALES":27.520043278522,"TOTAL_PARENT_EQUITY":903921351.48,"DEBT_ASSET_RATIO":23.1080655971,"OPERATE_PROFIT":118486905.88,"PRETAX_PROFIT":113324698.55,"NETCASH_OPERATE":282644027.05,"NETCASH_INVEST":-67695573.68,"NETCASH_FINANCE":-145075087.43,"END_CASH":241892156.38,"DIVI_RATIO":0.135584496021,"DIVIDEND_RATE":6.756756756757,"CURRENT_RATIO":2.210351165908,"COMMON_ACS":4000000000,"CURRENTDEBT_DEBT":99.107559764559,"ISSUED_COMMON_SHARES":600000000,"HK_COMMON_SHARES":600000000,"PER_SHARES":2000,"TOTAL_MARKET_CAP":222000000,"HKSK_MARKET_CAP":222000000,"PE_TTM":4.93684397794,"PB_TTM":0.225934192087,"REPORT_DATE_SQ":"2021-12-31 00:00:00","REPORT_TYPE_SQ":"2021年年报","OPERATE_INCOME_SQ":1132468388.8,"DPS_HKD":0.025,"OPERATE_INCOME_QOQ_SQ":16.919383148088,"NET_PROFIT_RATIO_SQ":6.8167001537,"HOLDER_PROFIT_SQ":77196974.4,"HOLDER_PROFIT_QOQ_SQ":23.57253631915,"ROE_AVG_SQ":9.933880393425,"PE_TTM_SQ":4.340068476636,"PB_TTM_SQ":0.465573912963,"ROA_SQ":6.639994824097,"START_DATE":"2022-01-01 00:00:00","FISCAL_YEAR":"12-31","CURRENCY":"HKD","IS_CNY_CODE":0,"DPS_HKD_LY":0.04,"ORG_TYPE":"一般企业","PREMIUM_INCOME":null,"PREMIUM_INCOME_YOY":null,"NET_INTEREST_INCOME":null,"NET_INTEREST_INCOME_YOY":null,"FEE_COMMISSION_INCOME":null,"FEE_COMMISSION_INCOME_YOY":null,"ACCOUNTS_RECE_TDAYS":2.662610940965,"INVENTORY_TDAYS":7.438340654064,"CURRENT_ASSETS_TDAYS":1.458060049001,"TOTAL_ASSETS_TDAYS":0.785860066081,"PREMIUM_EXPENSE":null,"LOAN_DEPOSIT":null,"LOAN_EQUITY":null,"LOAN_ASSETS":null,"DEPOSIT_EQUITY":null,"DEPOSIT_ASSETS":null,"EQUITY_MULTIPLIER":1.300526521755,"EQUITY_RATIO":0.300526521755},{"SECUCODE":"06838.HK","SECURITY_CODE":"06838","SECURITY_NAME_ABBR":"盈利时","ORG_CODE":"10162326","STD_REPORT_DATE":"2022-06-30 00:00:00","REPORT_DATE":"2022-06-30 00:00:00","DATE_TYPE_CODE":"002","REPORT_TYPE":"2022年中报","PER_NETCASH_OPERATE":0.304446214683,"PER_OI":0.790368023317,"BPS":1.3920868339,"BASIC_EPS":0.05216659,"DILUTED_EPS":null,"OPERATE_INCOME":474220813.99,"OPERATE_INCOME_YOY":3.4534803455,"GROSS_PROFIT":109837182.84,"GROSS_PROFIT_YOY":29.665287023793,"HOLDER_PROFIT":31405997.56,"HOLDER_PROFIT_YOY":121.6963477211,"GROSS_PROFIT_RATIO":23.161611553034,"EPS_TTM":0.158032611267,"OPERATE_INCOME_QOQ":2.491691023703,"NET_PROFIT_RATIO":6.6226527039,"ROE_AVG":3.713649360269,"GROSS_PROFIT_QOQ":10.344969580179,"ROA":2.496797756934,"HOLDER_PROFIT_QOQ":22.828086847922,"ROE_YEARLY":7.427298720538,"ROIC_YEARLY":5.885805846459,"TOTAL_ASSETS":1138769293.62,"TOTAL_LIABILITIES":303517193.28,"TAX_EBT":15.899878626881,"OCF_SALES":38.519551108074,"TOTAL_PARENT_EQUITY":835252100.34,"DEBT_ASSET_RATIO":26.6530889953,"OPERATE_PROFIT":40258069.25,"PRETAX_PROFIT":37343581.73,"NETCASH_OPERATE":182667728.81,"NETCASH_INVEST":-32400583.53,"NETCASH_FINANCE":-122198099.1,"END_CASH":204321139.61,"DIVI_RATIO":0.143564039208,"DIVIDEND_RATE":6.756756756757,"CURRENT_RATIO":1.874369447159,"COMMON_ACS":4000000000,"CURRENTDEBT_DEBT":99.19980164097,"ISSUED_COMMON_SHARES":600000000,"HK_COMMON_SHARES":600000000,"PER_SHARES":2000,"TOTAL_MARKET_CAP":222000000,"HKSK_MARKET_CAP":222000000,"PE_TTM":4.93684397794,"PB_TTM":0.225934192087,"REPORT_DATE_SQ":"2021-06-30 00:00:00","REPORT_TYPE_SQ":"2021年中报","OPERATE_INCOME_SQ":446003200.8,"DPS_HKD":0.025,"OPERATE_INCOME_QOQ_SQ":-3.082650033038,"NET_PROFIT_RATIO_SQ":3.0904274174,"HOLDER_PROFIT_SQ":13783405.2,"HOLDER_PROFIT_QOQ_SQ":-22.750379164548,"ROE_AVG_SQ":1.831877544543,"PE_TTM_SQ":4.340068476636,"PB_TTM_SQ":0.465573912963,"ROA_SQ":1.319783082317,"START_DATE":"2022-01-01 00:00:00","FISCAL_YEAR":"12-31","CURRENCY":"HKD","IS_CNY_CODE":0,"DPS_HKD_LY":0.04,"ORG_TYPE":"一般企业","PREMIUM_INCOME":null,"PREMIUM_INCOME_YOY":null,"NET_INTEREST_INCOME":null,"NET_INTEREST_INCOME_YOY":null,"FEE_COMMISSION_INCOME":null,"FEE_COMMISSION_INCOME_YOY":null,"ACCOUNTS_RECE_TDAYS":1.325861448541,"INVENTORY_TDAYS":3.123046195005,"CURRENT_ASSETS_TDAYS":0.706021132723,"TOTAL_ASSETS_TDAYS":0.377008710645,"PREMIUM_EXPENSE":null,"LOAN_DEPOSIT":null,"LOAN_EQUITY":null,"LOAN_ASSETS":null,"DEPOSIT_EQUITY":null,"DEPOSIT_ASSETS":null,"EQUITY_MULTIPLIER":1.363383933014,"EQUITY_RATIO":0.363383933014},{"SECUCODE":"06838.HK","SECURITY_CODE":"06838","SECURITY_NAME_ABBR":"盈利时","ORG_CODE":"10162326","STD_REPORT_DATE":"2021-12-31 00:00:00","REPORT_DATE":"2021-12-31 00:00:00","DATE_TYPE_CODE":"001","REPORT_TYPE":"2021年年报","PER_NETCASH_OPERATE":-0.021143136,"PER_OI":1.887447314667,"BPS":1.364164237333,"BASIC_EPS":0.1283632,"DILUTED_EPS":null,"OPERATE_INCOME":1132468388.8,"OPERATE_INCOME_YOY":16.6469884794,"GROSS_PROFIT":242909777.6,"GROSS_PROFIT_YOY":20.17555747535,"HOLDER_PROFIT":77196974.4,"HOLDER_PROFIT_YOY":-1.7338814591,"GROSS_PROFIT_RATIO":21.449585701672,"EPS_TTM":0.128661624,"OPERATE_INCOME_QOQ":16.919383148088,"NET_PROFIT_RATIO":6.8167001537,"ROE_AVG":9.933880393425,"GROSS_PROFIT_QOQ":21.770625834333,"ROA":6.639994824097,"HOLDER_PROFIT_QOQ":23.57253631915,"ROE_YEARLY":9.933880393425,"ROIC_YEARLY":7.669146183174,"TOTAL_ASSETS":1316409584,"TOTAL_LIABILITIES":497911041.6,"TAX_EBT":10.758775826544,"OCF_SALES":-1.120197413496,"TOTAL_PARENT_EQUITY":818498542.4,"DEBT_ASSET_RATIO":37.823413598,"OPERATE_PROFIT":90375051.2,"PRETAX_PROFIT":86503715.2,"NETCASH_OPERATE":-12685881.6,"NETCASH_INVEST":-91237619.2,"NETCASH_FINANCE":127748364.8,"END_CASH":169244835.2,"DIVI_RATIO":0.176336962761,"DIVIDEND_RATE":6.756756756757,"CURRENT_RATIO":1.506780272203,"COMMON_ACS":4000000000,"CURRENTDEBT_DEBT":99.270432567969,"ISSUED_COMMON_SHARES":600000000,"HK_COMMON_SHARES":600000000,"PER_SHARES":2000,"TOTAL_MARKET_CAP":222000000,"HKSK_MARKET_CAP":222000000,"PE_TTM":4.93684397794,"PB_TTM":0.225934192087,"REPORT_DATE_SQ":"2020-12-31 00:00:00","REPORT_TYPE_SQ":"2020年年报","OPERATE_INCOME_SQ":999397001.6,"DPS_HKD":0.025,"OPERATE_INCOME_QOQ_SQ":-12.339526278958,"NET_PROFIT_RATIO_SQ":8.0917772687,"HOLDER_PROFIT_SQ":80868979.4,"HOLDER_PROFIT_QOQ_SQ":-25.969910686128,"ROE_AVG_SQ":11.574525804019,"PE_TTM_SQ":4.340068476636,"PB_TTM_SQ":0.465573912963,"ROA_SQ":8.196168951034,"START_DATE":"2021-01-01 00:00:00","FISCAL_YEAR":"12-31","CURRENCY":"HKD","IS_CNY_CODE":0,"DPS_HKD_LY":0.035,"ORG_TYPE":"一般企业","PREMIUM_INCOME":null,"PREMIUM_INCOME_YOY":null,"NET_INTEREST_INCOME":null,"NET_INTEREST_INCOME_YOY":null,"FEE_COMMISSION_INCOME":null,"FEE_COMMISSION_INCOME_YOY":null,"ACCOUNTS_RECE_TDAYS":3.203769731356,"INVENTORY_TDAYS":8.609562998279,"CURRENT_ASSETS_TDAYS":1.833106915675,"TOTAL_ASSETS_TDAYS":0.974077585104,"PREMIUM_EXPENSE":null,"LOAN_DEPOSIT":null,"LOAN_EQUITY":null,"LOAN_ASSETS":null,"DEPOSIT_EQUITY":null,"DEPOSIT_ASSETS":null,"EQUITY_MULTIPLIER":1.608322453624,"EQUITY_RATIO":0.608322453623},{"SECUCODE":"06838.HK","SECURITY_CODE":"06838","SECURITY_NAME_ABBR":"盈利时","ORG_CODE":"10162326","STD_REPORT_DATE":"2021-06-30 00:00:00","REPORT_DATE":"2021-06-30 00:00:00","DATE_TYPE_CODE":"002","REPORT_TYPE":"2021年中报","PER_NETCASH_OPERATE":-0.01348663,"PER_OI":0.743338668,"BPS":1.2601532636,"BASIC_EPS":0.02329824,"DILUTED_EPS":null,"OPERATE_INCOME":446003200.8,"OPERATE_INCOME_YOY":2.6848916177,"GROSS_PROFIT":84708240.24,"GROSS_PROFIT_YOY":-3.030911575201,"HOLDER_PROFIT":13783405.2,"HOLDER_PROFIT_YOY":-52.9817490278,"GROSS_PROFIT_RATIO":18.992742672711,"EPS_TTM":0.104118299933,"OPERATE_INCOME_QOQ":-3.082650033038,"NET_PROFIT_RATIO":3.0904274174,"ROE_AVG":1.831877544543,"GROSS_PROFIT_QOQ":-1.309895837403,"ROA":1.319783082317,"HOLDER_PROFIT_QOQ":-22.750379164548,"ROE_YEARLY":3.663755089086,"ROIC_YEARLY":3.047857713895,"TOTAL_ASSETS":1062069408.24,"TOTAL_LIABILITIES":305977450.08,"TAX_EBT":23.853084490209,"OCF_SALES":-1.814331822168,"TOTAL_PARENT_EQUITY":756091958.16,"DEBT_ASSET_RATIO":28.8095530957,"OPERATE_PROFIT":19483985.28,"PRETAX_PROFIT":18101068.32,"NETCASH_OPERATE":-8091978,"NETCASH_INVEST":-57485078.88,"NETCASH_FINANCE":54358122.24,"END_CASH":134494914.96,"DIVI_RATIO":0.217904057351,"DIVIDEND_RATE":6.756756756757,"CURRENT_RATIO":1.626476368404,"COMMON_ACS":4000000000,"CURRENTDEBT_DEBT":98.107558345072,"ISSUED_COMMON_SHARES":600000000,"HK_COMMON_SHARES":600000000,"PER_SHARES":2000,"TOTAL_MARKET_CAP":222000000,"HKSK_MARKET_CAP":222000000,"PE_TTM":4.93684397794,"PB_TTM":0.225934192087,"REPORT_DATE_SQ":"2020-06-30 00:00:00","REPORT_TYPE_SQ":"2020年中报","OPERATE_INCOME_SQ":476811112.8,"DPS_HKD":0.025,"OPERATE_INCOME_QOQ_SQ":5.154444552643,"NET_PROFIT_RATIO_SQ":6.7492983649,"HOLDER_PROFIT_SQ":32181404.64,"HOLDER_PROFIT_QOQ_SQ":-11.88521436923,"ROE_AVG_SQ":4.613691260754,"PE_TTM_SQ":4.340068476636,"PB_TTM_SQ":0.465573912963,"ROA_SQ":3.229946798611,"START_DATE":"2021-01-01 00:00:00","FISCAL_YEAR":"12-31","CURRENCY":"HKD","IS_CNY_CODE":0,"DPS_HKD_LY":0.035,"ORG_TYPE":"一般企业","PREMIUM_INCOME":null,"PREMIUM_INCOME_YOY":null,"NET_INTEREST_INCOME":null,"NET_INTEREST_INCOME_YOY":null,"FEE_COMMISSION_INCOME":null,"FEE_COMMISSION_INCOME_YOY":null,"ACCOUNTS_RECE_TDAYS":1.844643321122,"INVENTORY_TDAYS":3.29535114049,"CURRENT_ASSETS_TDAYS":0.903075369163,"TOTAL_ASSETS_TDAYS":0.427055194659,"PREMIUM_EXPENSE":null,"LOAN_DEPOSIT":null,"LOAN_EQUITY":null,"LOAN_ASSETS":null,"DEPOSIT_EQUITY":null,"DEPOSIT_ASSETS":null,"EQUITY_MULTIPLIER":1.404682852103,"EQUITY_RATIO":0.404682852103},{"SECUCODE":"06838.HK","SECURITY_CODE":"06838","SECURITY_NAME_ABBR":"盈利时","ORG_CODE":"10162326","STD_REPORT_DATE":"2020-12-31 00:00:00","REPORT_DATE":"2020-12-31 00:00:00","DATE_TYPE_CODE":"001","REPORT_TYPE":"2020年年报","PER_NETCASH_OPERATE":0.29924678528,"PER_OI":1.9987940032,"BPS":1.26224959,"BASIC_EPS":0.1346624,"DILUTED_EPS":null,"OPERATE_INCOME":999397001.6,"OPERATE_INCOME_YOY":-1.891543987,"GROSS_PROFIT":202129104.04,"GROSS_PROFIT_YOY":-26.489882350924,"HOLDER_PROFIT":80868979.4,"HOLDER_PROFIT_YOY":-30.5724153877,"GROSS_PROFIT_RATIO":20.225106110625,"EPS_TTM":0.1617379588,"OPERATE_INCOME_QOQ":-12.339526278958,"NET_PROFIT_RATIO":8.0917772687,"ROE_AVG":11.574525804019,"GROSS_PROFIT_QOQ":-19.49616427704,"ROA":8.196168951034,"HOLDER_PROFIT_QOQ":-25.969910686128,"ROE_YEARLY":11.574525804019,"ROIC_YEARLY":9.453918970907,"TOTAL_ASSETS":1038464247.12,"TOTAL_LIABILITIES":281114493.12,"TAX_EBT":12.355994198721,"OCF_SALES":14.971366974331,"TOTAL_PARENT_EQUITY":757349754,"DEBT_ASSET_RATIO":27.0702139144,"OPERATE_PROFIT":95875420.6,"PRETAX_PROFIT":92269834.84,"NETCASH_OPERATE":149623392.64,"NETCASH_INVEST":-83483113.24,"NETCASH_FINANCE":-37672648.04,"END_CASH":146982326.32,"DIVI_RATIO":0.140275048407,"DIVIDEND_RATE":6.756756756757,"CURRENT_RATIO":1.812904492261,"COMMON_ACS":4000000000,"CURRENTDEBT_DEBT":99.136847021628,"ISSUED_COMMON_SHARES":600000000,"HK_COMMON_SHARES":600000000,"PER_SHARES":2000,"TOTAL_MARKET_CAP":222000000,"HKSK_MARKET_CAP":222000000,"PE_TTM":4.93684397794,"PB_TTM":0.225934192087,"REPORT_DATE_SQ":"2019-12-31 00:00:00","REPORT_TYPE_SQ":"2019年年报","OPERATE_INCOME_SQ":1084192990.52,"DPS_HKD":0.025,"OPERATE_INCOME_QOQ_SQ":8.930024535055,"NET_PROFIT_RATIO_SQ":11.4345296422,"HOLDER_PROFIT_SQ":123972368.88,"HOLDER_PROFIT_QOQ_SQ":-3.887947460151,"ROE_AVG_SQ":18.895857468688,"PE_TTM_SQ":4.340068476636,"PB_TTM_SQ":0.465573912963,"ROA_SQ":13.493215660772,"START_DATE":"2020-01-01 00:00:00","FISCAL_YEAR":"12-31","CURRENCY":"HKD","IS_CNY_CODE":0,"DPS_HKD_LY":0.03,"ORG_TYPE":"一般企业","PREMIUM_INCOME":null,"PREMIUM_INCOME_YOY":null,"NET_INTEREST_INCOME":null,"NET_INTEREST_INCOME_YOY":null,"FEE_COMMISSION_INCOME":null,"FEE_COMMISSION_INCOME_YOY":null,"ACCOUNTS_RECE_TDAYS":3.871792363625,"INVENTORY_TDAYS":7.535430753321,"CURRENT_ASSETS_TDAYS":2.007784680209,"TOTAL_ASSETS_TDAYS":1.012900958445,"PREMIUM_EXPENSE":null,"LOAN_DEPOSIT":null,"LOAN_EQUITY":null,"LOAN_ASSETS":null,"DEPOSIT_EQUITY":null,"DEPOSIT_ASSETS":null,"EQUITY_MULTIPLIER":1.371181863644,"EQUITY_RATIO":0.371181863644},{"SECUCODE":"06838.HK","SECURITY_CODE":"06838","SECURITY_NAME_ABBR":"盈利时","ORG_CODE":"10162326","STD_REPORT_DATE":"2020-06-30 00:00:00","REPORT_DATE":"2020-06-30 00:00:00","DATE_TYPE_CODE":"002","REPORT_TYPE":"2020年中报","PER_NETCASH_OPERATE":0.13110969696,"PER_OI":0.9536222256,"BPS":1.1673808872,"BASIC_EPS":0.05389296,"DILUTED_EPS":null,"OPERATE_INCOME":476811112.8,"OPERATE_INCOME_YOY":9.0873564035,"GROSS_PROFIT":87355920.96,"GROSS_PROFIT_YOY":-21.473280190764,"HOLDER_PROFIT":32181404.64,"HOLDER_PROFIT_YOY":-33.9427007162,"GROSS_PROFIT_RATIO":18.320865142386,"EPS_TTM":0.21847597416,"OPERATE_INCOME_QOQ":5.154444552643,"NET_PROFIT_RATIO":6.7492983649,"ROE_AVG":4.613691260754,"GROSS_PROFIT_QOQ":-8.687434593739,"ROA":3.229946798611,"HOLDER_PROFIT_QOQ":-11.88521436923,"ROE_YEARLY":9.227382521508,"ROIC_YEARLY":7.510631142653,"TOTAL_ASSETS":978064053.12,"TOTAL_LIABILITIES":277635520.8,"TAX_EBT":21.347085482107,"OCF_SALES":13.748599124513,"TOTAL_PARENT_EQUITY":700428532.32,"DEBT_ASSET_RATIO":28.3862309339,"OPERATE_PROFIT":43151819.04,"PRETAX_PROFIT":40915717.92,"NETCASH_OPERATE":65554848.48,"NETCASH_INVEST":-52457032.32,"NETCASH_FINANCE":16087505.28,"END_CASH":153369316.32,"DIVI_RATIO":0.103845743621,"DIVIDEND_RATE":6.756756756757,"CURRENT_RATIO":1.650082489353,"COMMON_ACS":4000000000,"CURRENTDEBT_DEBT":99.113655431081,"ISSUED_COMMON_SHARES":600000000,"HK_COMMON_SHARES":600000000,"PER_SHARES":2000,"TOTAL_MARKET_CAP":222000000,"HKSK_MARKET_CAP":222000000,"PE_TTM":4.93684397794,"PB_TTM":0.225934192087,"REPORT_DATE_SQ":"2019-06-30 00:00:00","REPORT_TYPE_SQ":"2019年中报","OPERATE_INCOME_SQ":420926986.26,"DPS_HKD":0.025,"OPERATE_INCOME_QOQ_SQ":0.645718498529,"NET_PROFIT_RATIO_SQ":11.1458252788,"HOLDER_PROFIT_SQ":46915786.44,"HOLDER_PROFIT_QOQ_SQ":-4.485811199636,"ROE_AVG_SQ":7.520124306101,"PE_TTM_SQ":4.340068476636,"PB_TTM_SQ":0.465573912963,"ROA_SQ":5.716652991532,"START_DATE":"2020-01-01 00:00:00","FISCAL_YEAR":"12-31","CURRENCY":"HKD","IS_CNY_CODE":0,"DPS_HKD_LY":0.03,"ORG_TYPE":"一般企业","PREMIUM_INCOME":null,"PREMIUM_INCOME_YOY":null,"NET_INTEREST_INCOME":null,"NET_INTEREST_INCOME_YOY":null,"FEE_COMMISSION_INCOME":null,"FEE_COMMISSION_INCOME_YOY":null,"ACCOUNTS_RECE_TDAYS":1.981265099226,"INVENTORY_TDAYS":3.476751581969,"CURRENT_ASSETS_TDAYS":0.966991377578,"TOTAL_ASSETS_TDAYS":0.478560381238,"PREMIUM_EXPENSE":null,"LOAN_DEPOSIT":null,"LOAN_EQUITY":null,"LOAN_ASSETS":null,"DEPOSIT_EQUITY":null,"DEPOSIT_ASSETS":null,"EQUITY_MULTIPLIER":1.396379513382,"EQUITY_RATIO":0.396379513382}],"count":31},"success":true,"message":"ok","code":0}