{"version":"54b27cb01c00ac5e561df7beb5723fa5","result":{"pages":3,"data":[{"SECUCODE":"06836.HK","SECURITY_CODE":"06836","SECURITY_NAME_ABBR":"甘露国际发展","ORG_CODE":"10467913","STD_REPORT_DATE":"2023-06-30 00:00:00","REPORT_DATE":"2023-06-30 00:00:00","DATE_TYPE_CODE":"002","REPORT_TYPE":"2023年中报","PER_NETCASH_OPERATE":0.054321401457,"PER_OI":0.358975963946,"BPS":1.238394890723,"BASIC_EPS":0.14,"DILUTED_EPS":0.14,"OPERATE_INCOME":355570000,"OPERATE_INCOME_YOY":8.1611359703,"GROSS_PROFIT":99831000,"GROSS_PROFIT_YOY":14.491656631688,"HOLDER_PROFIT":142953000,"HOLDER_PROFIT_YOY":167.9983502372,"GROSS_PROFIT_RATIO":28.076328149169,"EPS_TTM":0.187999741548,"OPERATE_INCOME_QOQ":3.941227540556,"NET_PROFIT_RATIO":40.2038979666,"ROE_AVG":12.134271233256,"GROSS_PROFIT_QOQ":6.655850996587,"ROA":9.893078104887,"HOLDER_PROFIT_QOQ":92.762204463583,"ROE_YEARLY":24.268542466512,"ROIC_YEARLY":37.146593440431,"TOTAL_ASSETS":1517462000,"TOTAL_LIABILITIES":290817000,"TAX_EBT":12.139222145737,"OCF_SALES":15.132322749388,"TOTAL_PARENT_EQUITY":1226645000,"DEBT_ASSET_RATIO":19.1646973697,"OPERATE_PROFIT":159805000,"PRETAX_PROFIT":162704000,"NETCASH_OPERATE":53806000,"NETCASH_INVEST":57324000,"NETCASH_FINANCE":-79964000,"END_CASH":690991000,"DIVI_RATIO":null,"DIVIDEND_RATE":null,"CURRENT_RATIO":3.37028699046,"COMMON_ACS":null,"CURRENTDEBT_DEBT":95.768472957221,"ISSUED_COMMON_SHARES":990512000,"HK_COMMON_SHARES":990512000,"PER_SHARES":2000,"TOTAL_MARKET_CAP":3169638400,"HKSK_MARKET_CAP":3169638400,"PE_TTM":15.783228202725,"PB_TTM":2.382387090015,"REPORT_DATE_SQ":"2022-06-30 00:00:00","REPORT_TYPE_SQ":"2022年中报","OPERATE_INCOME_SQ":328741000,"DPS_HKD":null,"OPERATE_INCOME_QOQ_SQ":-8.281760209643,"NET_PROFIT_RATIO_SQ":16.2258434451,"HOLDER_PROFIT_SQ":53341000,"HOLDER_PROFIT_QOQ_SQ":13049.4142705005,"ROE_AVG_SQ":5.034033828564,"PE_TTM_SQ":16.27645408406,"PB_TTM_SQ":2.456836686578,"ROA_SQ":4.005710320631,"START_DATE":"2023-01-01 00:00:00","FISCAL_YEAR":"12-31","CURRENCY":"HKD","IS_CNY_CODE":0,"DPS_HKD_LY":0.05,"ORG_TYPE":"一般企业","PREMIUM_INCOME":null,"PREMIUM_INCOME_YOY":null,"NET_INTEREST_INCOME":null,"NET_INTEREST_INCOME_YOY":null,"FEE_COMMISSION_INCOME":null,"FEE_COMMISSION_INCOME_YOY":null,"ACCOUNTS_RECE_TDAYS":null,"INVENTORY_TDAYS":5.91844574814,"CURRENT_ASSETS_TDAYS":0.403948486542,"TOTAL_ASSETS_TDAYS":0.246072610002,"PREMIUM_EXPENSE":null,"LOAN_DEPOSIT":null,"LOAN_EQUITY":null,"LOAN_ASSETS":null,"DEPOSIT_EQUITY":null,"DEPOSIT_ASSETS":null,"EQUITY_MULTIPLIER":1.237083263699,"EQUITY_RATIO":0.237083263699},{"SECUCODE":"06836.HK","SECURITY_CODE":"06836","SECURITY_NAME_ABBR":"甘露国际发展","ORG_CODE":"10467913","STD_REPORT_DATE":"2022-12-31 00:00:00","REPORT_DATE":"2022-12-31 00:00:00","DATE_TYPE_CODE":"001","REPORT_TYPE":"2022年年报","PER_NETCASH_OPERATE":0.16741745683,"PER_OI":0.687247605279,"BPS":1.140360742727,"BASIC_EPS":0.098,"DILUTED_EPS":0.098,"OPERATE_INCOME":680727000,"OPERATE_INCOME_YOY":-21.8971795984,"GROSS_PROFIT":189848000,"GROSS_PROFIT_YOY":-19.240765870197,"HOLDER_PROFIT":96604000,"HOLDER_PROFIT_YOY":10387.9659211928,"GROSS_PROFIT_RATIO":27.889006899976,"EPS_TTM":0.097529358554,"OPERATE_INCOME_QOQ":-14.844832848801,"NET_PROFIT_RATIO":14.1912984207,"ROE_AVG":8.934564883435,"GROSS_PROFIT_QOQ":-10.391571951818,"ROA":7.242393084476,"HOLDER_PROFIT_QOQ":-20.55265430322,"ROE_YEARLY":8.934564883435,"ROIC_YEARLY":12.727791351916,"TOTAL_ASSETS":1372498000,"TOTAL_LIABILITIES":242957000,"TAX_EBT":17.602204007131,"OCF_SALES":24.360573328221,"TOTAL_PARENT_EQUITY":1129541000,"DEBT_ASSET_RATIO":17.7018108587,"OPERATE_PROFIT":106101000,"PRETAX_PROFIT":117241000,"NETCASH_OPERATE":165829000,"NETCASH_INVEST":8648000,"NETCASH_FINANCE":-8151000,"END_CASH":659630000,"DIVI_RATIO":null,"DIVIDEND_RATE":null,"CURRENT_RATIO":3.492248984379,"COMMON_ACS":null,"CURRENTDEBT_DEBT":96.858291796491,"ISSUED_COMMON_SHARES":990512000,"HK_COMMON_SHARES":990512000,"PER_SHARES":2000,"TOTAL_MARKET_CAP":3169638400,"HKSK_MARKET_CAP":3169638400,"PE_TTM":15.783228202725,"PB_TTM":2.382387090015,"REPORT_DATE_SQ":"2021-12-31 00:00:00","REPORT_TYPE_SQ":"2021年年报","OPERATE_INCOME_SQ":871578000,"DPS_HKD":null,"OPERATE_INCOME_QOQ_SQ":-14.256116636661,"NET_PROFIT_RATIO_SQ":-0.1077356244,"HOLDER_PROFIT_SQ":-939000,"HOLDER_PROFIT_QOQ_SQ":-100.491643629053,"ROE_AVG_SQ":-0.09162902054,"PE_TTM_SQ":16.27645408406,"PB_TTM_SQ":2.456836686578,"ROA_SQ":-0.070615653437,"START_DATE":"2022-01-01 00:00:00","FISCAL_YEAR":"12-31","CURRENCY":"HKD","IS_CNY_CODE":0,"DPS_HKD_LY":null,"ORG_TYPE":"一般企业","PREMIUM_INCOME":null,"PREMIUM_INCOME_YOY":null,"NET_INTEREST_INCOME":null,"NET_INTEREST_INCOME_YOY":null,"FEE_COMMISSION_INCOME":null,"FEE_COMMISSION_INCOME_YOY":null,"ACCOUNTS_RECE_TDAYS":null,"INVENTORY_TDAYS":8.648783409976,"CURRENT_ASSETS_TDAYS":0.877865814499,"TOTAL_ASSETS_TDAYS":0.510340412117,"PREMIUM_EXPENSE":null,"LOAN_DEPOSIT":null,"LOAN_EQUITY":null,"LOAN_ASSETS":null,"DEPOSIT_EQUITY":null,"DEPOSIT_ASSETS":null,"EQUITY_MULTIPLIER":1.215093564553,"EQUITY_RATIO":0.215093564554},{"SECUCODE":"06836.HK","SECURITY_CODE":"06836","SECURITY_NAME_ABBR":"甘露国际发展","ORG_CODE":"10467913","STD_REPORT_DATE":"2022-06-30 00:00:00","REPORT_DATE":"2022-06-30 00:00:00","DATE_TYPE_CODE":"002","REPORT_TYPE":"2022年中报","PER_NETCASH_OPERATE":0.0847087163,"PER_OI":0.331889972055,"BPS":1.096683331449,"BASIC_EPS":0.05,"DILUTED_EPS":0.05,"OPERATE_INCOME":328741000,"OPERATE_INCOME_YOY":-18.0039558718,"GROSS_PROFIT":87195000,"GROSS_PROFIT_YOY":-21.026175165293,"HOLDER_PROFIT":53341000,"HOLDER_PROFIT_YOY":177.0901680806,"GROSS_PROFIT_RATIO":26.52392004648,"EPS_TTM":0.122759744455,"OPERATE_INCOME_QOQ":-8.281760209643,"NET_PROFIT_RATIO":16.2258434451,"ROE_AVG":5.034033828564,"GROSS_PROFIT_QOQ":-9.87540358773,"ROA":4.005710320631,"HOLDER_PROFIT_QOQ":13049.4142705005,"ROE_YEARLY":10.068067657128,"ROIC_YEARLY":13.275551504329,"TOTAL_ASSETS":1368009000,"TOTAL_LIABILITIES":281731000,"TAX_EBT":16.125228001761,"OCF_SALES":25.523132192212,"TOTAL_PARENT_EQUITY":1086278000,"DEBT_ASSET_RATIO":20.5942358566,"OPERATE_PROFIT":55258000,"PRETAX_PROFIT":63596000,"NETCASH_OPERATE":83905000,"NETCASH_INVEST":481000,"NETCASH_FINANCE":-10543000,"END_CASH":565947000,"DIVI_RATIO":null,"DIVIDEND_RATE":null,"CURRENT_RATIO":2.928924211078,"COMMON_ACS":null,"CURRENTDEBT_DEBT":97.45182461284,"ISSUED_COMMON_SHARES":990512000,"HK_COMMON_SHARES":990512000,"PER_SHARES":2000,"TOTAL_MARKET_CAP":3169638400,"HKSK_MARKET_CAP":3169638400,"PE_TTM":15.783228202725,"PB_TTM":2.382387090015,"REPORT_DATE_SQ":"2021-06-30 00:00:00","REPORT_TYPE_SQ":"2021年中报","OPERATE_INCOME_SQ":400923000,"DPS_HKD":null,"OPERATE_INCOME_QOQ_SQ":19.551896501029,"NET_PROFIT_RATIO_SQ":18.9562027874,"HOLDER_PROFIT_SQ":-69193000,"HOLDER_PROFIT_QOQ_SQ":27.965267029808,"ROE_AVG_SQ":8.365439746096,"PE_TTM_SQ":16.27645408406,"PB_TTM_SQ":2.456836686578,"ROA_SQ":6.357211494415,"START_DATE":"2022-01-01 00:00:00","FISCAL_YEAR":"12-31","CURRENCY":"HKD","IS_CNY_CODE":0,"DPS_HKD_LY":null,"ORG_TYPE":"一般企业","PREMIUM_INCOME":null,"PREMIUM_INCOME_YOY":null,"NET_INTEREST_INCOME":null,"NET_INTEREST_INCOME_YOY":null,"FEE_COMMISSION_INCOME":null,"FEE_COMMISSION_INCOME_YOY":null,"ACCOUNTS_RECE_TDAYS":null,"INVENTORY_TDAYS":3.584912101041,"CURRENT_ASSETS_TDAYS":0.428829898252,"TOTAL_ASSETS_TDAYS":0.246872240212,"PREMIUM_EXPENSE":null,"LOAN_DEPOSIT":null,"LOAN_EQUITY":null,"LOAN_ASSETS":null,"DEPOSIT_EQUITY":null,"DEPOSIT_ASSETS":null,"EQUITY_MULTIPLIER":1.259354419402,"EQUITY_RATIO":0.259354419403},{"SECUCODE":"06836.HK","SECURITY_CODE":"06836","SECURITY_NAME_ABBR":"甘露国际发展","ORG_CODE":"10467913","STD_REPORT_DATE":"2021-12-31 00:00:00","REPORT_DATE":"2021-12-31 00:00:00","DATE_TYPE_CODE":"001","REPORT_TYPE":"2021年年报","PER_NETCASH_OPERATE":0.194321724522,"PER_OI":0.879926744956,"BPS":1.042831384173,"BASIC_EPS":-0.001,"DILUTED_EPS":-0.001,"OPERATE_INCOME":871578000,"OPERATE_INCOME_YOY":2.5084386945,"GROSS_PROFIT":235079000,"GROSS_PROFIT_YOY":0.201614621962,"HOLDER_PROFIT":-939000,"HOLDER_PROFIT_YOY":-100.6291330828,"GROSS_PROFIT_RATIO":26.97165371315,"EPS_TTM":-0.000947994573,"OPERATE_INCOME_QOQ":-14.256116636661,"NET_PROFIT_RATIO":-0.1077356244,"ROE_AVG":-0.09162902054,"GROSS_PROFIT_QOQ":-16.309529319202,"ROA":-0.070615653437,"HOLDER_PROFIT_QOQ":-100.491643629053,"ROE_YEARLY":-0.09162902054,"ROIC_YEARLY":-0.114427002823,"TOTAL_ASSETS":1295239000,"TOTAL_LIABILITIES":262302000,"TAX_EBT":103.315092674316,"OCF_SALES":22.083852506603,"TOTAL_PARENT_EQUITY":1032937000,"DEBT_ASSET_RATIO":20.2512432069,"OPERATE_PROFIT":13489000,"PRETAX_PROFIT":28325000,"NETCASH_OPERATE":192478000,"NETCASH_INVEST":-237059000,"NETCASH_FINANCE":10275000,"END_CASH":490106000,"DIVI_RATIO":null,"DIVIDEND_RATE":null,"CURRENT_RATIO":2.85324379009,"COMMON_ACS":null,"CURRENTDEBT_DEBT":97.414049454446,"ISSUED_COMMON_SHARES":990512000,"HK_COMMON_SHARES":990512000,"PER_SHARES":2000,"TOTAL_MARKET_CAP":3169638400,"HKSK_MARKET_CAP":3169638400,"PE_TTM":15.783228202725,"PB_TTM":2.382387090015,"REPORT_DATE_SQ":"2020-12-31 00:00:00","REPORT_TYPE_SQ":"2020年年报","OPERATE_INCOME_SQ":850250000,"DPS_HKD":null,"OPERATE_INCOME_QOQ_SQ":-6.680071516925,"NET_PROFIT_RATIO_SQ":17.5401352543,"HOLDER_PROFIT_SQ":149253000,"HOLDER_PROFIT_QOQ_SQ":1.833998567189,"ROE_AVG_SQ":15.622345628422,"PE_TTM_SQ":16.27645408406,"PB_TTM_SQ":2.456836686578,"ROA_SQ":11.678277549325,"START_DATE":"2021-01-01 00:00:00","FISCAL_YEAR":"12-31","CURRENCY":"HKD","IS_CNY_CODE":0,"DPS_HKD_LY":null,"ORG_TYPE":"一般企业","PREMIUM_INCOME":null,"PREMIUM_INCOME_YOY":null,"NET_INTEREST_INCOME":null,"NET_INTEREST_INCOME_YOY":null,"FEE_COMMISSION_INCOME":null,"FEE_COMMISSION_INCOME_YOY":null,"ACCOUNTS_RECE_TDAYS":4.556496281678,"INVENTORY_TDAYS":7.886247057366,"CURRENT_ASSETS_TDAYS":1.112147803529,"TOTAL_ASSETS_TDAYS":0.655453141551,"PREMIUM_EXPENSE":null,"LOAN_DEPOSIT":null,"LOAN_EQUITY":null,"LOAN_ASSETS":null,"DEPOSIT_EQUITY":null,"DEPOSIT_ASSETS":null,"EQUITY_MULTIPLIER":1.253938042689,"EQUITY_RATIO":0.253938042688},{"SECUCODE":"06836.HK","SECURITY_CODE":"06836","SECURITY_NAME_ABBR":"甘露国际发展","ORG_CODE":"10467913","STD_REPORT_DATE":"2021-06-30 00:00:00","REPORT_DATE":"2021-06-30 00:00:00","DATE_TYPE_CODE":"002","REPORT_TYPE":"2021年中报","PER_NETCASH_OPERATE":0.098317839663,"PER_OI":0.404763395093,"BPS":1.134147794272,"BASIC_EPS":-0.07,"DILUTED_EPS":-0.07,"OPERATE_INCOME":400923000,"OPERATE_INCOME_YOY":54.3340774417,"GROSS_PROFIT":110410000,"GROSS_PROFIT_YOY":29.128461826347,"HOLDER_PROFIT":-69193000,"HOLDER_PROFIT_YOY":87.3712635016,"GROSS_PROFIT_RATIO":27.909631320693,"EPS_TTM":0.1928214903,"OPERATE_INCOME_QOQ":19.551896501029,"NET_PROFIT_RATIO":18.9562027874,"ROE_AVG":8.365439746096,"GROSS_PROFIT_QOQ":19.728821939763,"ROA":6.357211494415,"HOLDER_PROFIT_QOQ":27.965267029808,"ROE_YEARLY":16.730879492191,"ROIC_YEARLY":19.875962588931,"TOTAL_ASSETS":1451818000,"TOTAL_LIABILITIES":328431000,"TAX_EBT":-25.647823639434,"OCF_SALES":20.623720084117,"TOTAL_PARENT_EQUITY":1123387000,"DEBT_ASSET_RATIO":22.6220504223,"OPERATE_PROFIT":-62045000,"PRETAX_PROFIT":-55069000,"NETCASH_OPERATE":72426000,"NETCASH_INVEST":-157573000,"NETCASH_FINANCE":9666000,"END_CASH":448437000,"DIVI_RATIO":null,"DIVIDEND_RATE":null,"CURRENT_RATIO":2.438739963399,"COMMON_ACS":null,"CURRENTDEBT_DEBT":98.329024970237,"ISSUED_COMMON_SHARES":990512000,"HK_COMMON_SHARES":990512000,"PER_SHARES":2000,"TOTAL_MARKET_CAP":3169638400,"HKSK_MARKET_CAP":3169638400,"PE_TTM":15.783228202725,"PB_TTM":2.382387090015,"REPORT_DATE_SQ":"2020-06-30 00:00:00","REPORT_TYPE_SQ":"2020年中报","OPERATE_INCOME_SQ":305959000,"DPS_HKD":null,"OPERATE_INCOME_QOQ_SQ":-14.26973174741,"NET_PROFIT_RATIO_SQ":15.5769237055,"HOLDER_PROFIT_SQ":47772000,"HOLDER_PROFIT_QOQ_SQ":-13.321308179076,"ROE_AVG_SQ":5.279546179175,"PE_TTM_SQ":16.27645408406,"PB_TTM_SQ":2.456836686578,"ROA_SQ":3.909906496009,"START_DATE":"2021-01-01 00:00:00","FISCAL_YEAR":"12-31","CURRENCY":"HKD","IS_CNY_CODE":0,"DPS_HKD_LY":null,"ORG_TYPE":"一般企业","PREMIUM_INCOME":null,"PREMIUM_INCOME_YOY":null,"NET_INTEREST_INCOME":null,"NET_INTEREST_INCOME_YOY":null,"FEE_COMMISSION_INCOME":null,"FEE_COMMISSION_INCOME_YOY":null,"ACCOUNTS_RECE_TDAYS":1.942371698908,"INVENTORY_TDAYS":3.616093480282,"CURRENT_ASSETS_TDAYS":0.580848443995,"TOTAL_ASSETS_TDAYS":0.335363129722,"PREMIUM_EXPENSE":null,"LOAN_DEPOSIT":null,"LOAN_EQUITY":null,"LOAN_ASSETS":null,"DEPOSIT_EQUITY":null,"DEPOSIT_ASSETS":null,"EQUITY_MULTIPLIER":1.292357842845,"EQUITY_RATIO":0.292357842845},{"SECUCODE":"06836.HK","SECURITY_CODE":"06836","SECURITY_NAME_ABBR":"甘露国际发展","ORG_CODE":"10467913","STD_REPORT_DATE":"2020-12-31 00:00:00","REPORT_DATE":"2020-12-31 00:00:00","DATE_TYPE_CODE":"001","REPORT_TYPE":"2020年年报","PER_NETCASH_OPERATE":0.152014093643,"PER_OI":0.869854787194,"BPS":1.026370200462,"BASIC_EPS":0.151,"DILUTED_EPS":0.151,"OPERATE_INCOME":850250000,"OPERATE_INCOME_YOY":-19.9965749783,"GROSS_PROFIT":234606000,"GROSS_PROFIT_YOY":-20.752193108387,"HOLDER_PROFIT":149253000,"HOLDER_PROFIT_YOY":-11.731622213,"GROSS_PROFIT_RATIO":27.592590414584,"EPS_TTM":0.152694426996,"OPERATE_INCOME_QOQ":-6.680071516925,"NET_PROFIT_RATIO":17.5401352543,"ROE_AVG":15.622345628422,"GROSS_PROFIT_QOQ":-7.518192354087,"ROA":11.678277549325,"HOLDER_PROFIT_QOQ":1.833998567189,"ROE_YEARLY":15.622345628422,"ROIC_YEARLY":19.184486136033,"TOTAL_ASSETS":1364228000,"TOTAL_LIABILITIES":347743000,"TAX_EBT":18.54418937445,"OCF_SALES":17.475801234931,"TOTAL_PARENT_EQUITY":1016632000,"DEBT_ASSET_RATIO":25.4900940312,"OPERATE_PROFIT":176096000,"PRETAX_PROFIT":183087000,"NETCASH_OPERATE":148588000,"NETCASH_INVEST":-103403000,"NETCASH_FINANCE":16363000,"END_CASH":528287000,"DIVI_RATIO":null,"DIVIDEND_RATE":null,"CURRENT_RATIO":2.442991901572,"COMMON_ACS":null,"CURRENTDEBT_DEBT":98.680059699261,"ISSUED_COMMON_SHARES":990512000,"HK_COMMON_SHARES":990512000,"PER_SHARES":2000,"TOTAL_MARKET_CAP":3169638400,"HKSK_MARKET_CAP":3169638400,"PE_TTM":15.783228202725,"PB_TTM":2.382387090015,"REPORT_DATE_SQ":"2019-12-31 00:00:00","REPORT_TYPE_SQ":"2019年年报","OPERATE_INCOME_SQ":1062767000,"DPS_HKD":null,"OPERATE_INCOME_QOQ_SQ":10.840444460204,"NET_PROFIT_RATIO_SQ":15.9076260366,"HOLDER_PROFIT_SQ":169090000,"HOLDER_PROFIT_QOQ_SQ":12.479212399388,"ROE_AVG_SQ":20.369859498686,"PE_TTM_SQ":16.27645408406,"PB_TTM_SQ":2.456836686578,"ROA_SQ":14.821580480639,"START_DATE":"2020-01-01 00:00:00","FISCAL_YEAR":"12-31","CURRENCY":"HKD","IS_CNY_CODE":0,"DPS_HKD_LY":0.03,"ORG_TYPE":"一般企业","PREMIUM_INCOME":null,"PREMIUM_INCOME_YOY":null,"NET_INTEREST_INCOME":null,"NET_INTEREST_INCOME_YOY":null,"FEE_COMMISSION_INCOME":null,"FEE_COMMISSION_INCOME_YOY":null,"ACCOUNTS_RECE_TDAYS":4.192068473328,"INVENTORY_TDAYS":6.517510057167,"CURRENT_ASSETS_TDAYS":1.061980836258,"TOTAL_ASSETS_TDAYS":0.665276777439,"PREMIUM_EXPENSE":null,"LOAN_DEPOSIT":null,"LOAN_EQUITY":null,"LOAN_ASSETS":null,"DEPOSIT_EQUITY":null,"DEPOSIT_ASSETS":null,"EQUITY_MULTIPLIER":1.342103425038,"EQUITY_RATIO":0.342053958561},{"SECUCODE":"06836.HK","SECURITY_CODE":"06836","SECURITY_NAME_ABBR":"甘露国际发展","ORG_CODE":"10467913","STD_REPORT_DATE":"2020-06-30 00:00:00","REPORT_DATE":"2020-06-30 00:00:00","DATE_TYPE_CODE":"002","REPORT_TYPE":"2020年中报","PER_NETCASH_OPERATE":0.05951024183,"PER_OI":0.313013702834,"BPS":0.924340139241,"BASIC_EPS":0.048,"DILUTED_EPS":0.048,"OPERATE_INCOME":305959000,"OPERATE_INCOME_YOY":-33.1402298449,"GROSS_PROFIT":85504000,"GROSS_PROFIT_YOY":-33.130518429305,"HOLDER_PROFIT":47772000,"HOLDER_PROFIT_YOY":-32.0426191729,"GROSS_PROFIT_RATIO":27.946228089385,"EPS_TTM":0.149944447968,"OPERATE_INCOME_QOQ":-14.26973174741,"NET_PROFIT_RATIO":15.5769237055,"ROE_AVG":5.279546179175,"GROSS_PROFIT_QOQ":-14.309842217801,"ROA":3.909906496009,"HOLDER_PROFIT_QOQ":-13.321308179076,"ROE_YEARLY":10.559092358351,"ROIC_YEARLY":12.985888597049,"TOTAL_ASSETS":1251788000,"TOTAL_LIABILITIES":336360000,"TAX_EBT":24.309945049709,"OCF_SALES":19.012024486941,"TOTAL_PARENT_EQUITY":915570000,"DEBT_ASSET_RATIO":26.8703646304,"OPERATE_PROFIT":60469000,"PRETAX_PROFIT":62966000,"NETCASH_OPERATE":58169000,"NETCASH_INVEST":-46050000,"NETCASH_FINANCE":14260000,"END_CASH":500313000,"DIVI_RATIO":null,"DIVIDEND_RATE":null,"CURRENT_RATIO":2.347204642143,"COMMON_ACS":null,"CURRENTDEBT_DEBT":98.883636579855,"ISSUED_COMMON_SHARES":990512000,"HK_COMMON_SHARES":990512000,"PER_SHARES":2000,"TOTAL_MARKET_CAP":3169638400,"HKSK_MARKET_CAP":3169638400,"PE_TTM":15.783228202725,"PB_TTM":2.382387090015,"REPORT_DATE_SQ":"2019-06-30 00:00:00","REPORT_TYPE_SQ":"2019年中报","OPERATE_INCOME_SQ":457613000,"DPS_HKD":null,"OPERATE_INCOME_QOQ_SQ":1.947779229713,"NET_PROFIT_RATIO_SQ":15.3616702323,"HOLDER_PROFIT_SQ":70297000,"HOLDER_PROFIT_QOQ_SQ":1.899991188054,"ROE_AVG_SQ":8.910942546686,"PE_TTM_SQ":16.27645408406,"PB_TTM_SQ":2.456836686578,"ROA_SQ":6.187892866543,"START_DATE":"2020-01-01 00:00:00","FISCAL_YEAR":"12-31","CURRENCY":"HKD","IS_CNY_CODE":0,"DPS_HKD_LY":0.03,"ORG_TYPE":"一般企业","PREMIUM_INCOME":null,"PREMIUM_INCOME_YOY":null,"NET_INTEREST_INCOME":null,"NET_INTEREST_INCOME_YOY":null,"FEE_COMMISSION_INCOME":null,"FEE_COMMISSION_INCOME_YOY":null,"ACCOUNTS_RECE_TDAYS":1.693028326057,"INVENTORY_TDAYS":2.166857513552,"CURRENT_ASSETS_TDAYS":0.396416228035,"TOTAL_ASSETS_TDAYS":0.250412601861,"PREMIUM_EXPENSE":null,"LOAN_DEPOSIT":null,"LOAN_EQUITY":null,"LOAN_ASSETS":null,"DEPOSIT_EQUITY":null,"DEPOSIT_ASSETS":null,"EQUITY_MULTIPLIER":1.367434686288,"EQUITY_RATIO":0.367377699138},{"SECUCODE":"06836.HK","SECURITY_CODE":"06836","SECURITY_NAME_ABBR":"甘露国际发展","ORG_CODE":"10467913","STD_REPORT_DATE":"2019-12-31 00:00:00","REPORT_DATE":"2019-12-31 00:00:00","DATE_TYPE_CODE":"001","REPORT_TYPE":"2019年年报","PER_NETCASH_OPERATE":0.145804133562,"PER_OI":1.087271934868,"BPS":0.902695777537,"BASIC_EPS":0.172,"DILUTED_EPS":0.171,"OPERATE_INCOME":1062767000,"OPERATE_INCOME_YOY":12.9993716155,"GROSS_PROFIT":296041000,"GROSS_PROFIT_YOY":12.448958661739,"HOLDER_PROFIT":169090000,"HOLDER_PROFIT_YOY":14.6163075234,"GROSS_PROFIT_RATIO":27.855682383815,"EPS_TTM":0.172988822072,"OPERATE_INCOME_QOQ":10.840444460204,"NET_PROFIT_RATIO":15.9076260366,"ROE_AVG":20.369859498686,"GROSS_PROFIT_QOQ":10.031146395492,"ROA":14.821580480639,"HOLDER_PROFIT_QOQ":12.479212399388,"ROE_YEARLY":20.369859498686,"ROIC_YEARLY":25.141251338171,"TOTAL_ASSETS":1191851000,"TOTAL_LIABILITIES":297749000,"TAX_EBT":24.868790024042,"OCF_SALES":13.41008894706,"TOTAL_PARENT_EQUITY":894131000,"DEBT_ASSET_RATIO":24.9820657112,"OPERATE_PROFIT":233980000,"PRETAX_PROFIT":225021000,"NETCASH_OPERATE":142518000,"NETCASH_INVEST":-71175000,"NETCASH_FINANCE":-66043000,"END_CASH":471992000,"DIVI_RATIO":null,"DIVIDEND_RATE":null,"CURRENT_RATIO":2.654926661215,"COMMON_ACS":null,"CURRENTDEBT_DEBT":96.512498782532,"ISSUED_COMMON_SHARES":990512000,"HK_COMMON_SHARES":990512000,"PER_SHARES":2000,"TOTAL_MARKET_CAP":3169638400,"HKSK_MARKET_CAP":3169638400,"PE_TTM":15.783228202725,"PB_TTM":2.382387090015,"REPORT_DATE_SQ":"2018-12-31 00:00:00","REPORT_TYPE_SQ":"2018年年报","OPERATE_INCOME_SQ":940507000,"DPS_HKD":null,"OPERATE_INCOME_QOQ_SQ":11.75942848044,"NET_PROFIT_RATIO_SQ":15.6859013277,"HOLDER_PROFIT_SQ":147527000,"HOLDER_PROFIT_QOQ_SQ":6.572322273512,"ROE_AVG_SQ":20.778757995717,"PE_TTM_SQ":16.27645408406,"PB_TTM_SQ":2.456836686578,"ROA_SQ":15.303773582948,"START_DATE":"2019-01-01 00:00:00","FISCAL_YEAR":"12-31","CURRENCY":"HKD","IS_CNY_CODE":0,"DPS_HKD_LY":0.045,"ORG_TYPE":"一般企业","PREMIUM_INCOME":null,"PREMIUM_INCOME_YOY":null,"NET_INTEREST_INCOME":null,"NET_INTEREST_INCOME_YOY":null,"FEE_COMMISSION_INCOME":null,"FEE_COMMISSION_INCOME_YOY":null,"ACCOUNTS_RECE_TDAYS":7.014662737242,"INVENTORY_TDAYS":7.978376803451,"CURRENT_ASSETS_TDAYS":1.48306555317,"TOTAL_ASSETS_TDAYS":0.931568195793,"PREMIUM_EXPENSE":null,"LOAN_DEPOSIT":null,"LOAN_EQUITY":null,"LOAN_ASSETS":null,"DEPOSIT_EQUITY":null,"DEPOSIT_ASSETS":null,"EQUITY_MULTIPLIER":1.333014577755,"EQUITY_RATIO":0.333003776851},{"SECUCODE":"06836.HK","SECURITY_CODE":"06836","SECURITY_NAME_ABBR":"甘露国际发展","ORG_CODE":"10467913","STD_REPORT_DATE":"2019-06-30 00:00:00","REPORT_DATE":"2019-06-30 00:00:00","DATE_TYPE_CODE":"002","REPORT_TYPE":"2019年中报","PER_NETCASH_OPERATE":-0.009661756672,"PER_OI":0.468164491305,"BPS":0.819476190092,"BASIC_EPS":0.071,"DILUTED_EPS":0.071,"OPERATE_INCOME":457613000,"OPERATE_INCOME_YOY":4.1701002062,"GROSS_PROFIT":127867000,"GROSS_PROFIT_YOY":4.738618305729,"HOLDER_PROFIT":70297000,"HOLDER_PROFIT_YOY":4.1529617447,"GROSS_PROFIT_RATIO":27.942169475081,"EPS_TTM":0.15379626011,"OPERATE_INCOME_QOQ":1.947779229713,"NET_PROFIT_RATIO":15.3616702323,"ROE_AVG":8.910942546686,"GROSS_PROFIT_QOQ":2.197388962536,"ROA":6.187892866543,"HOLDER_PROFIT_QOQ":1.899991188054,"ROE_YEARLY":17.821885093372,"ROIC_YEARLY":21.384792877313,"TOTAL_ASSETS":1182260000,"TOTAL_LIABILITIES":370559000,"TAX_EBT":26.269364295229,"OCF_SALES":-2.063752559477,"TOTAL_PARENT_EQUITY":811701000,"DEBT_ASSET_RATIO":31.343274745,"OPERATE_PROFIT":101271000,"PRETAX_PROFIT":95343000,"NETCASH_OPERATE":-9444000,"NETCASH_INVEST":-5139000,"NETCASH_FINANCE":42495000,"END_CASH":492595000,"DIVI_RATIO":null,"DIVIDEND_RATE":null,"CURRENT_RATIO":2.161930664018,"COMMON_ACS":null,"CURRENTDEBT_DEBT":95.652244311972,"ISSUED_COMMON_SHARES":990512000,"HK_COMMON_SHARES":990512000,"PER_SHARES":2000,"TOTAL_MARKET_CAP":3169638400,"HKSK_MARKET_CAP":3169638400,"PE_TTM":15.783228202725,"PB_TTM":2.382387090015,"REPORT_DATE_SQ":"2018-06-30 00:00:00","REPORT_TYPE_SQ":"2018年中报","OPERATE_INCOME_SQ":439294000,"DPS_HKD":null,"OPERATE_INCOME_QOQ_SQ":12.87722606805,"NET_PROFIT_RATIO_SQ":15.3641980086,"HOLDER_PROFIT_SQ":67494000,"HOLDER_PROFIT_QOQ_SQ":12.287375994679,"ROE_AVG_SQ":9.964964499426,"PE_TTM_SQ":16.27645408406,"PB_TTM_SQ":2.456836686578,"ROA_SQ":7.193191119296,"START_DATE":"2019-01-01 00:00:00","FISCAL_YEAR":"12-31","CURRENCY":"HKD","IS_CNY_CODE":0,"DPS_HKD_LY":0.045,"ORG_TYPE":"一般企业","PREMIUM_INCOME":null,"PREMIUM_INCOME_YOY":null,"NET_INTEREST_INCOME":null,"NET_INTEREST_INCOME_YOY":null,"FEE_COMMISSION_INCOME":null,"FEE_COMMISSION_INCOME_YOY":null,"ACCOUNTS_RECE_TDAYS":3.11147903245,"INVENTORY_TDAYS":3.560356741816,"CURRENT_ASSETS_TDAYS":0.637094674647,"TOTAL_ASSETS_TDAYS":0.402813806896,"PREMIUM_EXPENSE":null,"LOAN_DEPOSIT":null,"LOAN_EQUITY":null,"LOAN_ASSETS":null,"DEPOSIT_EQUITY":null,"DEPOSIT_ASSETS":null,"EQUITY_MULTIPLIER":1.456521551656,"EQUITY_RATIO":0.456521551655}],"count":21},"success":true,"message":"ok","code":0}