{"version":"a14e437c54501f0e85bf45b7eeec8526","result":{"pages":3,"data":[{"SECUCODE":"06839.HK","SECURITY_CODE":"06839","SECURITY_NAME_ABBR":"云南水务","ORG_CODE":"10170160","STD_REPORT_DATE":"2024-06-30 00:00:00","REPORT_DATE":"2024-06-30 00:00:00","DATE_TYPE_CODE":"002","REPORT_TYPE":"2024年中报","PER_NETCASH_OPERATE":0.020297290362,"PER_OI":1.041277227231,"BPS":1.036659444916,"BASIC_EPS":-0.623,"DILUTED_EPS":-0.623,"OPERATE_INCOME":1242466000,"OPERATE_INCOME_YOY":-15.898154447,"GROSS_PROFIT":201184000,"GROSS_PROFIT_YOY":-32.363986001056,"HOLDER_PROFIT":-743144000,"HOLDER_PROFIT_YOY":-286.4724451217,"GROSS_PROFIT_RATIO":16.192314316851,"EPS_TTM":-1.038307934537,"OPERATE_INCOME_QOQ":-7.536212445922,"NET_PROFIT_RATIO":-74.3635640734,"ROE_AVG":-46.113188112177,"GROSS_PROFIT_QOQ":-14.694716789317,"ROA":-1.596691111074,"HOLDER_PROFIT_QOQ":-80.058220989786,"ROE_YEARLY":-92.226376224353,"ROIC_YEARLY":-3.351211906474,"TOTAL_ASSETS":46241039000,"TOTAL_LIABILITIES":43709793000,"TAX_EBT":-4.97050643496,"OCF_SALES":1.949268631898,"TOTAL_PARENT_EQUITY":1236956000,"DEBT_ASSET_RATIO":94.5259750759,"OPERATE_PROFIT":-289385000,"PRETAX_PROFIT":-880192000,"NETCASH_OPERATE":24219000,"NETCASH_INVEST":241223000,"NETCASH_FINANCE":-436130000,"END_CASH":725168000,"DIVI_RATIO":null,"DIVIDEND_RATE":null,"CURRENT_RATIO":0.587124126755,"COMMON_ACS":null,"CURRENTDEBT_DEBT":36.88332497937,"ISSUED_COMMON_SHARES":1193213457,"HK_COMMON_SHARES":363713900,"PER_SHARES":1000,"TOTAL_MARKET_CAP":215971635.717,"HKSK_MARKET_CAP":65832215.9,"PE_TTM":-0.158226145506,"PB_TTM":0.159353277308,"REPORT_DATE_SQ":"2023-06-30 00:00:00","REPORT_TYPE_SQ":"2023年中报","OPERATE_INCOME_SQ":1477335000,"DPS_HKD":null,"OPERATE_INCOME_QOQ_SQ":-18.552263439212,"NET_PROFIT_RATIO_SQ":-16.8422192664,"HOLDER_PROFIT_SQ":-192289000,"HOLDER_PROFIT_QOQ_SQ":28.455536044031,"ROE_AVG_SQ":-7.305564647403,"PE_TTM_SQ":-0.334070772832,"PB_TTM_SQ":0.099954348126,"ROA_SQ":-0.411931005557,"START_DATE":"2024-01-01 00:00:00","FISCAL_YEAR":"12-31","CURRENCY":"HKD","IS_CNY_CODE":0,"DPS_HKD_LY":null,"ORG_TYPE":"一般企业","PREMIUM_INCOME":null,"PREMIUM_INCOME_YOY":null,"NET_INTEREST_INCOME":null,"NET_INTEREST_INCOME_YOY":null,"FEE_COMMISSION_INCOME":null,"FEE_COMMISSION_INCOME_YOY":null,"ACCOUNTS_RECE_TDAYS":0.173500116775,"INVENTORY_TDAYS":8.252975140782,"CURRENT_ASSETS_TDAYS":0.133597366947,"TOTAL_ASSETS_TDAYS":0.026695154883,"PREMIUM_EXPENSE":null,"LOAN_DEPOSIT":null,"LOAN_EQUITY":null,"LOAN_ASSETS":null,"DEPOSIT_EQUITY":null,"DEPOSIT_ASSETS":null,"EQUITY_MULTIPLIER":18.268093658058,"EQUITY_RATIO":35.336578665692},{"SECUCODE":"06839.HK","SECURITY_CODE":"06839","SECURITY_NAME_ABBR":"云南水务","ORG_CODE":"10170160","STD_REPORT_DATE":"2023-12-31 00:00:00","REPORT_DATE":"2023-12-31 00:00:00","DATE_TYPE_CODE":"001","REPORT_TYPE":"2023年年报","PER_NETCASH_OPERATE":-0.043010745227,"PER_OI":2.611887237541,"BPS":1.664558833416,"BASIC_EPS":-0.577,"DILUTED_EPS":-0.577,"OPERATE_INCOME":3116539000,"OPERATE_INCOME_YOY":-17.7547065148,"GROSS_PROFIT":655113000,"GROSS_PROFIT_YOY":-13.097467924568,"HOLDER_PROFIT":-688068000,"HOLDER_PROFIT_YOY":35.1088611033,"GROSS_PROFIT_RATIO":21.020529504043,"EPS_TTM":-0.576651223604,"OPERATE_INCOME_QOQ":0.979225400372,"NET_PROFIT_RATIO":-31.9137992497,"ROE_AVG":-29.094214924957,"GROSS_PROFIT_QOQ":12.552508285356,"ROA":-1.471599057632,"HOLDER_PROFIT_QOQ":9.299566579139,"ROE_YEARLY":-29.094214924957,"ROIC_YEARLY":-1.549646091758,"TOTAL_ASSETS":46844467000,"TOTAL_LIABILITIES":43393012000,"TAX_EBT":-22.087129865013,"OCF_SALES":-1.646730555915,"TOTAL_PARENT_EQUITY":1986174000,"DEBT_ASSET_RATIO":92.632096764,"OPERATE_PROFIT":106354000,"PRETAX_PROFIT":-814669000,"NETCASH_OPERATE":-51321000,"NETCASH_INVEST":225180000,"NETCASH_FINANCE":125522000,"END_CASH":899244000,"DIVI_RATIO":null,"DIVIDEND_RATE":null,"CURRENT_RATIO":0.758584854847,"COMMON_ACS":null,"CURRENTDEBT_DEBT":27.750657179548,"ISSUED_COMMON_SHARES":1193213457,"HK_COMMON_SHARES":363713900,"PER_SHARES":1000,"TOTAL_MARKET_CAP":236256264.486,"HKSK_MARKET_CAP":72015352.2,"PE_TTM":-0.173087164697,"PB_TTM":0.174320159707,"REPORT_DATE_SQ":"2022-12-31 00:00:00","REPORT_TYPE_SQ":"2022年年报","OPERATE_INCOME_SQ":3789322000,"DPS_HKD":null,"OPERATE_INCOME_QOQ_SQ":-20.281006086446,"NET_PROFIT_RATIO_SQ":-30.5687666554,"HOLDER_PROFIT_SQ":-1060342000,"HOLDER_PROFIT_QOQ_SQ":10.46253981443,"ROE_AVG_SQ":-31.380544241323,"PE_TTM_SQ":-0.423059057299,"PB_TTM_SQ":0.126579742168,"ROA_SQ":-2.230089421719,"START_DATE":"2023-01-01 00:00:00","FISCAL_YEAR":"12-31","CURRENCY":"HKD","IS_CNY_CODE":0,"DPS_HKD_LY":null,"ORG_TYPE":"一般企业","PREMIUM_INCOME":null,"PREMIUM_INCOME_YOY":null,"NET_INTEREST_INCOME":null,"NET_INTEREST_INCOME_YOY":null,"FEE_COMMISSION_INCOME":null,"FEE_COMMISSION_INCOME_YOY":null,"ACCOUNTS_RECE_TDAYS":0.448711667236,"INVENTORY_TDAYS":19.213754073727,"CURRENT_ASSETS_TDAYS":0.353261218241,"TOTAL_ASSETS_TDAYS":0.066654689006,"PREMIUM_EXPENSE":null,"LOAN_DEPOSIT":null,"LOAN_EQUITY":null,"LOAN_ASSETS":null,"DEPOSIT_EQUITY":null,"DEPOSIT_ASSETS":null,"EQUITY_MULTIPLIER":13.572382372151,"EQUITY_RATIO":21.847538030404},{"SECUCODE":"06839.HK","SECURITY_CODE":"06839","SECURITY_NAME_ABBR":"云南水务","ORG_CODE":"10170160","STD_REPORT_DATE":"2023-06-30 00:00:00","REPORT_DATE":"2023-06-30 00:00:00","DATE_TYPE_CODE":"002","REPORT_TYPE":"2023年中报","PER_NETCASH_OPERATE":-0.187214616705,"PER_OI":1.2381145983,"BPS":2.112298503854,"BASIC_EPS":-0.161,"DILUTED_EPS":-0.161,"OPERATE_INCOME":1477335000,"OPERATE_INCOME_YOY":-32.2429070695,"GROSS_PROFIT":297451000,"GROSS_PROFIT_YOY":-36.611131001091,"HOLDER_PROFIT":-192289000,"HOLDER_PROFIT_YOY":61.0762831088,"GROSS_PROFIT_RATIO":20.134295877374,"EPS_TTM":-0.635775598699,"OPERATE_INCOME_QOQ":-18.552263439212,"NET_PROFIT_RATIO":-16.8422192664,"ROE_AVG":-7.305564647403,"GROSS_PROFIT_QOQ":-22.78934214855,"ROA":-0.411931005557,"HOLDER_PROFIT_QOQ":28.455536044031,"ROE_YEARLY":-14.611129294806,"ROIC_YEARLY":-0.866162277331,"TOTAL_ASSETS":46691305000,"TOTAL_LIABILITIES":42475964000,"TAX_EBT":-1.590723501552,"OCF_SALES":-15.120944132509,"TOTAL_PARENT_EQUITY":2520423000,"DEBT_ASSET_RATIO":90.9718929467,"OPERATE_PROFIT":222598000,"PRETAX_PROFIT":-244920000,"NETCASH_OPERATE":-223387000,"NETCASH_INVEST":233388000,"NETCASH_FINANCE":-90715000,"END_CASH":523815000,"DIVI_RATIO":null,"DIVIDEND_RATE":null,"CURRENT_RATIO":0.700080368395,"COMMON_ACS":null,"CURRENTDEBT_DEBT":28.555316602114,"ISSUED_COMMON_SHARES":1193213457,"HK_COMMON_SHARES":363713900,"PER_SHARES":1000,"TOTAL_MARKET_CAP":236256264.486,"HKSK_MARKET_CAP":72015352.2,"PE_TTM":-0.173087164697,"PB_TTM":0.174320159707,"REPORT_DATE_SQ":"2022-06-30 00:00:00","REPORT_TYPE_SQ":"2022年中报","OPERATE_INCOME_SQ":2180340000,"DPS_HKD":null,"OPERATE_INCOME_QOQ_SQ":-9.987117343147,"NET_PROFIT_RATIO_SQ":-23.0389297082,"HOLDER_PROFIT_SQ":-494015000,"HOLDER_PROFIT_QOQ_SQ":-18.202651825176,"ROE_AVG_SQ":-13.028002101822,"PE_TTM_SQ":-0.423059057299,"PB_TTM_SQ":0.126579742168,"ROA_SQ":-1.019144354856,"START_DATE":"2023-01-01 00:00:00","FISCAL_YEAR":"12-31","CURRENCY":"HKD","IS_CNY_CODE":0,"DPS_HKD_LY":null,"ORG_TYPE":"一般企业","PREMIUM_INCOME":null,"PREMIUM_INCOME_YOY":null,"NET_INTEREST_INCOME":null,"NET_INTEREST_INCOME_YOY":null,"FEE_COMMISSION_INCOME":null,"FEE_COMMISSION_INCOME_YOY":null,"ACCOUNTS_RECE_TDAYS":0.223285024826,"INVENTORY_TDAYS":9.180404911221,"CURRENT_ASSETS_TDAYS":0.173793863809,"TOTAL_ASSETS_TDAYS":0.031648200994,"PREMIUM_EXPENSE":null,"LOAN_DEPOSIT":null,"LOAN_EQUITY":null,"LOAN_ASSETS":null,"DEPOSIT_EQUITY":null,"DEPOSIT_ASSETS":null,"EQUITY_MULTIPLIER":11.076519076438,"EQUITY_RATIO":16.852712421685},{"SECUCODE":"06839.HK","SECURITY_CODE":"06839","SECURITY_NAME_ABBR":"云南水务","ORG_CODE":"10170160","STD_REPORT_DATE":"2022-12-31 00:00:00","REPORT_DATE":"2022-12-31 00:00:00","DATE_TYPE_CODE":"001","REPORT_TYPE":"2022年年报","PER_NETCASH_OPERATE":-0.331372394168,"PER_OI":3.175728515103,"BPS":2.299467864617,"BASIC_EPS":-0.889,"DILUTED_EPS":-0.889,"OPERATE_INCOME":3789322000,"OPERATE_INCOME_YOY":-28.2426355534,"GROSS_PROFIT":753848000,"GROSS_PROFIT_YOY":-42.741256786605,"HOLDER_PROFIT":-1060342000,"HOLDER_PROFIT_YOY":-5.8356523163,"GROSS_PROFIT_RATIO":19.894007424019,"EPS_TTM":-0.888644017363,"OPERATE_INCOME_QOQ":-20.281006086446,"NET_PROFIT_RATIO":-30.5687666554,"ROE_AVG":-31.380544241323,"GROSS_PROFIT_QOQ":-33.024092200176,"ROA":-2.230089421719,"HOLDER_PROFIT_QOQ":10.46253981443,"ROE_YEARLY":-31.380544241323,"ROIC_YEARLY":-2.389865038603,"TOTAL_ASSETS":46668504000,"TOTAL_LIABILITIES":42180188000,"TAX_EBT":-17.915039206644,"OCF_SALES":-10.434531559999,"TOTAL_PARENT_EQUITY":2743756000,"DEBT_ASSET_RATIO":90.3825586524,"OPERATE_PROFIT":326259000,"PRETAX_PROFIT":-982359000,"NETCASH_OPERATE":-395398000,"NETCASH_INVEST":173056000,"NETCASH_FINANCE":410182000,"END_CASH":602150000,"DIVI_RATIO":null,"DIVIDEND_RATE":null,"CURRENT_RATIO":0.644239046054,"COMMON_ACS":null,"CURRENTDEBT_DEBT":31.315180482363,"ISSUED_COMMON_SHARES":1193213457,"HK_COMMON_SHARES":363713900,"PER_SHARES":1000,"TOTAL_MARKET_CAP":236256264.486,"HKSK_MARKET_CAP":72015352.2,"PE_TTM":-0.173087164697,"PB_TTM":0.174320159707,"REPORT_DATE_SQ":"2021-12-31 00:00:00","REPORT_TYPE_SQ":"2021年年报","OPERATE_INCOME_SQ":5280743000,"DPS_HKD":null,"OPERATE_INCOME_QOQ_SQ":-34.528544142009,"NET_PROFIT_RATIO_SQ":-19.9830592021,"HOLDER_PROFIT_SQ":-1001876000,"HOLDER_PROFIT_QOQ_SQ":-578.45309671966,"ROE_AVG_SQ":-21.804649470274,"PE_TTM_SQ":-0.423059057299,"PB_TTM_SQ":0.126579742168,"ROA_SQ":-2.094256684845,"START_DATE":"2022-01-01 00:00:00","FISCAL_YEAR":"12-31","CURRENCY":"HKD","IS_CNY_CODE":0,"DPS_HKD_LY":null,"ORG_TYPE":"一般企业","PREMIUM_INCOME":null,"PREMIUM_INCOME_YOY":null,"NET_INTEREST_INCOME":null,"NET_INTEREST_INCOME_YOY":null,"FEE_COMMISSION_INCOME":null,"FEE_COMMISSION_INCOME_YOY":null,"ACCOUNTS_RECE_TDAYS":0.581928501362,"INVENTORY_TDAYS":24.682362794404,"CURRENT_ASSETS_TDAYS":0.460068640196,"TOTAL_ASSETS_TDAYS":0.079696238645,"PREMIUM_EXPENSE":null,"LOAN_DEPOSIT":null,"LOAN_EQUITY":null,"LOAN_ASSETS":null,"DEPOSIT_EQUITY":null,"DEPOSIT_ASSETS":null,"EQUITY_MULTIPLIER":10.397775914168,"EQUITY_RATIO":15.373155630457},{"SECUCODE":"06839.HK","SECURITY_CODE":"06839","SECURITY_NAME_ABBR":"云南水务","ORG_CODE":"10170160","STD_REPORT_DATE":"2022-06-30 00:00:00","REPORT_DATE":"2022-06-30 00:00:00","DATE_TYPE_CODE":"002","REPORT_TYPE":"2022年中报","PER_NETCASH_OPERATE":0.141447449331,"PER_OI":1.827284118536,"BPS":2.99166337679,"BASIC_EPS":-0.414,"DILUTED_EPS":-0.414,"OPERATE_INCOME":2180340000,"OPERATE_INCOME_YOY":-19.4773194117,"GROSS_PROFIT":469248000,"GROSS_PROFIT_YOY":-28.929923166748,"HOLDER_PROFIT":-494015000,"HOLDER_PROFIT_YOY":-58.5174893389,"GROSS_PROFIT_RATIO":21.521781006632,"EPS_TTM":-0.992482940125,"OPERATE_INCOME_QOQ":-9.987117343147,"NET_PROFIT_RATIO":-23.0389297082,"ROE_AVG":-13.028002101822,"GROSS_PROFIT_QOQ":-14.508447747318,"ROA":-1.019144354856,"HOLDER_PROFIT_QOQ":-18.202651825176,"ROE_YEARLY":-26.056004203645,"ROIC_YEARLY":-2.221484323098,"TOTAL_ASSETS":48521392000,"TOTAL_LIABILITIES":41439591000,"TAX_EBT":-0.485899123421,"OCF_SALES":7.74085693057,"TOTAL_PARENT_EQUITY":3569693000,"DEBT_ASSET_RATIO":85.4047859962,"OPERATE_PROFIT":227690000,"PRETAX_PROFIT":-499898000,"NETCASH_OPERATE":168777000,"NETCASH_INVEST":-119447000,"NETCASH_FINANCE":-7611000,"END_CASH":470304000,"DIVI_RATIO":null,"DIVIDEND_RATE":null,"CURRENT_RATIO":0.321764735217,"COMMON_ACS":null,"CURRENTDEBT_DEBT":65.278957507085,"ISSUED_COMMON_SHARES":1193213457,"HK_COMMON_SHARES":363713900,"PER_SHARES":1000,"TOTAL_MARKET_CAP":236256264.486,"HKSK_MARKET_CAP":72015352.2,"PE_TTM":-0.173087164697,"PB_TTM":0.174320159707,"REPORT_DATE_SQ":"2021-06-30 00:00:00","REPORT_TYPE_SQ":"2021年中报","OPERATE_INCOME_SQ":2707734000,"DPS_HKD":null,"OPERATE_INCOME_QOQ_SQ":-3.941009666974,"NET_PROFIT_RATIO_SQ":-13.4162366023,"HOLDER_PROFIT_SQ":-311647000,"HOLDER_PROFIT_QOQ_SQ":-6.139088729017,"ROE_AVG_SQ":-6.271488961198,"PE_TTM_SQ":-0.423059057299,"PB_TTM_SQ":0.126579742168,"ROA_SQ":-0.654191092013,"START_DATE":"2022-01-01 00:00:00","FISCAL_YEAR":"12-31","CURRENCY":"HKD","IS_CNY_CODE":0,"DPS_HKD_LY":null,"ORG_TYPE":"一般企业","PREMIUM_INCOME":null,"PREMIUM_INCOME_YOY":null,"NET_INTEREST_INCOME":null,"NET_INTEREST_INCOME_YOY":null,"FEE_COMMISSION_INCOME":null,"FEE_COMMISSION_INCOME_YOY":null,"ACCOUNTS_RECE_TDAYS":0.324075075297,"INVENTORY_TDAYS":14.242720870998,"CURRENT_ASSETS_TDAYS":0.261629382494,"TOTAL_ASSETS_TDAYS":0.044980035073,"PREMIUM_EXPENSE":null,"LOAN_DEPOSIT":null,"LOAN_EQUITY":null,"LOAN_ASSETS":null,"DEPOSIT_EQUITY":null,"DEPOSIT_ASSETS":null,"EQUITY_MULTIPLIER":6.851561064741,"EQUITY_RATIO":11.608726856903},{"SECUCODE":"06839.HK","SECURITY_CODE":"06839","SECURITY_NAME_ABBR":"云南水务","ORG_CODE":"10170160","STD_REPORT_DATE":"2021-12-31 00:00:00","REPORT_DATE":"2021-12-31 00:00:00","DATE_TYPE_CODE":"001","REPORT_TYPE":"2021年年报","PER_NETCASH_OPERATE":-2.364857673576,"PER_OI":4.425648209899,"BPS":3.364194374821,"BASIC_EPS":-0.84,"DILUTED_EPS":-0.84,"OPERATE_INCOME":5280743000,"OPERATE_INCOME_YOY":-37.1087805465,"GROSS_PROFIT":1316564000,"GROSS_PROFIT_YOY":-37.190787603071,"HOLDER_PROFIT":-1001876000,"HOLDER_PROFIT_YOY":-549.0804365853,"GROSS_PROFIT_RATIO":24.931415901134,"EPS_TTM":-0.839645240441,"OPERATE_INCOME_QOQ":-34.528544142009,"NET_PROFIT_RATIO":-19.9830592021,"ROE_AVG":-21.804649470274,"GROSS_PROFIT_QOQ":-38.405872701678,"ROA":-2.094256684845,"HOLDER_PROFIT_QOQ":-578.45309671966,"ROE_YEARLY":-21.804649470274,"ROIC_YEARLY":-2.289055741545,"TOTAL_ASSETS":48425620000,"TOTAL_LIABILITIES":40827482000,"TAX_EBT":-2.359125180783,"OCF_SALES":-53.435283633383,"TOTAL_PARENT_EQUITY":4014202000,"DEBT_ASSET_RATIO":84.309673268,"OPERATE_PROFIT":416804000,"PRETAX_PROFIT":-1030933000,"NETCASH_OPERATE":-2821780000,"NETCASH_INVEST":-93481000,"NETCASH_FINANCE":1645297000,"END_CASH":428427000,"DIVI_RATIO":null,"DIVIDEND_RATE":null,"CURRENT_RATIO":0.291449491861,"COMMON_ACS":null,"CURRENTDEBT_DEBT":66.922677230009,"ISSUED_COMMON_SHARES":1193213457,"HK_COMMON_SHARES":363713900,"PER_SHARES":1000,"TOTAL_MARKET_CAP":236256264.486,"HKSK_MARKET_CAP":72015352.2,"PE_TTM":-0.173087164697,"PB_TTM":0.174320159707,"REPORT_DATE_SQ":"2020-12-31 00:00:00","REPORT_TYPE_SQ":"2020年年报","OPERATE_INCOME_SQ":8396630000,"DPS_HKD":null,"OPERATE_INCOME_QOQ_SQ":20.245376105932,"NET_PROFIT_RATIO_SQ":4.0648569724,"HOLDER_PROFIT_SQ":223095000,"HOLDER_PROFIT_QOQ_SQ":445.517899061033,"ROE_AVG_SQ":4.495763438951,"PE_TTM_SQ":-0.423059057299,"PB_TTM_SQ":0.126579742168,"ROA_SQ":0.512144207614,"START_DATE":"2021-01-01 00:00:00","FISCAL_YEAR":"12-31","CURRENCY":"HKD","IS_CNY_CODE":0,"DPS_HKD_LY":0.07,"ORG_TYPE":"一般企业","PREMIUM_INCOME":null,"PREMIUM_INCOME_YOY":null,"NET_INTEREST_INCOME":null,"NET_INTEREST_INCOME_YOY":null,"FEE_COMMISSION_INCOME":null,"FEE_COMMISSION_INCOME_YOY":null,"ACCOUNTS_RECE_TDAYS":0.740351669437,"INVENTORY_TDAYS":35.334512879936,"CURRENT_ASSETS_TDAYS":0.569676338834,"TOTAL_ASSETS_TDAYS":0.110385230594,"PREMIUM_EXPENSE":null,"LOAN_DEPOSIT":null,"LOAN_EQUITY":null,"LOAN_ASSETS":null,"DEPOSIT_EQUITY":null,"DEPOSIT_ASSETS":null,"EQUITY_MULTIPLIER":6.373353576892,"EQUITY_RATIO":10.170759219392},{"SECUCODE":"06839.HK","SECURITY_CODE":"06839","SECURITY_NAME_ABBR":"云南水务","ORG_CODE":"10170160","STD_REPORT_DATE":"2021-06-30 00:00:00","REPORT_DATE":"2021-06-30 00:00:00","DATE_TYPE_CODE":"002","REPORT_TYPE":"2021年中报","PER_NETCASH_OPERATE":-1.738287468878,"PER_OI":2.269278798454,"BPS":3.991885921213,"BASIC_EPS":-0.261,"DILUTED_EPS":-0.261,"OPERATE_INCOME":2707734000,"OPERATE_INCOME_YOY":-10.8901135572,"GROSS_PROFIT":660261000,"GROSS_PROFIT_YOY":6.681262219063,"HOLDER_PROFIT":-311647000,"HOLDER_PROFIT_YOY":-4.5967289924,"GROSS_PROFIT_RATIO":24.384263742303,"EPS_TTM":0.175491651365,"OPERATE_INCOME_QOQ":-3.941009666974,"NET_PROFIT_RATIO":-13.4162366023,"ROE_AVG":-6.271488961198,"GROSS_PROFIT_QOQ":1.972728816697,"ROA":-0.654191092013,"HOLDER_PROFIT_QOQ":-6.139088729017,"ROE_YEARLY":-12.542977922396,"ROIC_YEARLY":-1.444737187016,"TOTAL_ASSETS":48024240000,"TOTAL_LIABILITIES":39142289000,"TAX_EBT":4.197851231823,"OCF_SALES":-76.600877338764,"TOTAL_PARENT_EQUITY":4763172000,"DEBT_ASSET_RATIO":81.5052752527,"OPERATE_PROFIT":381672000,"PRETAX_PROFIT":-379194000,"NETCASH_OPERATE":-2074148000,"NETCASH_INVEST":-175345000,"NETCASH_FINANCE":1296411000,"END_CASH":743627000,"DIVI_RATIO":null,"DIVIDEND_RATE":null,"CURRENT_RATIO":0.391242333691,"COMMON_ACS":null,"CURRENTDEBT_DEBT":59.206913014208,"ISSUED_COMMON_SHARES":1193213457,"HK_COMMON_SHARES":363713900,"PER_SHARES":1000,"TOTAL_MARKET_CAP":236256264.486,"HKSK_MARKET_CAP":72015352.2,"PE_TTM":-0.173087164697,"PB_TTM":0.174320159707,"REPORT_DATE_SQ":"2020-06-30 00:00:00","REPORT_TYPE_SQ":"2020年中报","OPERATE_INCOME_SQ":3038646000,"DPS_HKD":null,"OPERATE_INCOME_QOQ_SQ":6.804640056384,"NET_PROFIT_RATIO_SQ":-6.3571406475,"HOLDER_PROFIT_SQ":-297951000,"HOLDER_PROFIT_QOQ_SQ":-89.728571679731,"ROE_AVG_SQ":-6.644756920799,"PE_TTM_SQ":-0.423059057299,"PB_TTM_SQ":0.126579742168,"ROA_SQ":-0.72583777708,"START_DATE":"2021-01-01 00:00:00","FISCAL_YEAR":"12-31","CURRENCY":"HKD","IS_CNY_CODE":0,"DPS_HKD_LY":0.07,"ORG_TYPE":"一般企业","PREMIUM_INCOME":null,"PREMIUM_INCOME_YOY":null,"NET_INTEREST_INCOME":null,"NET_INTEREST_INCOME_YOY":null,"FEE_COMMISSION_INCOME":null,"FEE_COMMISSION_INCOME_YOY":null,"ACCOUNTS_RECE_TDAYS":0.363975372523,"INVENTORY_TDAYS":18.070296365594,"CURRENT_ASSETS_TDAYS":0.27569119329,"TOTAL_ASSETS_TDAYS":0.056839162974,"PREMIUM_EXPENSE":null,"LOAN_DEPOSIT":null,"LOAN_EQUITY":null,"LOAN_ASSETS":null,"DEPOSIT_EQUITY":null,"DEPOSIT_ASSETS":null,"EQUITY_MULTIPLIER":5.406947189879,"EQUITY_RATIO":8.217693797327},{"SECUCODE":"06839.HK","SECURITY_CODE":"06839","SECURITY_NAME_ABBR":"云南水务","ORG_CODE":"10170160","STD_REPORT_DATE":"2020-12-31 00:00:00","REPORT_DATE":"2020-12-31 00:00:00","DATE_TYPE_CODE":"001","REPORT_TYPE":"2020年年报","PER_NETCASH_OPERATE":-4.307669319221,"PER_OI":7.036989023834,"BPS":4.337330399384,"BASIC_EPS":0.187,"DILUTED_EPS":0.187,"OPERATE_INCOME":8396630000,"OPERATE_INCOME_YOY":28.4276411344,"GROSS_PROFIT":2096132000,"GROSS_PROFIT_YOY":14.398140492372,"HOLDER_PROFIT":223095000,"HOLDER_PROFIT_YOY":-43.9675200237,"GROSS_PROFIT_RATIO":24.963967687036,"EPS_TTM":0.186969899385,"OPERATE_INCOME_QOQ":20.245376105932,"NET_PROFIT_RATIO":4.0648569724,"ROE_AVG":4.495763438951,"GROSS_PROFIT_QOQ":22.370856086691,"ROA":0.512144207614,"HOLDER_PROFIT_QOQ":445.517899061033,"ROE_YEARLY":4.495763438951,"ROIC_YEARLY":0.581529674455,"TOTAL_ASSETS":47252814000,"TOTAL_LIABILITIES":39645252000,"TAX_EBT":32.094169796906,"OCF_SALES":-61.214665883813,"TOTAL_PARENT_EQUITY":5175361000,"DEBT_ASSET_RATIO":83.9002985092,"OPERATE_PROFIT":1677317000,"PRETAX_PROFIT":502624000,"NETCASH_OPERATE":-5139969000,"NETCASH_INVEST":-179760000,"NETCASH_FINANCE":4549130000,"END_CASH":1697688000,"DIVI_RATIO":null,"DIVIDEND_RATE":null,"CURRENT_RATIO":0.792064853298,"COMMON_ACS":null,"CURRENTDEBT_DEBT":33.680504792856,"ISSUED_COMMON_SHARES":1193213457,"HK_COMMON_SHARES":363713900,"PER_SHARES":1000,"TOTAL_MARKET_CAP":236256264.486,"HKSK_MARKET_CAP":72015352.2,"PE_TTM":-0.173087164697,"PB_TTM":0.174320159707,"REPORT_DATE_SQ":"2019-12-31 00:00:00","REPORT_TYPE_SQ":"2019年年报","OPERATE_INCOME_SQ":6538024000,"DPS_HKD":null,"OPERATE_INCOME_QOQ_SQ":1.735250310122,"NET_PROFIT_RATIO_SQ":8.4705715366,"HOLDER_PROFIT_SQ":398153000,"HOLDER_PROFIT_QOQ_SQ":5.173998721491,"ROE_AVG_SQ":8.55678263099,"PE_TTM_SQ":-0.423059057299,"PB_TTM_SQ":0.126579742168,"ROA_SQ":1.097702385474,"START_DATE":"2020-01-01 00:00:00","FISCAL_YEAR":"12-31","CURRENCY":"HKD","IS_CNY_CODE":0,"DPS_HKD_LY":0.16,"ORG_TYPE":"一般企业","PREMIUM_INCOME":null,"PREMIUM_INCOME_YOY":null,"NET_INTEREST_INCOME":null,"NET_INTEREST_INCOME_YOY":null,"FEE_COMMISSION_INCOME":null,"FEE_COMMISSION_INCOME_YOY":null,"ACCOUNTS_RECE_TDAYS":1.121813064468,"INVENTORY_TDAYS":59.488608359849,"CURRENT_ASSETS_TDAYS":0.789135520661,"TOTAL_ASSETS_TDAYS":0.192755795423,"PREMIUM_EXPENSE":null,"LOAN_DEPOSIT":null,"LOAN_EQUITY":null,"LOAN_ASSETS":null,"DEPOSIT_EQUITY":null,"DEPOSIT_ASSETS":null,"EQUITY_MULTIPLIER":6.211295287502,"EQUITY_RATIO":7.660383884332},{"SECUCODE":"06839.HK","SECURITY_CODE":"06839","SECURITY_NAME_ABBR":"云南水务","ORG_CODE":"10170160","STD_REPORT_DATE":"2020-06-30 00:00:00","REPORT_DATE":"2020-06-30 00:00:00","DATE_TYPE_CODE":"002","REPORT_TYPE":"2020年中报","PER_NETCASH_OPERATE":-2.517464065107,"PER_OI":2.546607216147,"BPS":3.535567735388,"BASIC_EPS":-0.25,"DILUTED_EPS":-0.25,"OPERATE_INCOME":3038646000,"OPERATE_INCOME_YOY":17.1523006974,"GROSS_PROFIT":618910000,"GROSS_PROFIT_YOY":-16.169684229347,"HOLDER_PROFIT":-297951000,"HOLDER_PROFIT_YOY":-602.3960476174,"GROSS_PROFIT_RATIO":20.367953358173,"EPS_TTM":0.03427383404,"OPERATE_INCOME_QOQ":6.804640056384,"NET_PROFIT_RATIO":-6.3571406475,"ROE_AVG":-6.644756920799,"GROSS_PROFIT_QOQ":-6.515207827484,"ROA":-0.72583777708,"HOLDER_PROFIT_QOQ":-89.728571679731,"ROE_YEARLY":-13.289513841599,"ROIC_YEARLY":-1.665171794141,"TOTAL_ASSETS":42229378000,"TOTAL_LIABILITIES":35761425000,"TAX_EBT":-14.309130717794,"OCF_SALES":-98.855608715198,"TOTAL_PARENT_EQUITY":4218687000,"DEBT_ASSET_RATIO":84.6837597276,"OPERATE_PROFIT":375455000,"PRETAX_PROFIT":-168990000,"NETCASH_OPERATE":-3003872000,"NETCASH_INVEST":-140358000,"NETCASH_FINANCE":2687133000,"END_CASH":2011705000,"DIVI_RATIO":null,"DIVIDEND_RATE":null,"CURRENT_RATIO":1.094564385712,"COMMON_ACS":null,"CURRENTDEBT_DEBT":25.363027340214,"ISSUED_COMMON_SHARES":1193213457,"HK_COMMON_SHARES":363713900,"PER_SHARES":1000,"TOTAL_MARKET_CAP":236256264.486,"HKSK_MARKET_CAP":72015352.2,"PE_TTM":-0.173087164697,"PB_TTM":0.174320159707,"REPORT_DATE_SQ":"2019-06-30 00:00:00","REPORT_TYPE_SQ":"2019年中报","OPERATE_INCOME_SQ":2593757000,"DPS_HKD":null,"OPERATE_INCOME_QOQ_SQ":2.731620230615,"NET_PROFIT_RATIO_SQ":4.6665898155,"HOLDER_PROFIT_SQ":59306000,"HOLDER_PROFIT_QOQ_SQ":-4.823847965949,"ROE_AVG_SQ":1.313902540449,"PE_TTM_SQ":-0.423059057299,"PB_TTM_SQ":0.126579742168,"ROA_SQ":0.171781764688,"START_DATE":"2020-01-01 00:00:00","FISCAL_YEAR":"12-31","CURRENCY":"HKD","IS_CNY_CODE":0,"DPS_HKD_LY":0.16,"ORG_TYPE":"一般企业","PREMIUM_INCOME":null,"PREMIUM_INCOME_YOY":null,"NET_INTEREST_INCOME":null,"NET_INTEREST_INCOME_YOY":null,"FEE_COMMISSION_INCOME":null,"FEE_COMMISSION_INCOME_YOY":null,"ACCOUNTS_RECE_TDAYS":0.438565402208,"INVENTORY_TDAYS":21.437116836174,"CURRENT_ASSETS_TDAYS":0.294552999132,"TOTAL_ASSETS_TDAYS":0.074024388506,"PREMIUM_EXPENSE":null,"LOAN_DEPOSIT":null,"LOAN_EQUITY":null,"LOAN_ASSETS":null,"DEPOSIT_EQUITY":null,"DEPOSIT_ASSETS":null,"EQUITY_MULTIPLIER":6.52901744955,"EQUITY_RATIO":8.476908810727}],"count":25},"success":true,"message":"ok","code":0}