{"version":"488aa8acbf40855876d6e7d67c74c4d5","result":{"pages":2,"data":[{"SECUCODE":"06855.HK","SECURITY_CODE":"06855","SECURITY_NAME_ABBR":"亚盛医药-B","ORG_CODE":"10962233","STD_REPORT_DATE":"2024-06-30 00:00:00","REPORT_DATE":"2024-06-30 00:00:00","DATE_TYPE_CODE":"002","REPORT_TYPE":"2024年中报","PER_NETCASH_OPERATE":-1.126286472932,"PER_OI":2.617938878053,"BPS":2.200610227371,"BASIC_EPS":0.56,"DILUTED_EPS":0.55,"OPERATE_INCOME":823746000,"OPERATE_INCOME_YOY":477.2531376795,"GROSS_PROFIT":808687000,"GROSS_PROFIT_YOY":549.302672886541,"HOLDER_PROFIT":163001000,"HOLDER_PROFIT_YOY":140.5121398978,"GROSS_PROFIT_RATIO":98.17188793633,"EPS_TTM":-1.145018135055,"OPERATE_INCOME_QOQ":306.799138676661,"NET_PROFIT_RATIO":19.766529974,"ROE_AVG":39.428603220064,"GROSS_PROFIT_QOQ":357.363365214348,"ROA":5.813716470354,"HOLDER_PROFIT_QOQ":61.077074490324,"ROE_YEARLY":78.857206440127,"ROIC_YEARLY":19.215805433501,"TOTAL_ASSETS":3107070000,"TOTAL_LIABILITIES":2330631000,"TAX_EBT":0.042358574542,"OCF_SALES":-43.021878103202,"TOTAL_PARENT_EQUITY":766399000,"DEBT_ASSET_RATIO":75.0105726617,"OPERATE_PROFIT":198223000,"PRETAX_PROFIT":162895000,"NETCASH_OPERATE":-354391000,"NETCASH_INVEST":-131278000,"NETCASH_FINANCE":396906000,"END_CASH":952434000,"DIVI_RATIO":null,"DIVIDEND_RATE":null,"CURRENT_RATIO":1.843374477871,"COMMON_ACS":500000000,"CURRENTDEBT_DEBT":45.710796775637,"ISSUED_COMMON_SHARES":348266581,"HK_COMMON_SHARES":348266581,"PER_SHARES":100,"TOTAL_MARKET_CAP":13181890090.85,"HKSK_MARKET_CAP":13181890090.85,"PE_TTM":-32.433237350373,"PB_TTM":15.69789032621,"REPORT_DATE_SQ":"2023-06-30 00:00:00","REPORT_TYPE_SQ":"2023年中报","OPERATE_INCOME_SQ":142701000,"DPS_HKD":null,"OPERATE_INCOME_QOQ_SQ":22.38223078427,"NET_PROFIT_RATIO_SQ":-281.9524740541,"HOLDER_PROFIT_SQ":-402351000,"HOLDER_PROFIT_QOQ_SQ":0.496418717806,"ROE_AVG_SQ":-80.587535451618,"PE_TTM_SQ":-7.811672325731,"PB_TTM_SQ":11.589368488595,"ROA_SQ":-13.998849059834,"START_DATE":"2024-01-01 00:00:00","FISCAL_YEAR":"12-31","CURRENCY":"HKD","IS_CNY_CODE":0,"DPS_HKD_LY":null,"ORG_TYPE":"一般企业","PREMIUM_INCOME":null,"PREMIUM_INCOME_YOY":null,"NET_INTEREST_INCOME":null,"NET_INTEREST_INCOME_YOY":null,"FEE_COMMISSION_INCOME":null,"FEE_COMMISSION_INCOME_YOY":null,"ACCOUNTS_RECE_TDAYS":1.852334233552,"INVENTORY_TDAYS":1.120252929143,"CURRENT_ASSETS_TDAYS":0.498030088721,"TOTAL_ASSETS_TDAYS":0.293803454432,"PREMIUM_EXPENSE":null,"LOAN_DEPOSIT":null,"LOAN_EQUITY":null,"LOAN_ASSETS":null,"DEPOSIT_EQUITY":null,"DEPOSIT_ASSETS":null,"EQUITY_MULTIPLIER":4.001692341574,"EQUITY_RATIO":3.041015189216},{"SECUCODE":"06855.HK","SECURITY_CODE":"06855","SECURITY_NAME_ABBR":"亚盛医药-B","ORG_CODE":"10962233","STD_REPORT_DATE":"2023-12-31 00:00:00","REPORT_DATE":"2023-12-31 00:00:00","DATE_TYPE_CODE":"001","REPORT_TYPE":"2023年年报","PER_NETCASH_OPERATE":-2.502017942597,"PER_OI":0.764943595472,"BPS":0.173479177435,"BASIC_EPS":-3.28,"DILUTED_EPS":-3.28,"OPERATE_INCOME":221984000,"OPERATE_INCOME_YOY":5.8523396484,"GROSS_PROFIT":191441000,"GROSS_PROFIT_YOY":1.986010558672,"HOLDER_PROFIT":-925637000,"HOLDER_PROFIT_YOY":-4.8376757229,"GROSS_PROFIT_RATIO":86.240900245063,"EPS_TTM":-3.189689774407,"OPERATE_INCOME_QOQ":-13.506773842875,"NET_PROFIT_RATIO":-417.0174426986,"ROE_AVG":-394.664819058786,"GROSS_PROFIT_QOQ":-13.577677660506,"ROA":-34.728834398181,"HOLDER_PROFIT_QOQ":-5.360705988679,"ROE_YEARLY":-394.664819058786,"ROIC_YEARLY":-67.703957699884,"TOTAL_ASSETS":2500393000,"TOTAL_LIABILITIES":2429761000,"TAX_EBT":0.766458490109,"OCF_SALES":-327.085285425977,"TOTAL_PARENT_EQUITY":60417000,"DEBT_ASSET_RATIO":97.1751640642,"OPERATE_PROFIT":-837881000,"PRETAX_PROFIT":-932862000,"NETCASH_OPERATE":-726077000,"NETCASH_INVEST":21922000,"NETCASH_FINANCE":368751000,"END_CASH":1038048000,"DIVI_RATIO":null,"DIVIDEND_RATE":null,"CURRENT_RATIO":1.438896221578,"COMMON_ACS":500000000,"CURRENTDEBT_DEBT":38.447114757377,"ISSUED_COMMON_SHARES":348266581,"HK_COMMON_SHARES":348266581,"PER_SHARES":100,"TOTAL_MARKET_CAP":12537596916,"HKSK_MARKET_CAP":12537596916,"PE_TTM":-30.847993252667,"PB_TTM":14.930622238932,"REPORT_DATE_SQ":"2022-12-31 00:00:00","REPORT_TYPE_SQ":"2022年年报","OPERATE_INCOME_SQ":209711000,"DPS_HKD":null,"OPERATE_INCOME_QOQ_SQ":89.427141669979,"NET_PROFIT_RATIO_SQ":-421.0194028926,"HOLDER_PROFIT_SQ":-882924000,"HOLDER_PROFIT_QOQ_SQ":-8.670779198401,"ROE_AVG_SQ":-107.451221404471,"PE_TTM_SQ":-6.695719136341,"PB_TTM_SQ":9.933744418796,"ROA_SQ":-30.602248991001,"START_DATE":"2023-01-01 00:00:00","FISCAL_YEAR":"12-31","CURRENCY":"HKD","IS_CNY_CODE":0,"DPS_HKD_LY":null,"ORG_TYPE":"一般企业","PREMIUM_INCOME":null,"PREMIUM_INCOME_YOY":null,"NET_INTEREST_INCOME":null,"NET_INTEREST_INCOME_YOY":null,"FEE_COMMISSION_INCOME":null,"FEE_COMMISSION_INCOME_YOY":null,"ACCOUNTS_RECE_TDAYS":2.217079735729,"INVENTORY_TDAYS":2.384774546164,"CURRENT_ASSETS_TDAYS":0.148949261675,"TOTAL_ASSETS_TDAYS":0.083285840724,"PREMIUM_EXPENSE":null,"LOAN_DEPOSIT":null,"LOAN_EQUITY":null,"LOAN_ASSETS":null,"DEPOSIT_EQUITY":null,"DEPOSIT_ASSETS":null,"EQUITY_MULTIPLIER":35.400285989239,"EQUITY_RATIO":40.2165119089},{"SECUCODE":"06855.HK","SECURITY_CODE":"06855","SECURITY_NAME_ABBR":"亚盛医药-B","ORG_CODE":"10962233","STD_REPORT_DATE":"2023-06-30 00:00:00","REPORT_DATE":"2023-06-30 00:00:00","DATE_TYPE_CODE":"002","REPORT_TYPE":"2023年中报","PER_NETCASH_OPERATE":-1.271406719384,"PER_OI":0.492398199723,"BPS":1.693777216023,"BASIC_EPS":-1.47,"DILUTED_EPS":-1.47,"OPERATE_INCOME":142701000,"OPERATE_INCOME_YOY":49.0147551768,"GROSS_PROFIT":124547000,"GROSS_PROFIT_YOY":37.25397280201,"HOLDER_PROFIT":-402351000,"HOLDER_PROFIT_YOY":1.0776084615,"GROSS_PROFIT_RATIO":87.278295176628,"EPS_TTM":-3.031457430454,"OPERATE_INCOME_QOQ":22.38223078427,"NET_PROFIT_RATIO":-281.9524740541,"ROE_AVG":-80.587535451618,"GROSS_PROFIT_QOQ":18.008875251048,"ROA":-13.998849059834,"HOLDER_PROFIT_QOQ":0.496418717806,"ROE_YEARLY":-161.175070903235,"ROIC_YEARLY":-60.408255799463,"TOTAL_ASSETS":2918083000,"TOTAL_LIABILITIES":2317905000,"TAX_EBT":-0.687182028163,"OCF_SALES":-258.207020273159,"TOTAL_PARENT_EQUITY":589886000,"DEBT_ASSET_RATIO":79.4324561707,"OPERATE_PROFIT":-347080000,"PRETAX_PROFIT":-399603000,"NETCASH_OPERATE":-368464000,"NETCASH_INVEST":-64774000,"NETCASH_FINANCE":455634000,"END_CASH":1389991000,"DIVI_RATIO":null,"DIVIDEND_RATE":null,"CURRENT_RATIO":2.739002544814,"COMMON_ACS":500000000,"CURRENTDEBT_DEBT":27.735217793654,"ISSUED_COMMON_SHARES":348266581,"HK_COMMON_SHARES":348266581,"PER_SHARES":100,"TOTAL_MARKET_CAP":12537596916,"HKSK_MARKET_CAP":12537596916,"PE_TTM":-30.847993252667,"PB_TTM":14.930622238932,"REPORT_DATE_SQ":"2022-06-30 00:00:00","REPORT_TYPE_SQ":"2022年中报","OPERATE_INCOME_SQ":95763000,"DPS_HKD":null,"OPERATE_INCOME_QOQ_SQ":296.660695091365,"NET_PROFIT_RATIO_SQ":-424.7298016979,"HOLDER_PROFIT_SQ":-406734000,"HOLDER_PROFIT_QOQ_SQ":-3.840884226455,"ROE_AVG_SQ":-38.524047102058,"PE_TTM_SQ":-6.695719136341,"PB_TTM_SQ":9.933744418796,"ROA_SQ":-13.61459783306,"START_DATE":"2023-01-01 00:00:00","FISCAL_YEAR":"12-31","CURRENCY":"HKD","IS_CNY_CODE":0,"DPS_HKD_LY":null,"ORG_TYPE":"一般企业","PREMIUM_INCOME":null,"PREMIUM_INCOME_YOY":null,"NET_INTEREST_INCOME":null,"NET_INTEREST_INCOME_YOY":null,"FEE_COMMISSION_INCOME":null,"FEE_COMMISSION_INCOME_YOY":null,"ACCOUNTS_RECE_TDAYS":2.099022571321,"INVENTORY_TDAYS":2.509018036072,"CURRENT_ASSETS_TDAYS":0.084007809669,"TOTAL_ASSETS_TDAYS":0.04964942947,"PREMIUM_EXPENSE":null,"LOAN_DEPOSIT":null,"LOAN_EQUITY":null,"LOAN_ASSETS":null,"DEPOSIT_EQUITY":null,"DEPOSIT_ASSETS":null,"EQUITY_MULTIPLIER":4.862029264649,"EQUITY_RATIO":3.92941178465},{"SECUCODE":"06855.HK","SECURITY_CODE":"06855","SECURITY_NAME_ABBR":"亚盛医药-B","ORG_CODE":"10962233","STD_REPORT_DATE":"2022-12-31 00:00:00","REPORT_DATE":"2022-12-31 00:00:00","DATE_TYPE_CODE":"001","REPORT_TYPE":"2022年年报","PER_NETCASH_OPERATE":-2.46587347482,"PER_OI":0.790807356121,"BPS":1.173405725082,"BASIC_EPS":-3.35,"DILUTED_EPS":-3.35,"OPERATE_INCOME":209711000,"OPERATE_INCOME_YOY":651.3830168398,"GROSS_PROFIT":187713000,"GROSS_PROFIT_YOY":663.61972174762,"HOLDER_PROFIT":-882924000,"HOLDER_PROFIT_YOY":-12.8446980154,"GROSS_PROFIT_RATIO":89.510326115464,"EPS_TTM":-3.329452408772,"OPERATE_INCOME_QOQ":89.427141669979,"NET_PROFIT_RATIO":-421.0194028926,"ROE_AVG":-107.451221404471,"GROSS_PROFIT_QOQ":78.862865419065,"ROA":-30.602248991001,"HOLDER_PROFIT_QOQ":-8.670779198401,"ROE_YEARLY":-107.451221404471,"ROIC_YEARLY":-69.679038456986,"TOTAL_ASSETS":2830261000,"TOTAL_LIABILITIES":2421603000,"TAX_EBT":0.478824850198,"OCF_SALES":-311.817215119855,"TOTAL_PARENT_EQUITY":408658000,"DEBT_ASSET_RATIO":85.5611196282,"OPERATE_PROFIT":-834109000,"PRETAX_PROFIT":-887172000,"NETCASH_OPERATE":-653915000,"NETCASH_INVEST":-384612000,"NETCASH_FINANCE":619268000,"END_CASH":1345639000,"DIVI_RATIO":null,"DIVIDEND_RATE":null,"CURRENT_RATIO":1.85721419233,"COMMON_ACS":500000000,"CURRENTDEBT_DEBT":36.387136950194,"ISSUED_COMMON_SHARES":348266581,"HK_COMMON_SHARES":348266581,"PER_SHARES":100,"TOTAL_MARKET_CAP":12537596916,"HKSK_MARKET_CAP":12537596916,"PE_TTM":-30.847993252667,"PB_TTM":14.930622238932,"REPORT_DATE_SQ":"2021-12-31 00:00:00","REPORT_TYPE_SQ":"2021年年报","OPERATE_INCOME_SQ":27910000,"DPS_HKD":null,"OPERATE_INCOME_QOQ_SQ":22.401543724235,"NET_PROFIT_RATIO_SQ":-2803.3823002508,"HOLDER_PROFIT_SQ":-782424000,"HOLDER_PROFIT_QOQ_SQ":-6.436170863992,"ROE_AVG_SQ":-75.183990452387,"PE_TTM_SQ":-6.695719136341,"PB_TTM_SQ":9.933744418796,"ROA_SQ":-33.500638714786,"START_DATE":"2022-01-01 00:00:00","FISCAL_YEAR":"12-31","CURRENCY":"HKD","IS_CNY_CODE":0,"DPS_HKD_LY":null,"ORG_TYPE":"一般企业","PREMIUM_INCOME":null,"PREMIUM_INCOME_YOY":null,"NET_INTEREST_INCOME":null,"NET_INTEREST_INCOME_YOY":null,"FEE_COMMISSION_INCOME":null,"FEE_COMMISSION_INCOME_YOY":null,"ACCOUNTS_RECE_TDAYS":3.871921273217,"INVENTORY_TDAYS":3.288682912244,"CURRENT_ASSETS_TDAYS":0.119094159524,"TOTAL_ASSETS_TDAYS":0.072686077603,"PREMIUM_EXPENSE":null,"LOAN_DEPOSIT":null,"LOAN_EQUITY":null,"LOAN_ASSETS":null,"DEPOSIT_EQUITY":null,"DEPOSIT_ASSETS":null,"EQUITY_MULTIPLIER":6.925744754788,"EQUITY_RATIO":5.925744754783},{"SECUCODE":"06855.HK","SECURITY_CODE":"06855","SECURITY_NAME_ABBR":"亚盛医药-B","ORG_CODE":"10962233","STD_REPORT_DATE":"2022-06-30 00:00:00","REPORT_DATE":"2022-06-30 00:00:00","DATE_TYPE_CODE":"002","REPORT_TYPE":"2022年中报","PER_NETCASH_OPERATE":-1.271273626424,"PER_OI":0.363187986573,"BPS":2.517749470771,"BASIC_EPS":-1.54,"DILUTED_EPS":-1.54,"OPERATE_INCOME":95763000,"OPERATE_INCOME_YOY":638.6270728885,"GROSS_PROFIT":90742000,"GROSS_PROFIT_YOY":774.537393986122,"HOLDER_PROFIT":-406734000,"HOLDER_PROFIT_YOY":-7.9780823082,"GROSS_PROFIT_RATIO":94.756847634264,"EPS_TTM":-3.081372999789,"OPERATE_INCOME_QOQ":296.660695091365,"NET_PROFIT_RATIO":-424.7298016979,"ROE_AVG":-38.524047102058,"GROSS_PROFIT_QOQ":326.930274184363,"ROA":-13.61459783306,"HOLDER_PROFIT_QOQ":-3.840884226455,"ROE_YEARLY":-77.048094204117,"ROIC_YEARLY":-64.243812291703,"TOTAL_ASSETS":3034909000,"TOTAL_LIABILITIES":2158061000,"TAX_EBT":-1.114226902539,"OCF_SALES":-350.031849461692,"TOTAL_PARENT_EQUITY":876848000,"DEBT_ASSET_RATIO":71.107931078,"OPERATE_PROFIT":-383180000,"PRETAX_PROFIT":-402252000,"NETCASH_OPERATE":-335201000,"NETCASH_INVEST":-142601000,"NETCASH_FINANCE":447757000,"END_CASH":1690669000,"DIVI_RATIO":null,"DIVIDEND_RATE":null,"CURRENT_RATIO":3.046640307168,"COMMON_ACS":500000000,"CURRENTDEBT_DEBT":28.372830981145,"ISSUED_COMMON_SHARES":348266581,"HK_COMMON_SHARES":348266581,"PER_SHARES":100,"TOTAL_MARKET_CAP":12537596916,"HKSK_MARKET_CAP":12537596916,"PE_TTM":-30.847993252667,"PB_TTM":14.930622238932,"REPORT_DATE_SQ":"2021-06-30 00:00:00","REPORT_TYPE_SQ":"2021年中报","OPERATE_INCOME_SQ":12965000,"DPS_HKD":null,"OPERATE_INCOME_QOQ_SQ":83.14859437751,"NET_PROFIT_RATIO_SQ":-2905.3760123409,"HOLDER_PROFIT_SQ":-376682000,"HOLDER_PROFIT_QOQ_SQ":-8.486495101873,"ROE_AVG_SQ":-32.804648432669,"PE_TTM_SQ":-6.695719136341,"PB_TTM_SQ":9.933744418796,"ROA_SQ":-18.200526038215,"START_DATE":"2022-01-01 00:00:00","FISCAL_YEAR":"12-31","CURRENCY":"HKD","IS_CNY_CODE":0,"DPS_HKD_LY":null,"ORG_TYPE":"一般企业","PREMIUM_INCOME":null,"PREMIUM_INCOME_YOY":null,"NET_INTEREST_INCOME":null,"NET_INTEREST_INCOME_YOY":null,"FEE_COMMISSION_INCOME":null,"FEE_COMMISSION_INCOME_YOY":null,"ACCOUNTS_RECE_TDAYS":1.42245163207,"INVENTORY_TDAYS":1.093423344948,"CURRENT_ASSETS_TDAYS":0.051063428165,"TOTAL_ASSETS_TDAYS":0.032054726978,"PREMIUM_EXPENSE":null,"LOAN_DEPOSIT":null,"LOAN_EQUITY":null,"LOAN_ASSETS":null,"DEPOSIT_EQUITY":null,"DEPOSIT_ASSETS":null,"EQUITY_MULTIPLIER":3.461157464008,"EQUITY_RATIO":2.461157464007},{"SECUCODE":"06855.HK","SECURITY_CODE":"06855","SECURITY_NAME_ABBR":"亚盛医药-B","ORG_CODE":"10962233","STD_REPORT_DATE":"2021-12-31 00:00:00","REPORT_DATE":"2021-12-31 00:00:00","DATE_TYPE_CODE":"001","REPORT_TYPE":"2021年年报","PER_NETCASH_OPERATE":-2.300203857178,"PER_OI":0.106169868069,"BPS":3.54537893488,"BASIC_EPS":-3.07,"DILUTED_EPS":-3.07,"OPERATE_INCOME":27910000,"OPERATE_INCOME_YOY":124.1767068273,"GROSS_PROFIT":24582000,"GROSS_PROFIT_YOY":134.471575734453,"HOLDER_PROFIT":-782424000,"HOLDER_PROFIT_YOY":-15.468871291,"GROSS_PROFIT_RATIO":88.075958437836,"EPS_TTM":-2.976347289634,"OPERATE_INCOME_QOQ":22.401543724235,"NET_PROFIT_RATIO":-2803.3823002508,"ROE_AVG":-75.183990452387,"GROSS_PROFIT_QOQ":34.718035841508,"ROA":-33.500638714786,"HOLDER_PROFIT_QOQ":-6.436170863992,"ROE_YEARLY":-75.183990452387,"ROIC_YEARLY":-82.235855372756,"TOTAL_ASSETS":2940060000,"TOTAL_LIABILITIES":1705323000,"TAX_EBT":5.986790011163,"OCF_SALES":-2166.53170906485,"TOTAL_PARENT_EQUITY":1234737000,"DEBT_ASSET_RATIO":58.0029999388,"OPERATE_PROFIT":-815518000,"PRETAX_PROFIT":-832249000,"NETCASH_OPERATE":-604679000,"NETCASH_INVEST":-466522000,"NETCASH_FINANCE":1781387000,"END_CASH":1706886000,"DIVI_RATIO":null,"DIVIDEND_RATE":null,"CURRENT_RATIO":5.22080590625,"COMMON_ACS":500000000,"CURRENTDEBT_DEBT":21.175401961974,"ISSUED_COMMON_SHARES":348266581,"HK_COMMON_SHARES":348266581,"PER_SHARES":100,"TOTAL_MARKET_CAP":12537596916,"HKSK_MARKET_CAP":12537596916,"PE_TTM":-30.847993252667,"PB_TTM":14.930622238932,"REPORT_DATE_SQ":"2020-12-31 00:00:00","REPORT_TYPE_SQ":"2020年年报","OPERATE_INCOME_SQ":12450000,"DPS_HKD":null,"OPERATE_INCOME_QOQ_SQ":-15.929502329664,"NET_PROFIT_RATIO_SQ":-5442.6184738956,"HOLDER_PROFIT_SQ":-677606000,"HOLDER_PROFIT_QOQ_SQ":41.914971677799,"ROE_AVG_SQ":-78.015953061892,"PE_TTM_SQ":-6.695719136341,"PB_TTM_SQ":9.933744418796,"ROA_SQ":-46.157047691674,"START_DATE":"2021-01-01 00:00:00","FISCAL_YEAR":"12-31","CURRENCY":"HKD","IS_CNY_CODE":0,"DPS_HKD_LY":null,"ORG_TYPE":"一般企业","PREMIUM_INCOME":null,"PREMIUM_INCOME_YOY":null,"NET_INTEREST_INCOME":null,"NET_INTEREST_INCOME_YOY":null,"FEE_COMMISSION_INCOME":null,"FEE_COMMISSION_INCOME_YOY":null,"ACCOUNTS_RECE_TDAYS":0.517158316039,"INVENTORY_TDAYS":0.846819338422,"CURRENT_ASSETS_TDAYS":0.018830600164,"TOTAL_ASSETS_TDAYS":0.011950078558,"PREMIUM_EXPENSE":null,"LOAN_DEPOSIT":null,"LOAN_EQUITY":null,"LOAN_ASSETS":null,"DEPOSIT_EQUITY":null,"DEPOSIT_ASSETS":null,"EQUITY_MULTIPLIER":2.381122457658,"EQUITY_RATIO":1.381122457657},{"SECUCODE":"06855.HK","SECURITY_CODE":"06855","SECURITY_NAME_ABBR":"亚盛医药-B","ORG_CODE":"10962233","STD_REPORT_DATE":"2021-06-30 00:00:00","REPORT_DATE":"2021-06-30 00:00:00","DATE_TYPE_CODE":"002","REPORT_TYPE":"2021年中报","PER_NETCASH_OPERATE":-1.396817449563,"PER_OI":0.051218944308,"BPS":4.163175794349,"BASIC_EPS":-1.52,"DILUTED_EPS":-1.52,"OPERATE_INCOME":12965000,"OPERATE_INCOME_YOY":396.1729812476,"GROSS_PROFIT":10376000,"GROSS_PROFIT_YOY":297.091465748182,"HOLDER_PROFIT":-376682000,"HOLDER_PROFIT_YOY":-18.0166490693,"GROSS_PROFIT_RATIO":80.030852294639,"EPS_TTM":-2.904096364748,"OPERATE_INCOME_QOQ":83.14859437751,"NET_PROFIT_RATIO":-2905.3760123409,"ROE_AVG":-32.804648432669,"GROSS_PROFIT_QOQ":74.046165585654,"ROA":-18.200526038215,"HOLDER_PROFIT_QOQ":-8.486495101873,"ROE_YEARLY":-65.609296865339,"ROIC_YEARLY":-74.893293827072,"TOTAL_ASSETS":2408204000,"TOTAL_LIABILITIES":958309000,"TAX_EBT":-0.615958287924,"OCF_SALES":-2727.15001928268,"TOTAL_PARENT_EQUITY":1449895000,"DEBT_ASSET_RATIO":39.7935141707,"OPERATE_PROFIT":-365999000,"PRETAX_PROFIT":-374376000,"NETCASH_OPERATE":-353575000,"NETCASH_INVEST":-1004472000,"NETCASH_FINANCE":1076405000,"END_CASH":736649000,"DIVI_RATIO":null,"DIVIDEND_RATE":null,"CURRENT_RATIO":8.246345251794,"COMMON_ACS":500000000,"CURRENTDEBT_DEBT":20.22197433187,"ISSUED_COMMON_SHARES":348266581,"HK_COMMON_SHARES":348266581,"PER_SHARES":100,"TOTAL_MARKET_CAP":12537596916,"HKSK_MARKET_CAP":12537596916,"PE_TTM":-30.847993252667,"PB_TTM":14.930622238932,"REPORT_DATE_SQ":"2020-06-30 00:00:00","REPORT_TYPE_SQ":"2020年中报","OPERATE_INCOME_SQ":2613000,"DPS_HKD":null,"OPERATE_INCOME_QOQ_SQ":2.039550747606,"NET_PROFIT_RATIO_SQ":-12214.9636433219,"HOLDER_PROFIT_SQ":-319177000,"HOLDER_PROFIT_QOQ_SQ":21.21530558906,"ROE_AVG_SQ":-42.480807725889,"PE_TTM_SQ":-6.695719136341,"PB_TTM_SQ":9.933744418796,"ROA_SQ":-27.627315966918,"START_DATE":"2021-01-01 00:00:00","FISCAL_YEAR":"12-31","CURRENCY":"HKD","IS_CNY_CODE":0,"DPS_HKD_LY":null,"ORG_TYPE":"一般企业","PREMIUM_INCOME":null,"PREMIUM_INCOME_YOY":null,"NET_INTEREST_INCOME":null,"NET_INTEREST_INCOME_YOY":null,"FEE_COMMISSION_INCOME":null,"FEE_COMMISSION_INCOME_YOY":null,"ACCOUNTS_RECE_TDAYS":1.25435371517,"INVENTORY_TDAYS":null,"CURRENT_ASSETS_TDAYS":0.009685872186,"TOTAL_ASSETS_TDAYS":0.006264430477,"PREMIUM_EXPENSE":null,"LOAN_DEPOSIT":null,"LOAN_EQUITY":null,"LOAN_ASSETS":null,"DEPOSIT_EQUITY":null,"DEPOSIT_ASSETS":null,"EQUITY_MULTIPLIER":1.660950620561,"EQUITY_RATIO":0.660950620562},{"SECUCODE":"06855.HK","SECURITY_CODE":"06855","SECURITY_NAME_ABBR":"亚盛医药-B","ORG_CODE":"10962233","STD_REPORT_DATE":"2020-12-31 00:00:00","REPORT_DATE":"2020-12-31 00:00:00","DATE_TYPE_CODE":"001","REPORT_TYPE":"2020年年报","PER_NETCASH_OPERATE":-2.698418388463,"PER_OI":0.055078249802,"BPS":2.430956761826,"BASIC_EPS":-3.14,"DILUTED_EPS":-3.14,"OPERATE_INCOME":12450000,"OPERATE_INCOME_YOY":-14.2148418659,"GROSS_PROFIT":10484000,"GROSS_PROFIT_YOY":-15.567367318998,"HOLDER_PROFIT":-677606000,"HOLDER_PROFIT_YOY":54.2378879378,"GROSS_PROFIT_RATIO":84.208835341366,"EPS_TTM":-2.997698998834,"OPERATE_INCOME_QOQ":-15.929502329664,"NET_PROFIT_RATIO":-5442.6184738956,"ROE_AVG":-78.015953061892,"GROSS_PROFIT_QOQ":-17.53323369779,"ROA":-46.157047691674,"HOLDER_PROFIT_QOQ":41.914971677799,"ROE_YEARLY":-78.015953061892,"ROIC_YEARLY":-131.672159435385,"TOTAL_ASSETS":1731039000,"TOTAL_LIABILITIES":884418000,"TAX_EBT":-0.319491655908,"OCF_SALES":-4899.24497991968,"TOTAL_PARENT_EQUITY":846621000,"DEBT_ASSET_RATIO":51.091743167,"OPERATE_PROFIT":-639164000,"PRETAX_PROFIT":-675448000,"NETCASH_OPERATE":-609956000,"NETCASH_INVEST":-107367000,"NETCASH_FINANCE":1040003000,"END_CASH":1019979000,"DIVI_RATIO":null,"DIVIDEND_RATE":null,"CURRENT_RATIO":3.907484392427,"COMMON_ACS":500000000,"CURRENTDEBT_DEBT":31.223697391957,"ISSUED_COMMON_SHARES":348266581,"HK_COMMON_SHARES":348266581,"PER_SHARES":100,"TOTAL_MARKET_CAP":12537596916,"HKSK_MARKET_CAP":12537596916,"PE_TTM":-30.847993252667,"PB_TTM":14.930622238932,"REPORT_DATE_SQ":"2019-12-31 00:00:00","REPORT_TYPE_SQ":"2019年年报","OPERATE_INCOME_SQ":14513000,"DPS_HKD":null,"OPERATE_INCOME_QOQ_SQ":95.434958254781,"NET_PROFIT_RATIO_SQ":-10202.6734651692,"HOLDER_PROFIT_SQ":-1480714000,"HOLDER_PROFIT_QOQ_SQ":-71.850729084942,"ROE_AVG_SQ":2445.2180231358,"PE_TTM_SQ":-6.695719136341,"PB_TTM_SQ":9.933744418796,"ROA_SQ":-121.989647413954,"START_DATE":"2020-01-01 00:00:00","FISCAL_YEAR":"12-31","CURRENCY":"HKD","IS_CNY_CODE":0,"DPS_HKD_LY":null,"ORG_TYPE":"一般企业","PREMIUM_INCOME":null,"PREMIUM_INCOME_YOY":null,"NET_INTEREST_INCOME":null,"NET_INTEREST_INCOME_YOY":null,"FEE_COMMISSION_INCOME":null,"FEE_COMMISSION_INCOME_YOY":null,"ACCOUNTS_RECE_TDAYS":null,"INVENTORY_TDAYS":null,"CURRENT_ASSETS_TDAYS":0.01252421222,"TOTAL_ASSETS_TDAYS":0.008480669353,"PREMIUM_EXPENSE":null,"LOAN_DEPOSIT":null,"LOAN_EQUITY":null,"LOAN_ASSETS":null,"DEPOSIT_EQUITY":null,"DEPOSIT_ASSETS":null,"EQUITY_MULTIPLIER":2.044644533978,"EQUITY_RATIO":1.044644533977},{"SECUCODE":"06855.HK","SECURITY_CODE":"06855","SECURITY_NAME_ABBR":"亚盛医药-B","ORG_CODE":"10962233","STD_REPORT_DATE":"2020-06-30 00:00:00","REPORT_DATE":"2020-06-30 00:00:00","DATE_TYPE_CODE":"002","REPORT_TYPE":"2020年中报","PER_NETCASH_OPERATE":-1.429466401683,"PER_OI":0.012508273807,"BPS":1.75788615216,"BASIC_EPS":-1.53,"DILUTED_EPS":-1.53,"OPERATE_INCOME":2613000,"OPERATE_INCOME_YOY":12.7751402676,"GROSS_PROFIT":2613000,"GROSS_PROFIT_YOY":12.775140267587,"HOLDER_PROFIT":-319177000,"HOLDER_PROFIT_YOY":49.6021726945,"GROSS_PROFIT_RATIO":null,"EPS_TTM":-5.584329132904,"OPERATE_INCOME_QOQ":2.039550747606,"NET_PROFIT_RATIO":-12214.9636433219,"ROE_AVG":-42.480807725889,"GROSS_PROFIT_QOQ":2.38382862205,"ROA":-27.627315966918,"HOLDER_PROFIT_QOQ":21.21530558906,"ROE_YEARLY":-84.961615451777,"ROIC_YEARLY":-127.993086592039,"TOTAL_ASSETS":1105540000,"TOTAL_LIABILITIES":493327000,"TAX_EBT":0.250329710168,"OCF_SALES":-11428.1668580176,"TOTAL_PARENT_EQUITY":612213000,"DEBT_ASSET_RATIO":44.6231705773,"OPERATE_PROFIT":-291800000,"PRETAX_PROFIT":-319978000,"NETCASH_OPERATE":-298618000,"NETCASH_INVEST":-206952000,"NETCASH_FINANCE":193381000,"END_CASH":428743000,"DIVI_RATIO":null,"DIVIDEND_RATE":null,"CURRENT_RATIO":4.936680152465,"COMMON_ACS":500000000,"CURRENTDEBT_DEBT":27.707180024608,"ISSUED_COMMON_SHARES":348266581,"HK_COMMON_SHARES":348266581,"PER_SHARES":100,"TOTAL_MARKET_CAP":12537596916,"HKSK_MARKET_CAP":12537596916,"PE_TTM":-30.847993252667,"PB_TTM":14.930622238932,"REPORT_DATE_SQ":"2019-06-30 00:00:00","REPORT_TYPE_SQ":"2019年中报","OPERATE_INCOME_SQ":2317000,"DPS_HKD":null,"OPERATE_INCOME_QOQ_SQ":9.093580138093,"NET_PROFIT_RATIO_SQ":-27333.4052654294,"HOLDER_PROFIT_SQ":-633315000,"HOLDER_PROFIT_QOQ_SQ":-149.605441546252,"ROE_AVG_SQ":48.067972104083,"PE_TTM_SQ":-6.695719136341,"PB_TTM_SQ":9.933744418796,"ROA_SQ":-55.200326330533,"START_DATE":"2020-01-01 00:00:00","FISCAL_YEAR":"12-31","CURRENCY":"HKD","IS_CNY_CODE":0,"DPS_HKD_LY":null,"ORG_TYPE":"一般企业","PREMIUM_INCOME":null,"PREMIUM_INCOME_YOY":null,"NET_INTEREST_INCOME":null,"NET_INTEREST_INCOME_YOY":null,"FEE_COMMISSION_INCOME":null,"FEE_COMMISSION_INCOME_YOY":null,"ACCOUNTS_RECE_TDAYS":null,"INVENTORY_TDAYS":null,"CURRENT_ASSETS_TDAYS":0.00329948197,"TOTAL_ASSETS_TDAYS":0.002261759983,"PREMIUM_EXPENSE":null,"LOAN_DEPOSIT":null,"LOAN_EQUITY":null,"LOAN_ASSETS":null,"DEPOSIT_EQUITY":null,"DEPOSIT_ASSETS":null,"EQUITY_MULTIPLIER":1.805809416005,"EQUITY_RATIO":0.805809416004}],"count":17},"success":true,"message":"ok","code":0}