{"version":"ff2dab90d2332c5a77251fb9ed00f511","result":{"pages":3,"data":[{"SECUCODE":"06858.HK","SECURITY_CODE":"06858","SECURITY_NAME_ABBR":"本间高尔夫","ORG_CODE":"10540772","STD_REPORT_DATE":"2024-06-30 00:00:00","REPORT_DATE":"2024-09-30 00:00:00","DATE_TYPE_CODE":"002","REPORT_TYPE":"2024年中报","PER_NETCASH_OPERATE":0.326107880015,"PER_OI":0.79530058746,"BPS":2.210744497473,"BASIC_EPS":-0.0687078,"DILUTED_EPS":-0.0687078,"OPERATE_INCOME":481667836.041,"OPERATE_INCOME_YOY":-25.618355732,"GROSS_PROFIT":255164377.482,"GROSS_PROFIT_YOY":-23.335389999436,"HOLDER_PROFIT":-41500885.356,"HOLDER_PROFIT_YOY":-125.39842917,"GROSS_PROFIT_RATIO":52.975174672091,"EPS_TTM":0.375933842169,"OPERATE_INCOME_QOQ":0,"NET_PROFIT_RATIO":-8.6154583208,"ROE_AVG":-3.020106579518,"GROSS_PROFIT_QOQ":0,"ROA":-2.046105386956,"HOLDER_PROFIT_QOQ":0,"ROE_YEARLY":-6.040213159036,"ROIC_YEARLY":-7.035686874044,"TOTAL_ASSETS":1968582954.933,"TOTAL_LIABILITIES":631889931.96,"TAX_EBT":47.542575241437,"OCF_SALES":41.004355479777,"TOTAL_PARENT_EQUITY":1338920824.311,"DEBT_ASSET_RATIO":32.0987200654,"OPERATE_PROFIT":-73998595.062,"PRETAX_PROFIT":-79107756.147,"NETCASH_OPERATE":197504791.722,"NETCASH_INVEST":-18951525.243,"NETCASH_FINANCE":-75281369.688,"END_CASH":886063395.735,"DIVI_RATIO":0.193601054417,"DIVIDEND_RATE":2.410921921922,"CURRENT_RATIO":2.765754913194,"COMMON_ACS":20000000000,"CURRENTDEBT_DEBT":85.562720768468,"ISSUED_COMMON_SHARES":605642500,"HK_COMMON_SHARES":605642500,"PER_SHARES":500,"TOTAL_MARKET_CAP":2016789525,"HKSK_MARKET_CAP":2016789525,"PE_TTM":68.301150014858,"PB_TTM":1.358348179835,"REPORT_DATE_SQ":"2023-06-30 00:00:00","REPORT_TYPE_SQ":"2023年中报","OPERATE_INCOME_SQ":638603479.136,"DPS_HKD":0.0802837,"OPERATE_INCOME_QOQ_SQ":0,"NET_PROFIT_RATIO_SQ":25.233386829,"HOLDER_PROFIT_SQ":161138721.1,"HOLDER_PROFIT_QOQ_SQ":0,"ROE_AVG_SQ":12.318070566419,"PE_TTM_SQ":10.37545859285,"PB_TTM_SQ":1.403496273342,"ROA_SQ":8.097809386233,"START_DATE":"2024-04-01 00:00:00","FISCAL_YEAR":"3-31","CURRENCY":"HKD","IS_CNY_CODE":0,"DPS_HKD_LY":0.0802837,"ORG_TYPE":"一般企业","PREMIUM_INCOME":null,"PREMIUM_INCOME_YOY":null,"NET_INTEREST_INCOME":null,"NET_INTEREST_INCOME_YOY":null,"FEE_COMMISSION_INCOME":null,"FEE_COMMISSION_INCOME_YOY":null,"ACCOUNTS_RECE_TDAYS":3.317990517161,"INVENTORY_TDAYS":0.477926261746,"CURRENT_ASSETS_TDAYS":0.306131365332,"TOTAL_ASSETS_TDAYS":0.237475211816,"PREMIUM_EXPENSE":null,"LOAN_DEPOSIT":null,"LOAN_EQUITY":null,"LOAN_ASSETS":null,"DEPOSIT_EQUITY":null,"DEPOSIT_ASSETS":null,"EQUITY_MULTIPLIER":1.472726288758,"EQUITY_RATIO":0.471939729734},{"SECUCODE":"06858.HK","SECURITY_CODE":"06858","SECURITY_NAME_ABBR":"本间高尔夫","ORG_CODE":"10540772","STD_REPORT_DATE":"2023-12-31 00:00:00","REPORT_DATE":"2024-03-31 00:00:00","DATE_TYPE_CODE":"001","REPORT_TYPE":"2023年年报","PER_NETCASH_OPERATE":0.421722868927,"PER_OI":2.041827464892,"BPS":2.236097471578,"BASIC_EPS":0.37584926,"DILUTED_EPS":0.37584926,"OPERATE_INCOME":1236617490.406,"OPERATE_INCOME_YOY":-11.0938874756,"GROSS_PROFIT":633458700.704,"GROSS_PROFIT_YOY":-18.241014252408,"HOLDER_PROFIT":227681512.006,"HOLDER_PROFIT_YOY":48.305169609,"GROSS_PROFIT_RATIO":51.22511250395,"EPS_TTM":0.292735067126,"OPERATE_INCOME_QOQ":0,"NET_PROFIT_RATIO":18.4119068338,"ROE_AVG":17.622482518206,"GROSS_PROFIT_QOQ":0,"ROA":11.646141850383,"HOLDER_PROFIT_QOQ":0,"ROE_YEARLY":17.622482518206,"ROIC_YEARLY":18.462353791155,"TOTAL_ASSETS":2006346400.126,"TOTAL_LIABILITIES":654214304.086,"TAX_EBT":6.292064829111,"OCF_SALES":20.654187299271,"TOTAL_PARENT_EQUITY":1354275662.93,"DEBT_ASSET_RATIO":32.6072458896,"OPERATE_PROFIT":251428677.434,"PRETAX_PROFIT":242972870.77,"NETCASH_OPERATE":255413292.644,"NETCASH_INVEST":-27511411.304,"NETCASH_FINANCE":-168070357.472,"END_CASH":783630144.96,"DIVI_RATIO":0.248624768291,"DIVIDEND_RATE":2.410921921922,"CURRENT_RATIO":2.88037423592,"COMMON_ACS":20000000000,"CURRENTDEBT_DEBT":84.212773800736,"ISSUED_COMMON_SHARES":605642500,"HK_COMMON_SHARES":605642500,"PER_SHARES":500,"TOTAL_MARKET_CAP":2016789525,"HKSK_MARKET_CAP":2016789525,"PE_TTM":68.301150014858,"PB_TTM":1.358348179835,"REPORT_DATE_SQ":"2022-12-31 00:00:00","REPORT_TYPE_SQ":"2022年年报","OPERATE_INCOME_SQ":1524684983.307,"DPS_HKD":0.0802837,"OPERATE_INCOME_QOQ_SQ":0,"NET_PROFIT_RATIO_SQ":11.0378203437,"HOLDER_PROFIT_SQ":168285941.184,"HOLDER_PROFIT_QOQ_SQ":0,"ROE_AVG_SQ":12.648886009028,"PE_TTM_SQ":10.3147833964,"PB_TTM_SQ":1.395288692797,"ROA_SQ":7.960131270885,"START_DATE":"2023-04-01 00:00:00","FISCAL_YEAR":"3-31","CURRENCY":"HKD","IS_CNY_CODE":0,"DPS_HKD_LY":0.16188,"ORG_TYPE":"一般企业","PREMIUM_INCOME":null,"PREMIUM_INCOME_YOY":null,"NET_INTEREST_INCOME":null,"NET_INTEREST_INCOME_YOY":null,"FEE_COMMISSION_INCOME":null,"FEE_COMMISSION_INCOME_YOY":null,"ACCOUNTS_RECE_TDAYS":6.94252115524,"INVENTORY_TDAYS":1.138095775589,"CURRENT_ASSETS_TDAYS":0.796934446367,"TOTAL_ASSETS_TDAYS":0.632542474839,"PREMIUM_EXPENSE":null,"LOAN_DEPOSIT":null,"LOAN_EQUITY":null,"LOAN_ASSETS":null,"DEPOSIT_EQUITY":null,"DEPOSIT_ASSETS":null,"EQUITY_MULTIPLIER":1.483839046497,"EQUITY_RATIO":0.483073219134},{"SECUCODE":"06858.HK","SECURITY_CODE":"06858","SECURITY_NAME_ABBR":"本间高尔夫","ORG_CODE":"10540772","STD_REPORT_DATE":"2023-06-30 00:00:00","REPORT_DATE":"2023-09-30 00:00:00","DATE_TYPE_CODE":"002","REPORT_TYPE":"2023年中报","PER_NETCASH_OPERATE":0.259817010543,"PER_OI":1.054423160752,"BPS":2.236054845804,"BASIC_EPS":0.266189,"DILUTED_EPS":0.266189,"OPERATE_INCOME":638603479.136,"OPERATE_INCOME_YOY":-11.6067182429,"GROSS_PROFIT":332832029.642,"GROSS_PROFIT_YOY":-14.134562187576,"HOLDER_PROFIT":161138721.1,"HOLDER_PROFIT_YOY":7.8419559608,"GROSS_PROFIT_RATIO":52.118731030452,"EPS_TTM":0.277863494032,"OPERATE_INCOME_QOQ":0,"NET_PROFIT_RATIO":25.233386829,"ROE_AVG":12.318070566419,"GROSS_PROFIT_QOQ":0,"ROA":8.097809386233,"HOLDER_PROFIT_QOQ":0,"ROE_YEARLY":24.636141132838,"ROIC_YEARLY":25.821129783876,"TOTAL_ASSETS":2026110689.358,"TOTAL_LIABILITIES":674061644.662,"TAX_EBT":8.423465795322,"OCF_SALES":24.640677501616,"TOTAL_PARENT_EQUITY":1354249846.95,"DEBT_ASSET_RATIO":33.2687472704,"OPERATE_PROFIT":180388299.63,"PRETAX_PROFIT":175963512.48,"NETCASH_OPERATE":157356223.808,"NETCASH_INVEST":-9530679.354,"NETCASH_FINANCE":-70146318.872,"END_CASH":806308937.672,"DIVI_RATIO":0.261931451228,"DIVIDEND_RATE":2.410921921922,"CURRENT_RATIO":2.834813405593,"COMMON_ACS":20000000000,"CURRENTDEBT_DEBT":84.959033116498,"ISSUED_COMMON_SHARES":605642500,"HK_COMMON_SHARES":605642500,"PER_SHARES":500,"TOTAL_MARKET_CAP":2016789525,"HKSK_MARKET_CAP":2016789525,"PE_TTM":68.301150014858,"PB_TTM":1.358348179835,"REPORT_DATE_SQ":"2022-06-30 00:00:00","REPORT_TYPE_SQ":"2022年中报","OPERATE_INCOME_SQ":735563301.54,"DPS_HKD":0.0802837,"OPERATE_INCOME_QOQ_SQ":0,"NET_PROFIT_RATIO_SQ":20.6826299128,"HOLDER_PROFIT_SQ":152131864.392,"HOLDER_PROFIT_QOQ_SQ":0,"ROE_AVG_SQ":11.933101330376,"PE_TTM_SQ":10.3147833964,"PB_TTM_SQ":1.395288692797,"ROA_SQ":7.209819232467,"START_DATE":"2023-04-01 00:00:00","FISCAL_YEAR":"3-31","CURRENCY":"HKD","IS_CNY_CODE":0,"DPS_HKD_LY":0.16188,"ORG_TYPE":"一般企业","PREMIUM_INCOME":null,"PREMIUM_INCOME_YOY":null,"NET_INTEREST_INCOME":null,"NET_INTEREST_INCOME_YOY":null,"FEE_COMMISSION_INCOME":null,"FEE_COMMISSION_INCOME_YOY":null,"ACCOUNTS_RECE_TDAYS":3.577481453525,"INVENTORY_TDAYS":0.537825423662,"CURRENT_ASSETS_TDAYS":0.401656000527,"TOTAL_ASSETS_TDAYS":0.320921576895,"PREMIUM_EXPENSE":null,"LOAN_DEPOSIT":null,"LOAN_EQUITY":null,"LOAN_ASSETS":null,"DEPOSIT_EQUITY":null,"DEPOSIT_ASSETS":null,"EQUITY_MULTIPLIER":1.498548220055,"EQUITY_RATIO":0.497738025358},{"SECUCODE":"06858.HK","SECURITY_CODE":"06858","SECURITY_NAME_ABBR":"本间高尔夫","ORG_CODE":"10540772","STD_REPORT_DATE":"2022-12-31 00:00:00","REPORT_DATE":"2023-03-31 00:00:00","DATE_TYPE_CODE":"001","REPORT_TYPE":"2022年年报","PER_NETCASH_OPERATE":0.313743736838,"PER_OI":2.517466959976,"BPS":2.225686170673,"BASIC_EPS":0.27810834,"DILUTED_EPS":0.27810834,"OPERATE_INCOME":1524684983.307,"OPERATE_INCOME_YOY":1.8083539047,"GROSS_PROFIT":774787865.715,"GROSS_PROFIT_YOY":-4.946087956311,"HOLDER_PROFIT":168285941.184,"HOLDER_PROFIT_YOY":-47.4174703212,"GROSS_PROFIT_RATIO":50.816258715588,"EPS_TTM":0.653429599785,"OPERATE_INCOME_QOQ":0,"NET_PROFIT_RATIO":11.0378203437,"ROE_AVG":12.648886009028,"GROSS_PROFIT_QOQ":0,"ROA":7.960131270885,"HOLDER_PROFIT_QOQ":0,"ROE_YEARLY":12.648886009028,"ROIC_YEARLY":12.205027980191,"TOTAL_ASSETS":2086709940.48,"TOTAL_LIABILITIES":741093179.376,"TAX_EBT":20.456652778283,"OCF_SALES":12.462675452201,"TOTAL_PARENT_EQUITY":1347970136.622,"DEBT_ASSET_RATIO":35.5149110569,"OPERATE_PROFIT":217337842.428,"PRETAX_PROFIT":211572677.217,"NETCASH_OPERATE":190016541.138,"NETCASH_INVEST":-29504141.601,"NETCASH_FINANCE":-188391830.148,"END_CASH":728084377.461,"DIVI_RATIO":0.111383365949,"DIVIDEND_RATE":2.410921921922,"CURRENT_RATIO":2.650191309476,"COMMON_ACS":20000000000,"CURRENTDEBT_DEBT":84.641192452906,"ISSUED_COMMON_SHARES":605642500,"HK_COMMON_SHARES":605642500,"PER_SHARES":500,"TOTAL_MARKET_CAP":2016789525,"HKSK_MARKET_CAP":2016789525,"PE_TTM":68.301150014858,"PB_TTM":1.358348179835,"REPORT_DATE_SQ":"2021-12-31 00:00:00","REPORT_TYPE_SQ":"2021年年报","OPERATE_INCOME_SQ":1505483159.535,"DPS_HKD":0.0802837,"OPERATE_INCOME_QOQ_SQ":0,"NET_PROFIT_RATIO_SQ":21.3702214058,"HOLDER_PROFIT_SQ":321725552.105,"HOLDER_PROFIT_QOQ_SQ":0,"ROE_AVG_SQ":26.47790019954,"PE_TTM_SQ":10.3147833964,"PB_TTM_SQ":1.395288692797,"ROA_SQ":15.89096511364,"START_DATE":"2022-04-01 00:00:00","FISCAL_YEAR":"3-31","CURRENCY":"HKD","IS_CNY_CODE":0,"DPS_HKD_LY":0.194705,"ORG_TYPE":"一般企业","PREMIUM_INCOME":null,"PREMIUM_INCOME_YOY":null,"NET_INTEREST_INCOME":null,"NET_INTEREST_INCOME_YOY":null,"FEE_COMMISSION_INCOME":null,"FEE_COMMISSION_INCOME_YOY":null,"ACCOUNTS_RECE_TDAYS":6.732812893765,"INVENTORY_TDAYS":1.219455461959,"CURRENT_ASSETS_TDAYS":0.901249470369,"TOTAL_ASSETS_TDAYS":0.721194683791,"PREMIUM_EXPENSE":null,"LOAN_DEPOSIT":null,"LOAN_EQUITY":null,"LOAN_ASSETS":null,"DEPOSIT_EQUITY":null,"DEPOSIT_ASSETS":null,"EQUITY_MULTIPLIER":1.550746097105,"EQUITY_RATIO":0.549784568101},{"SECUCODE":"06858.HK","SECURITY_CODE":"06858","SECURITY_NAME_ABBR":"本间高尔夫","ORG_CODE":"10540772","STD_REPORT_DATE":"2022-06-30 00:00:00","REPORT_DATE":"2022-09-30 00:00:00","DATE_TYPE_CODE":"002","REPORT_TYPE":"2022年中报","PER_NETCASH_OPERATE":0.266639549642,"PER_OI":1.214517312672,"BPS":2.143544585705,"BASIC_EPS":0.2513076,"DILUTED_EPS":0.2513076,"OPERATE_INCOME":735563301.54,"OPERATE_INCOME_YOY":25.7368736569,"GROSS_PROFIT":387620488.664,"GROSS_PROFIT_YOY":1.972827342841,"HOLDER_PROFIT":152131864.392,"HOLDER_PROFIT_YOY":128.9597981639,"GROSS_PROFIT_RATIO":52.697094573977,"EPS_TTM":0.531213631978,"OPERATE_INCOME_QOQ":0,"NET_PROFIT_RATIO":20.6826299128,"ROE_AVG":11.933101330376,"GROSS_PROFIT_QOQ":0,"ROA":7.209819232467,"HOLDER_PROFIT_QOQ":0,"ROE_YEARLY":23.866202660752,"ROIC_YEARLY":22.767449317663,"TOTAL_ASSETS":2178749673.48,"TOTAL_LIABILITIES":882775105.16,"TAX_EBT":17.197285844553,"OCF_SALES":21.954363833256,"TOTAL_PARENT_EQUITY":1298221701.748,"DEBT_ASSET_RATIO":40.5175094645,"OPERATE_PROFIT":185949441.156,"PRETAX_PROFIT":183730493.6,"NETCASH_OPERATE":161488243.444,"NETCASH_INVEST":-11280212.644,"NETCASH_FINANCE":-62435106.524,"END_CASH":839567493.836,"DIVI_RATIO":0.137009263042,"DIVIDEND_RATE":2.410921921922,"CURRENT_RATIO":2.334034653271,"COMMON_ACS":20000000000,"CURRENTDEBT_DEBT":85.394210744012,"ISSUED_COMMON_SHARES":605642500,"HK_COMMON_SHARES":605642500,"PER_SHARES":500,"TOTAL_MARKET_CAP":2016789525,"HKSK_MARKET_CAP":2016789525,"PE_TTM":68.301150014858,"PB_TTM":1.358348179835,"REPORT_DATE_SQ":"2021-06-30 00:00:00","REPORT_TYPE_SQ":"2021年中报","OPERATE_INCOME_SQ":687730017.763,"DPS_HKD":0.0802837,"OPERATE_INCOME_QOQ_SQ":0,"NET_PROFIT_RATIO_SQ":11.3574546787,"HOLDER_PROFIT_SQ":78112680.109,"HOLDER_PROFIT_QOQ_SQ":0,"ROE_AVG_SQ":6.261742761592,"PE_TTM_SQ":10.3147833964,"PB_TTM_SQ":1.395288692797,"ROA_SQ":3.647089685878,"START_DATE":"2022-04-01 00:00:00","FISCAL_YEAR":"3-31","CURRENCY":"HKD","IS_CNY_CODE":0,"DPS_HKD_LY":0.194705,"ORG_TYPE":"一般企业","PREMIUM_INCOME":null,"PREMIUM_INCOME_YOY":null,"NET_INTEREST_INCOME":null,"NET_INTEREST_INCOME_YOY":null,"FEE_COMMISSION_INCOME":null,"FEE_COMMISSION_INCOME_YOY":null,"ACCOUNTS_RECE_TDAYS":3.370677255392,"INVENTORY_TDAYS":0.577435617381,"CURRENT_ASSETS_TDAYS":0.432669239635,"TOTAL_ASSETS_TDAYS":0.34859747886,"PREMIUM_EXPENSE":null,"LOAN_DEPOSIT":null,"LOAN_EQUITY":null,"LOAN_ASSETS":null,"DEPOSIT_EQUITY":null,"DEPOSIT_ASSETS":null,"EQUITY_MULTIPLIER":1.681166997208,"EQUITY_RATIO":0.679987943486},{"SECUCODE":"06858.HK","SECURITY_CODE":"06858","SECURITY_NAME_ABBR":"本间高尔夫","ORG_CODE":"10540772","STD_REPORT_DATE":"2021-12-31 00:00:00","REPORT_DATE":"2022-03-31 00:00:00","DATE_TYPE_CODE":"001","REPORT_TYPE":"2021年年报","PER_NETCASH_OPERATE":0.507640372125,"PER_OI":2.485762078347,"BPS":2.179206052126,"BASIC_EPS":0.5310823,"DILUTED_EPS":0.5310823,"OPERATE_INCOME":1505483159.535,"OPERATE_INCOME_YOY":27.4288425761,"GROSS_PROFIT":815103607.055,"GROSS_PROFIT_YOY":19.585439092149,"HOLDER_PROFIT":321725552.105,"HOLDER_PROFIT_YOY":233.0317620752,"GROSS_PROFIT_RATIO":54.142326461278,"EPS_TTM":0.397258943864,"OPERATE_INCOME_QOQ":0,"NET_PROFIT_RATIO":21.3702214058,"ROE_AVG":26.47790019954,"GROSS_PROFIT_QOQ":0,"ROA":15.89096511364,"HOLDER_PROFIT_QOQ":0,"ROE_YEARLY":26.47790019954,"ROIC_YEARLY":23.457814739742,"TOTAL_ASSETS":2152778582.48,"TOTAL_LIABILITIES":835330619.55,"TAX_EBT":18.109130984508,"OCF_SALES":20.421921170474,"TOTAL_PARENT_EQUITY":1319819801.425,"DEBT_ASSET_RATIO":38.8024400813,"OPERATE_PROFIT":395762010.31,"PRETAX_PROFIT":392870521.815,"NETCASH_OPERATE":307448584.075,"NETCASH_INVEST":-8162714.165,"NETCASH_FINANCE":-173377532.985,"END_CASH":751130898.61,"DIVI_RATIO":0.18320843208,"DIVIDEND_RATE":2.410921921922,"CURRENT_RATIO":2.460530712926,"COMMON_ACS":20000000000,"CURRENTDEBT_DEBT":84.178186199951,"ISSUED_COMMON_SHARES":605642500,"HK_COMMON_SHARES":605642500,"PER_SHARES":500,"TOTAL_MARKET_CAP":2016789525,"HKSK_MARKET_CAP":2016789525,"PE_TTM":68.301150014858,"PB_TTM":1.358348179835,"REPORT_DATE_SQ":"2020-12-31 00:00:00","REPORT_TYPE_SQ":"2020年年报","OPERATE_INCOME_SQ":1353967276.926,"DPS_HKD":0.0802837,"OPERATE_INCOME_QOQ_SQ":0,"NET_PROFIT_RATIO_SQ":8.1772433212,"HOLDER_PROFIT_SQ":110713327.714,"HOLDER_PROFIT_QOQ_SQ":0,"ROE_AVG_SQ":8.712294557354,"PE_TTM_SQ":10.3147833964,"PB_TTM_SQ":1.395288692797,"ROA_SQ":4.931744071632,"START_DATE":"2021-04-01 00:00:00","FISCAL_YEAR":"3-31","CURRENCY":"HKD","IS_CNY_CODE":0,"DPS_HKD_LY":0.222107,"ORG_TYPE":"一般企业","PREMIUM_INCOME":null,"PREMIUM_INCOME_YOY":null,"NET_INTEREST_INCOME":null,"NET_INTEREST_INCOME_YOY":null,"FEE_COMMISSION_INCOME":null,"FEE_COMMISSION_INCOME_YOY":null,"ACCOUNTS_RECE_TDAYS":5.361877663139,"INVENTORY_TDAYS":1.246398624648,"CURRENT_ASSETS_TDAYS":0.951023554026,"TOTAL_ASSETS_TDAYS":0.743602123326,"PREMIUM_EXPENSE":null,"LOAN_DEPOSIT":null,"LOAN_EQUITY":null,"LOAN_ASSETS":null,"DEPOSIT_EQUITY":null,"DEPOSIT_ASSETS":null,"EQUITY_MULTIPLIER":1.634052078757,"EQUITY_RATIO":0.632912628412},{"SECUCODE":"06858.HK","SECURITY_CODE":"06858","SECURITY_NAME_ABBR":"本间高尔夫","ORG_CODE":"10540772","STD_REPORT_DATE":"2021-06-30 00:00:00","REPORT_DATE":"2021-09-30 00:00:00","DATE_TYPE_CODE":"002","REPORT_TYPE":"2021年中报","PER_NETCASH_OPERATE":0.354128336469,"PER_OI":1.135537908524,"BPS":2.075750277444,"BASIC_EPS":0.12918167,"DILUTED_EPS":0.12918167,"OPERATE_INCOME":687730017.763,"OPERATE_INCOME_YOY":31.1386546718,"GROSS_PROFIT":380121350.721,"GROSS_PROFIT_YOY":27.306270098622,"HOLDER_PROFIT":78112680.109,"HOLDER_PROFIT_YOY":267.8113185005,"GROSS_PROFIT_RATIO":55.271885900434,"EPS_TTM":0.182803102018,"OPERATE_INCOME_QOQ":0,"NET_PROFIT_RATIO":11.3574546787,"ROE_AVG":6.261742761592,"GROSS_PROFIT_QOQ":0,"ROA":3.647089685878,"HOLDER_PROFIT_QOQ":0,"ROE_YEARLY":12.523485523184,"ROIC_YEARLY":10.723572821868,"TOTAL_ASSETS":2169530550.305,"TOTAL_LIABILITIES":915015549.914,"TAX_EBT":22.796744336514,"OCF_SALES":31.185954586893,"TOTAL_PARENT_EQUITY":1257162587.407,"DEBT_ASSET_RATIO":42.1757393453,"OPERATE_PROFIT":103451403.999,"PRETAX_PROFIT":101172708.855,"NETCASH_OPERATE":214475171.02,"NETCASH_INVEST":-2945921.366,"NETCASH_FINANCE":-95222184.046,"END_CASH":751167080.87,"DIVI_RATIO":0.398139787736,"DIVIDEND_RATE":2.410921921922,"CURRENT_RATIO":2.12412342769,"COMMON_ACS":20000000000,"CURRENTDEBT_DEBT":87.510764164856,"ISSUED_COMMON_SHARES":605642500,"HK_COMMON_SHARES":605642500,"PER_SHARES":500,"TOTAL_MARKET_CAP":2016789525,"HKSK_MARKET_CAP":2016789525,"PE_TTM":68.301150014858,"PB_TTM":1.358348179835,"REPORT_DATE_SQ":"2020-06-30 00:00:00","REPORT_TYPE_SQ":"2020年中报","OPERATE_INCOME_SQ":583273997.417,"DPS_HKD":0.0802837,"OPERATE_INCOME_QOQ_SQ":0,"NET_PROFIT_RATIO_SQ":-8.8758135035,"HOLDER_PROFIT_SQ":-51770892.086,"HOLDER_PROFIT_QOQ_SQ":0,"ROE_AVG_SQ":-3.923069207214,"PE_TTM_SQ":10.3147833964,"PB_TTM_SQ":1.395288692797,"ROA_SQ":-2.135882270047,"START_DATE":"2021-04-01 00:00:00","FISCAL_YEAR":"3-31","CURRENCY":"HKD","IS_CNY_CODE":0,"DPS_HKD_LY":0.222107,"ORG_TYPE":"一般企业","PREMIUM_INCOME":null,"PREMIUM_INCOME_YOY":null,"NET_INTEREST_INCOME":null,"NET_INTEREST_INCOME_YOY":null,"FEE_COMMISSION_INCOME":null,"FEE_COMMISSION_INCOME_YOY":null,"ACCOUNTS_RECE_TDAYS":2.466016204906,"INVENTORY_TDAYS":0.507440168318,"CURRENT_ASSETS_TDAYS":0.416613776741,"TOTAL_ASSETS_TDAYS":0.321101907008,"PREMIUM_EXPENSE":null,"LOAN_DEPOSIT":null,"LOAN_EQUITY":null,"LOAN_ASSETS":null,"DEPOSIT_EQUITY":null,"DEPOSIT_ASSETS":null,"EQUITY_MULTIPLIER":1.729377926631,"EQUITY_RATIO":0.727841855206},{"SECUCODE":"06858.HK","SECURITY_CODE":"06858","SECURITY_NAME_ABBR":"本间高尔夫","ORG_CODE":"10540772","STD_REPORT_DATE":"2020-12-31 00:00:00","REPORT_DATE":"2021-03-31 00:00:00","DATE_TYPE_CODE":"001","REPORT_TYPE":"2020年年报","PER_NETCASH_OPERATE":0.391640960937,"PER_OI":2.235588283395,"BPS":2.101035876082,"BASIC_EPS":0.18283078,"DILUTED_EPS":0.18283078,"OPERATE_INCOME":1353967276.926,"OPERATE_INCOME_YOY":-4.422943351,"GROSS_PROFIT":681607738.57,"GROSS_PROFIT_YOY":-14.180822286923,"HOLDER_PROFIT":110713327.714,"HOLDER_PROFIT_YOY":353.841469326,"GROSS_PROFIT_RATIO":50.341522294209,"EPS_TTM":-0.159179414932,"OPERATE_INCOME_QOQ":0,"NET_PROFIT_RATIO":8.1772433212,"ROE_AVG":8.712294557354,"GROSS_PROFIT_QOQ":0,"ROA":4.931744071632,"HOLDER_PROFIT_QOQ":0,"ROE_YEARLY":8.712294557354,"ROIC_YEARLY":6.855192344287,"TOTAL_ASSETS":2173333720.338,"TOTAL_LIABILITIES":903574786.994,"TAX_EBT":23.187182452474,"OCF_SALES":17.518474391975,"TOTAL_PARENT_EQUITY":1272476620.58,"DEBT_ASSET_RATIO":41.5755196056,"OPERATE_PROFIT":147932195.554,"PRETAX_PROFIT":144138963.078,"NETCASH_OPERATE":237194410.684,"NETCASH_INVEST":-34034455.906,"NETCASH_FINANCE":-202688942.192,"END_CASH":641509553.938,"DIVI_RATIO":-0.457227388768,"DIVIDEND_RATE":2.410921921922,"CURRENT_RATIO":2.155930715631,"COMMON_ACS":20000000000,"CURRENTDEBT_DEBT":84.472383698226,"ISSUED_COMMON_SHARES":605642500,"HK_COMMON_SHARES":605642500,"PER_SHARES":500,"TOTAL_MARKET_CAP":2016789525,"HKSK_MARKET_CAP":2016789525,"PE_TTM":68.301150014858,"PB_TTM":1.358348179835,"REPORT_DATE_SQ":"2019-12-31 00:00:00","REPORT_TYPE_SQ":"2019年年报","OPERATE_INCOME_SQ":1559109154.416,"DPS_HKD":0.0802837,"OPERATE_INCOME_QOQ_SQ":0,"NET_PROFIT_RATIO_SQ":-3.0790196784,"HOLDER_PROFIT_SQ":-48002000.472,"HOLDER_PROFIT_QOQ_SQ":0,"ROE_AVG_SQ":-2.897700619326,"PE_TTM_SQ":10.3147833964,"PB_TTM_SQ":1.395288692797,"ROA_SQ":-1.878217088523,"START_DATE":"2020-04-01 00:00:00","FISCAL_YEAR":"3-31","CURRENCY":"HKD","IS_CNY_CODE":0,"DPS_HKD_LY":0.219849,"ORG_TYPE":"一般企业","PREMIUM_INCOME":null,"PREMIUM_INCOME_YOY":null,"NET_INTEREST_INCOME":null,"NET_INTEREST_INCOME_YOY":null,"FEE_COMMISSION_INCOME":null,"FEE_COMMISSION_INCOME_YOY":null,"ACCOUNTS_RECE_TDAYS":3.259628596406,"INVENTORY_TDAYS":1.163111029426,"CURRENT_ASSETS_TDAYS":0.792940235603,"TOTAL_ASSETS_TDAYS":0.603127033487,"PREMIUM_EXPENSE":null,"LOAN_DEPOSIT":null,"LOAN_EQUITY":null,"LOAN_ASSETS":null,"DEPOSIT_EQUITY":null,"DEPOSIT_ASSETS":null,"EQUITY_MULTIPLIER":1.711611285628,"EQUITY_RATIO":0.710091464456},{"SECUCODE":"06858.HK","SECURITY_CODE":"06858","SECURITY_NAME_ABBR":"本间高尔夫","ORG_CODE":"10540772","STD_REPORT_DATE":"2020-06-30 00:00:00","REPORT_DATE":"2020-09-30 00:00:00","DATE_TYPE_CODE":"002","REPORT_TYPE":"2020年中报","PER_NETCASH_OPERATE":0.2740761581,"PER_OI":0.963066491234,"BPS":2.090929969457,"BASIC_EPS":-0.08569057,"DILUTED_EPS":-0.08569057,"OPERATE_INCOME":583273997.417,"OPERATE_INCOME_YOY":-14.5218007826,"GROSS_PROFIT":298588082.446,"GROSS_PROFIT_YOY":-13.610933337972,"HOLDER_PROFIT":-51770892.086,"HOLDER_PROFIT_YOY":-1467.8712195122,"GROSS_PROFIT_RATIO":51.19173557681,"EPS_TTM":-0.079257978877,"OPERATE_INCOME_QOQ":0,"NET_PROFIT_RATIO":-8.8758135035,"ROE_AVG":-3.923069207214,"GROSS_PROFIT_QOQ":0,"ROA":-2.135882270047,"HOLDER_PROFIT_QOQ":0,"ROE_YEARLY":-7.846138414428,"ROIC_YEARLY":-5.990105822465,"TOTAL_ASSETS":2341613761.184,"TOTAL_LIABILITIES":1078201468.167,"TAX_EBT":-86.27021438374,"OCF_SALES":28.45869528165,"TOTAL_PARENT_EQUITY":1266356054.027,"DEBT_ASSET_RATIO":46.0452311154,"OPERATE_PROFIT":-25795889.733,"PRETAX_PROFIT":-27793124.304,"NETCASH_OPERATE":165992169.582,"NETCASH_INVEST":-24747758.761,"NETCASH_FINANCE":-85625045.707,"END_CASH":721771864.397,"DIVI_RATIO":-0.918282162455,"DIVIDEND_RATE":2.410921921922,"CURRENT_RATIO":1.865716126761,"COMMON_ACS":20000000000,"CURRENTDEBT_DEBT":87.626290557663,"ISSUED_COMMON_SHARES":605642500,"HK_COMMON_SHARES":605642500,"PER_SHARES":500,"TOTAL_MARKET_CAP":2016789525,"HKSK_MARKET_CAP":2016789525,"PE_TTM":68.301150014858,"PB_TTM":1.358348179835,"REPORT_DATE_SQ":"2019-06-30 00:00:00","REPORT_TYPE_SQ":"2019年中报","OPERATE_INCOME_SQ":695816335.127,"DPS_HKD":0.0802837,"OPERATE_INCOME_QOQ_SQ":0,"NET_PROFIT_RATIO_SQ":-0.4837893553,"HOLDER_PROFIT_SQ":-3367073.75,"HOLDER_PROFIT_QOQ_SQ":0,"ROE_AVG_SQ":-0.196024436999,"PE_TTM_SQ":10.3147833964,"PB_TTM_SQ":1.395288692797,"ROA_SQ":-0.133010253806,"START_DATE":"2020-04-01 00:00:00","FISCAL_YEAR":"3-31","CURRENCY":"HKD","IS_CNY_CODE":0,"DPS_HKD_LY":0.219849,"ORG_TYPE":"一般企业","PREMIUM_INCOME":null,"PREMIUM_INCOME_YOY":null,"NET_INTEREST_INCOME":null,"NET_INTEREST_INCOME_YOY":null,"FEE_COMMISSION_INCOME":null,"FEE_COMMISSION_INCOME_YOY":null,"ACCOUNTS_RECE_TDAYS":1.312509654833,"INVENTORY_TDAYS":0.449549168803,"CURRENT_ASSETS_TDAYS":0.317251088392,"TOTAL_ASSETS_TDAYS":0.240638037991,"PREMIUM_EXPENSE":null,"LOAN_DEPOSIT":null,"LOAN_EQUITY":null,"LOAN_ASSETS":null,"DEPOSIT_EQUITY":null,"DEPOSIT_ASSETS":null,"EQUITY_MULTIPLIER":1.853404287838,"EQUITY_RATIO":0.851420471153}],"count":21},"success":true,"message":"ok","code":0}