{"version":"b2c17c0fe81a46c1f78090ffc978ba08","result":{"pages":4,"data":[{"SECUCODE":"06868.HK","SECURITY_CODE":"06868","SECURITY_NAME_ABBR":"天福","ORG_CODE":"10190885","STD_REPORT_DATE":"2024-06-30 00:00:00","REPORT_DATE":"2024-06-30 00:00:00","DATE_TYPE_CODE":"002","REPORT_TYPE":"2024年中报","PER_NETCASH_OPERATE":0.116520993252,"PER_OI":0.74694341967,"BPS":1.599095515399,"BASIC_EPS":0.06,"DILUTED_EPS":0.06,"OPERATE_INCOME":811278000,"OPERATE_INCOME_YOY":-3.7355830842,"GROSS_PROFIT":424050000,"GROSS_PROFIT_YOY":-8.285751362575,"HOLDER_PROFIT":69114000,"HOLDER_PROFIT_YOY":-30.1243554747,"GROSS_PROFIT_RATIO":52.269382381872,"EPS_TTM":0.168894996279,"OPERATE_INCOME_QOQ":-1.815507066937,"NET_PROFIT_RATIO":8.519151265,"ROE_AVG":3.928148204984,"GROSS_PROFIT_QOQ":-4.073729073091,"ROA":2.319925414905,"HOLDER_PROFIT_QOQ":-13.973119237659,"ROE_YEARLY":7.856296409968,"ROIC_YEARLY":5.179952846495,"TOTAL_ASSETS":2956451000,"TOTAL_LIABILITIES":1223253000,"TAX_EBT":30.760676825053,"OCF_SALES":15.599708114851,"TOTAL_PARENT_EQUITY":1733198000,"DEBT_ASSET_RATIO":41.3757237986,"OPERATE_PROFIT":110767000,"PRETAX_PROFIT":99819000,"NETCASH_OPERATE":126557000,"NETCASH_INVEST":35811000,"NETCASH_FINANCE":-91817000,"END_CASH":346131000,"DIVI_RATIO":0.805984801203,"DIVIDEND_RATE":4.15512465374,"CURRENT_RATIO":1.822660186762,"COMMON_ACS":8000000000,"CURRENTDEBT_DEBT":73.02029915316,"ISSUED_COMMON_SHARES":1083861460,"HK_COMMON_SHARES":1083861460,"PER_SHARES":1000,"TOTAL_MARKET_CAP":3912739870.6,"HKSK_MARKET_CAP":3912739870.6,"PE_TTM":19.203504922628,"PB_TTM":2.060398999479,"REPORT_DATE_SQ":"2023-06-30 00:00:00","REPORT_TYPE_SQ":"2023年中报","OPERATE_INCOME_SQ":842760000,"DPS_HKD":0.15,"OPERATE_INCOME_QOQ_SQ":2.352162760872,"NET_PROFIT_RATIO_SQ":11.7364374199,"HOLDER_PROFIT_SQ":98910000,"HOLDER_PROFIT_QOQ_SQ":11.549900218937,"ROE_AVG_SQ":5.632902849938,"PE_TTM_SQ":19.889467641374,"PB_TTM_SQ":2.638567635558,"ROA_SQ":3.208414082962,"START_DATE":"2024-01-01 00:00:00","FISCAL_YEAR":"12-31","CURRENCY":"HKD","IS_CNY_CODE":0,"DPS_HKD_LY":0.15,"ORG_TYPE":"一般企业","PREMIUM_INCOME":null,"PREMIUM_INCOME_YOY":null,"NET_INTEREST_INCOME":null,"NET_INTEREST_INCOME_YOY":null,"FEE_COMMISSION_INCOME":null,"FEE_COMMISSION_INCOME_YOY":null,"ACCOUNTS_RECE_TDAYS":3.776064417785,"INVENTORY_TDAYS":0.382041217412,"CURRENT_ASSETS_TDAYS":0.501638112669,"TOTAL_ASSETS_TDAYS":0.27231884289,"PREMIUM_EXPENSE":null,"LOAN_DEPOSIT":null,"LOAN_EQUITY":null,"LOAN_ASSETS":null,"DEPOSIT_EQUITY":null,"DEPOSIT_ASSETS":null,"EQUITY_MULTIPLIER":1.70577798959,"EQUITY_RATIO":0.705777989589},{"SECUCODE":"06868.HK","SECURITY_CODE":"06868","SECURITY_NAME_ABBR":"天福","ORG_CODE":"10190885","STD_REPORT_DATE":"2023-12-31 00:00:00","REPORT_DATE":"2023-12-31 00:00:00","DATE_TYPE_CODE":"001","REPORT_TYPE":"2023年年报","PER_NETCASH_OPERATE":0.449156674009,"PER_OI":1.593253318568,"BPS":1.647546357078,"BASIC_EPS":0.2,"DILUTED_EPS":0.2,"OPERATE_INCOME":1734061000,"OPERATE_INCOME_YOY":1.08785123,"GROSS_PROFIT":940416000,"GROSS_PROFIT_YOY":2.206132480978,"HOLDER_PROFIT":213238000,"HOLDER_PROFIT_YOY":3.2869625869,"GROSS_PROFIT_RATIO":54.232002219068,"EPS_TTM":0.195922837285,"OPERATE_INCOME_QOQ":-1.235256292329,"NET_PROFIT_RATIO":12.2970299199,"ROE_AVG":11.993887132436,"GROSS_PROFIT_QOQ":-0.015097420893,"ROA":6.944352173534,"HOLDER_PROFIT_QOQ":-7.407391325115,"ROE_YEARLY":11.993887132436,"ROIC_YEARLY":7.729142555157,"TOTAL_ASSETS":3001844000,"TOTAL_LIABILITIES":1216132000,"TAX_EBT":27.799391212192,"OCF_SALES":28.191165132023,"TOTAL_PARENT_EQUITY":1785712000,"DEBT_ASSET_RATIO":40.5128314463,"OPERATE_PROFIT":306157000,"PRETAX_PROFIT":295341000,"NETCASH_OPERATE":488852000,"NETCASH_INVEST":-129146000,"NETCASH_FINANCE":-435173000,"END_CASH":275127000,"DIVI_RATIO":0.694798022969,"DIVIDEND_RATE":4.054054054054,"CURRENT_RATIO":1.69882270084,"COMMON_ACS":8000000000,"CURRENTDEBT_DEBT":77.75792430427,"ISSUED_COMMON_SHARES":1083861460,"HK_COMMON_SHARES":1083861460,"PER_SHARES":1000,"TOTAL_MARKET_CAP":4010287402,"HKSK_MARKET_CAP":4010287402,"PE_TTM":19.682262663081,"PB_TTM":2.111766287555,"REPORT_DATE_SQ":"2022-12-31 00:00:00","REPORT_TYPE_SQ":"2022年年报","OPERATE_INCOME_SQ":1715400000,"DPS_HKD":0.15,"OPERATE_INCOME_QOQ_SQ":-3.898782796347,"NET_PROFIT_RATIO_SQ":12.0352104465,"HOLDER_PROFIT_SQ":206452000,"HOLDER_PROFIT_QOQ_SQ":-25.172523776386,"ROE_AVG_SQ":11.4603713413,"PE_TTM_SQ":19.238065862726,"PB_TTM_SQ":2.552151664961,"ROA_SQ":6.500834284019,"START_DATE":"2023-01-01 00:00:00","FISCAL_YEAR":"12-31","CURRENCY":"HKD","IS_CNY_CODE":0,"DPS_HKD_LY":0.18,"ORG_TYPE":"一般企业","PREMIUM_INCOME":null,"PREMIUM_INCOME_YOY":null,"NET_INTEREST_INCOME":null,"NET_INTEREST_INCOME_YOY":null,"FEE_COMMISSION_INCOME":null,"FEE_COMMISSION_INCOME_YOY":null,"ACCOUNTS_RECE_TDAYS":6.536608810541,"INVENTORY_TDAYS":0.763367552755,"CURRENT_ASSETS_TDAYS":1.02482180016,"TOTAL_ASSETS_TDAYS":0.564717839897,"PREMIUM_EXPENSE":null,"LOAN_DEPOSIT":null,"LOAN_EQUITY":null,"LOAN_ASSETS":null,"DEPOSIT_EQUITY":null,"DEPOSIT_ASSETS":null,"EQUITY_MULTIPLIER":1.681034791725,"EQUITY_RATIO":0.681034791725},{"SECUCODE":"06868.HK","SECURITY_CODE":"06868","SECURITY_NAME_ABBR":"天福","ORG_CODE":"10190885","STD_REPORT_DATE":"2023-06-30 00:00:00","REPORT_DATE":"2023-06-30 00:00:00","DATE_TYPE_CODE":"002","REPORT_TYPE":"2023年中报","PER_NETCASH_OPERATE":0.20369946005,"PER_OI":0.772313104875,"BPS":1.607031954065,"BASIC_EPS":0.09,"DILUTED_EPS":0.09,"OPERATE_INCOME":842760000,"OPERATE_INCOME_YOY":5.0284704472,"GROSS_PROFIT":462360000,"GROSS_PROFIT_YOY":4.625508294506,"HOLDER_PROFIT":98910000,"HOLDER_PROFIT_YOY":31.7658029708,"GROSS_PROFIT_RATIO":54.862594332906,"EPS_TTM":0.211046313438,"OPERATE_INCOME_QOQ":2.352162760872,"NET_PROFIT_RATIO":11.7364374199,"ROE_AVG":5.632902849938,"GROSS_PROFIT_QOQ":2.221565300935,"ROA":3.208414082962,"HOLDER_PROFIT_QOQ":11.549900218937,"ROE_YEARLY":11.265805699876,"ROIC_YEARLY":7.156869927634,"TOTAL_ASSETS":3026171000,"TOTAL_LIABILITIES":1284371000,"TAX_EBT":28.102579758815,"OCF_SALES":26.375243248374,"TOTAL_PARENT_EQUITY":1741800000,"DEBT_ASSET_RATIO":42.4421157958,"OPERATE_PROFIT":143154000,"PRETAX_PROFIT":137571000,"NETCASH_OPERATE":222280000,"NETCASH_INVEST":-83738000,"NETCASH_FINANCE":-202273000,"END_CASH":289105000,"DIVI_RATIO":0.645009134641,"DIVIDEND_RATE":4.054054054054,"CURRENT_RATIO":1.573208219685,"COMMON_ACS":8000000000,"CURRENTDEBT_DEBT":79.555751414506,"ISSUED_COMMON_SHARES":1083861460,"HK_COMMON_SHARES":1083861460,"PER_SHARES":1000,"TOTAL_MARKET_CAP":4010287402,"HKSK_MARKET_CAP":4010287402,"PE_TTM":19.682262663081,"PB_TTM":2.111766287555,"REPORT_DATE_SQ":"2022-06-30 00:00:00","REPORT_TYPE_SQ":"2022年中报","OPERATE_INCOME_SQ":802411000,"DPS_HKD":0.15,"OPERATE_INCOME_QOQ_SQ":-7.256276592484,"NET_PROFIT_RATIO_SQ":9.354931575,"HOLDER_PROFIT_SQ":75065000,"HOLDER_PROFIT_QOQ_SQ":-23.249351147905,"ROE_AVG_SQ":4.266049401835,"PE_TTM_SQ":19.238065862726,"PB_TTM_SQ":2.552151664961,"ROA_SQ":2.427428568472,"START_DATE":"2023-01-01 00:00:00","FISCAL_YEAR":"12-31","CURRENCY":"HKD","IS_CNY_CODE":0,"DPS_HKD_LY":0.18,"ORG_TYPE":"一般企业","PREMIUM_INCOME":null,"PREMIUM_INCOME_YOY":null,"NET_INTEREST_INCOME":null,"NET_INTEREST_INCOME_YOY":null,"FEE_COMMISSION_INCOME":null,"FEE_COMMISSION_INCOME_YOY":null,"ACCOUNTS_RECE_TDAYS":3.40978194243,"INVENTORY_TDAYS":0.364473597222,"CURRENT_ASSETS_TDAYS":0.497917515352,"TOTAL_ASSETS_TDAYS":0.273372060718,"PREMIUM_EXPENSE":null,"LOAN_DEPOSIT":null,"LOAN_EQUITY":null,"LOAN_ASSETS":null,"DEPOSIT_EQUITY":null,"DEPOSIT_ASSETS":null,"EQUITY_MULTIPLIER":1.737381444482,"EQUITY_RATIO":0.737381444483},{"SECUCODE":"06868.HK","SECURITY_CODE":"06868","SECURITY_NAME_ABBR":"天福","ORG_CODE":"10190885","STD_REPORT_DATE":"2022-12-31 00:00:00","REPORT_DATE":"2022-12-31 00:00:00","DATE_TYPE_CODE":"001","REPORT_TYPE":"2022年年报","PER_NETCASH_OPERATE":0.37108027818,"PER_OI":1.57061812787,"BPS":1.633110932831,"BASIC_EPS":0.19,"DILUTED_EPS":0.19,"OPERATE_INCOME":1715400000,"OPERATE_INCOME_YOY":-10.8721529254,"GROSS_PROFIT":920117000,"GROSS_PROFIT_YOY":-19.573496543411,"HOLDER_PROFIT":206452000,"HOLDER_PROFIT_YOY":-42.5694264787,"GROSS_PROFIT_RATIO":53.638626559403,"EPS_TTM":0.189027197001,"OPERATE_INCOME_QOQ":-3.898782796347,"NET_PROFIT_RATIO":12.0352104465,"ROE_AVG":11.4603713413,"GROSS_PROFIT_QOQ":-12.167627767919,"ROA":6.500834284019,"HOLDER_PROFIT_QOQ":-25.172523776386,"ROE_YEARLY":11.4603713413,"ROIC_YEARLY":7.162589199739,"TOTAL_ASSETS":3139492000,"TOTAL_LIABILITIES":1369426000,"TAX_EBT":28.370243667186,"OCF_SALES":23.626384516731,"TOTAL_PARENT_EQUITY":1770066000,"DEBT_ASSET_RATIO":43.6193498821,"OPERATE_PROFIT":293320000,"PRETAX_PROFIT":288221000,"NETCASH_OPERATE":405287000,"NETCASH_INVEST":-38930000,"NETCASH_FINANCE":-272982000,"END_CASH":348443000,"DIVI_RATIO":0.720143990705,"DIVIDEND_RATE":4.054054054054,"CURRENT_RATIO":1.591329747808,"COMMON_ACS":8000000000,"CURRENTDEBT_DEBT":81.573155468057,"ISSUED_COMMON_SHARES":1083861460,"HK_COMMON_SHARES":1083861460,"PER_SHARES":1000,"TOTAL_MARKET_CAP":4010287402,"HKSK_MARKET_CAP":4010287402,"PE_TTM":19.682262663081,"PB_TTM":2.111766287555,"REPORT_DATE_SQ":"2021-12-31 00:00:00","REPORT_TYPE_SQ":"2021年年报","OPERATE_INCOME_SQ":1924651000,"DPS_HKD":0.15,"OPERATE_INCOME_QOQ_SQ":1.096982981636,"NET_PROFIT_RATIO_SQ":18.6777239094,"HOLDER_PROFIT_SQ":359481000,"HOLDER_PROFIT_QOQ_SQ":2.281612236885,"ROE_AVG_SQ":20.058404008768,"PE_TTM_SQ":19.238065862726,"PB_TTM_SQ":2.552151664961,"ROA_SQ":11.634097831591,"START_DATE":"2022-01-01 00:00:00","FISCAL_YEAR":"12-31","CURRENCY":"HKD","IS_CNY_CODE":0,"DPS_HKD_LY":0.27,"ORG_TYPE":"一般企业","PREMIUM_INCOME":null,"PREMIUM_INCOME_YOY":null,"NET_INTEREST_INCOME":null,"NET_INTEREST_INCOME_YOY":null,"FEE_COMMISSION_INCOME":null,"FEE_COMMISSION_INCOME_YOY":null,"ACCOUNTS_RECE_TDAYS":5.173131321661,"INVENTORY_TDAYS":0.748417119949,"CURRENT_ASSETS_TDAYS":0.937689612384,"TOTAL_ASSETS_TDAYS":0.540151276365,"PREMIUM_EXPENSE":null,"LOAN_DEPOSIT":null,"LOAN_EQUITY":null,"LOAN_ASSETS":null,"DEPOSIT_EQUITY":null,"DEPOSIT_ASSETS":null,"EQUITY_MULTIPLIER":1.77365815738,"EQUITY_RATIO":0.773658157379},{"SECUCODE":"06868.HK","SECURITY_CODE":"06868","SECURITY_NAME_ABBR":"天福","ORG_CODE":"10190885","STD_REPORT_DATE":"2022-06-30 00:00:00","REPORT_DATE":"2022-06-30 00:00:00","DATE_TYPE_CODE":"002","REPORT_TYPE":"2022年中报","PER_NETCASH_OPERATE":0.253644544087,"PER_OI":0.733740612314,"BPS":1.555883350627,"BASIC_EPS":0.07,"DILUTED_EPS":0.07,"OPERATE_INCOME":802411000,"OPERATE_INCOME_YOY":-14.8246041426,"GROSS_PROFIT":441919000,"GROSS_PROFIT_YOY":-17.91735623153,"HOLDER_PROFIT":75065000,"HOLDER_PROFIT_YOY":-52.6827700105,"GROSS_PROFIT_RATIO":55.073896045792,"EPS_TTM":0.252292117007,"OPERATE_INCOME_QOQ":-7.256276592484,"NET_PROFIT_RATIO":9.354931575,"ROE_AVG":4.266049401835,"GROSS_PROFIT_QOQ":-8.431821419924,"ROA":2.427428568472,"HOLDER_PROFIT_QOQ":-23.249351147905,"ROE_YEARLY":8.532098803671,"ROIC_YEARLY":5.357032304728,"TOTAL_ASSETS":2972672000,"TOTAL_LIABILITIES":1286310000,"TAX_EBT":30.212342648891,"OCF_SALES":34.568693599664,"TOTAL_PARENT_EQUITY":1686362000,"DEBT_ASSET_RATIO":43.2711715251,"OPERATE_PROFIT":101691000,"PRETAX_PROFIT":107562000,"NETCASH_OPERATE":277383000,"NETCASH_INVEST":10117000,"NETCASH_FINANCE":-198504000,"END_CASH":341385000,"DIVI_RATIO":0.539560259016,"DIVIDEND_RATE":4.054054054054,"CURRENT_RATIO":1.538736234624,"COMMON_ACS":8000000000,"CURRENTDEBT_DEBT":82.900156260932,"ISSUED_COMMON_SHARES":1083861460,"HK_COMMON_SHARES":1083861460,"PER_SHARES":1000,"TOTAL_MARKET_CAP":4010287402,"HKSK_MARKET_CAP":4010287402,"PE_TTM":19.682262663081,"PB_TTM":2.111766287555,"REPORT_DATE_SQ":"2021-06-30 00:00:00","REPORT_TYPE_SQ":"2021年中报","OPERATE_INCOME_SQ":942069000,"DPS_HKD":0.15,"OPERATE_INCOME_QOQ_SQ":11.16270922197,"NET_PROFIT_RATIO_SQ":16.8397431611,"HOLDER_PROFIT_SQ":158642000,"HOLDER_PROFIT_QOQ_SQ":15.079123405008,"ROE_AVG_SQ":9.144840772886,"PE_TTM_SQ":19.238065862726,"PB_TTM_SQ":2.552151664961,"ROA_SQ":5.47084957457,"START_DATE":"2022-01-01 00:00:00","FISCAL_YEAR":"12-31","CURRENCY":"HKD","IS_CNY_CODE":0,"DPS_HKD_LY":0.27,"ORG_TYPE":"一般企业","PREMIUM_INCOME":null,"PREMIUM_INCOME_YOY":null,"NET_INTEREST_INCOME":null,"NET_INTEREST_INCOME_YOY":null,"FEE_COMMISSION_INCOME":null,"FEE_COMMISSION_INCOME_YOY":null,"ACCOUNTS_RECE_TDAYS":2.666020991637,"INVENTORY_TDAYS":0.347309185255,"CURRENT_ASSETS_TDAYS":0.455660714595,"TOTAL_ASSETS_TDAYS":0.259481167662,"PREMIUM_EXPENSE":null,"LOAN_DEPOSIT":null,"LOAN_EQUITY":null,"LOAN_ASSETS":null,"DEPOSIT_EQUITY":null,"DEPOSIT_ASSETS":null,"EQUITY_MULTIPLIER":1.762772168726,"EQUITY_RATIO":0.762772168728},{"SECUCODE":"06868.HK","SECURITY_CODE":"06868","SECURITY_NAME_ABBR":"天福","ORG_CODE":"10190885","STD_REPORT_DATE":"2021-12-31 00:00:00","REPORT_DATE":"2021-12-31 00:00:00","DATE_TYPE_CODE":"001","REPORT_TYPE":"2021年年报","PER_NETCASH_OPERATE":0.281776590441,"PER_OI":1.757469178491,"BPS":1.691008553805,"BASIC_EPS":0.33,"DILUTED_EPS":0.33,"OPERATE_INCOME":1924651000,"OPERATE_INCOME_YOY":12.3821452241,"GROSS_PROFIT":1144047000,"GROSS_PROFIT_YOY":9.390250898799,"HOLDER_PROFIT":359481000,"HOLDER_PROFIT_YOY":17.7047827667,"GROSS_PROFIT_RATIO":59.44178970629,"EPS_TTM":0.328255240952,"OPERATE_INCOME_QOQ":1.096982981636,"NET_PROFIT_RATIO":18.6777239094,"ROE_AVG":20.058404008768,"GROSS_PROFIT_QOQ":2.30050432792,"ROA":11.634097831591,"HOLDER_PROFIT_QOQ":2.281612236885,"ROE_YEARLY":20.058404008768,"ROIC_YEARLY":12.883690858225,"TOTAL_ASSETS":3212062000,"TOTAL_LIABILITIES":1379243000,"TAX_EBT":29.337843894231,"OCF_SALES":16.033088596322,"TOTAL_PARENT_EQUITY":1832819000,"DEBT_ASSET_RATIO":42.9394887147,"OPERATE_PROFIT":527457000,"PRETAX_PROFIT":508732000,"NETCASH_OPERATE":308581000,"NETCASH_INVEST":-114142000,"NETCASH_FINANCE":-314121000,"END_CASH":238380000,"DIVI_RATIO":0.414698024639,"DIVIDEND_RATE":4.054054054054,"CURRENT_RATIO":1.584254399558,"COMMON_ACS":8000000000,"CURRENTDEBT_DEBT":86.090123350273,"ISSUED_COMMON_SHARES":1083861460,"HK_COMMON_SHARES":1083861460,"PER_SHARES":1000,"TOTAL_MARKET_CAP":4010287402,"HKSK_MARKET_CAP":4010287402,"PE_TTM":19.682262663081,"PB_TTM":2.111766287555,"REPORT_DATE_SQ":"2020-12-31 00:00:00","REPORT_TYPE_SQ":"2020年年报","OPERATE_INCOME_SQ":1712595000,"DPS_HKD":0.15,"OPERATE_INCOME_QOQ_SQ":0.271552503956,"NET_PROFIT_RATIO_SQ":17.8331129076,"HOLDER_PROFIT_SQ":305409000,"HOLDER_PROFIT_QOQ_SQ":17.05216601448,"ROE_AVG_SQ":17.72633641552,"PE_TTM_SQ":19.238065862726,"PB_TTM_SQ":2.552151664961,"ROA_SQ":10.404281641123,"START_DATE":"2021-01-01 00:00:00","FISCAL_YEAR":"12-31","CURRENCY":"HKD","IS_CNY_CODE":0,"DPS_HKD_LY":0.28,"ORG_TYPE":"一般企业","PREMIUM_INCOME":null,"PREMIUM_INCOME_YOY":null,"NET_INTEREST_INCOME":null,"NET_INTEREST_INCOME_YOY":null,"FEE_COMMISSION_INCOME":null,"FEE_COMMISSION_INCOME_YOY":null,"ACCOUNTS_RECE_TDAYS":5.481391927934,"INVENTORY_TDAYS":0.805639655102,"CURRENT_ASSETS_TDAYS":1.097497707667,"TOTAL_ASSETS_TDAYS":0.622886272868,"PREMIUM_EXPENSE":null,"LOAN_DEPOSIT":null,"LOAN_EQUITY":null,"LOAN_ASSETS":null,"DEPOSIT_EQUITY":null,"DEPOSIT_ASSETS":null,"EQUITY_MULTIPLIER":1.752525481239,"EQUITY_RATIO":0.75252548124},{"SECUCODE":"06868.HK","SECURITY_CODE":"06868","SECURITY_NAME_ABBR":"天福","ORG_CODE":"10190885","STD_REPORT_DATE":"2021-06-30 00:00:00","REPORT_DATE":"2021-06-30 00:00:00","DATE_TYPE_CODE":"002","REPORT_TYPE":"2021年中报","PER_NETCASH_OPERATE":0.227321434331,"PER_OI":0.857889876972,"BPS":1.585089112773,"BASIC_EPS":0.14,"DILUTED_EPS":0.14,"OPERATE_INCOME":942069000,"OPERATE_INCOME_YOY":25.4591508556,"GROSS_PROFIT":538383000,"GROSS_PROFIT_YOY":15.55688630466,"HOLDER_PROFIT":158642000,"HOLDER_PROFIT_YOY":40.9036406754,"GROSS_PROFIT_RATIO":57.148998640227,"EPS_TTM":0.32005690872,"OPERATE_INCOME_QOQ":11.16270922197,"NET_PROFIT_RATIO":16.8397431611,"ROE_AVG":9.144840772886,"GROSS_PROFIT_QOQ":6.930314388434,"ROA":5.47084957457,"HOLDER_PROFIT_QOQ":15.079123405008,"ROE_YEARLY":18.289681545772,"ROIC_YEARLY":12.334131483496,"TOTAL_ASSETS":2831817000,"TOTAL_LIABILITIES":1113800000,"TAX_EBT":29.224756746628,"OCF_SALES":26.497740611357,"TOTAL_PARENT_EQUITY":1718017000,"DEBT_ASSET_RATIO":39.3316376023,"OPERATE_PROFIT":234205000,"PRETAX_PROFIT":224149000,"NETCASH_OPERATE":249627000,"NETCASH_INVEST":-35033000,"NETCASH_FINANCE":-279615000,"END_CASH":293726000,"DIVI_RATIO":0.425320611089,"DIVIDEND_RATE":4.054054054054,"CURRENT_RATIO":1.740397060134,"COMMON_ACS":8000000000,"CURRENTDEBT_DEBT":84.631711258754,"ISSUED_COMMON_SHARES":1083861460,"HK_COMMON_SHARES":1083861460,"PER_SHARES":1000,"TOTAL_MARKET_CAP":4010287402,"HKSK_MARKET_CAP":4010287402,"PE_TTM":19.682262663081,"PB_TTM":2.111766287555,"REPORT_DATE_SQ":"2020-06-30 00:00:00","REPORT_TYPE_SQ":"2020年中报","OPERATE_INCOME_SQ":750897000,"DPS_HKD":0.15,"OPERATE_INCOME_QOQ_SQ":-4.946311122786,"NET_PROFIT_RATIO_SQ":14.5535273147,"HOLDER_PROFIT_SQ":112589000,"HOLDER_PROFIT_QOQ_SQ":-4.473945309497,"ROE_AVG_SQ":6.720816509753,"PE_TTM_SQ":19.238065862726,"PB_TTM_SQ":2.552151664961,"ROA_SQ":3.854958591098,"START_DATE":"2021-01-01 00:00:00","FISCAL_YEAR":"12-31","CURRENCY":"HKD","IS_CNY_CODE":0,"DPS_HKD_LY":0.28,"ORG_TYPE":"一般企业","PREMIUM_INCOME":null,"PREMIUM_INCOME_YOY":null,"NET_INTEREST_INCOME":null,"NET_INTEREST_INCOME_YOY":null,"FEE_COMMISSION_INCOME":null,"FEE_COMMISSION_INCOME_YOY":null,"ACCOUNTS_RECE_TDAYS":3.278706154432,"INVENTORY_TDAYS":0.453983004005,"CURRENT_ASSETS_TDAYS":0.576760459905,"TOTAL_ASSETS_TDAYS":0.324877257464,"PREMIUM_EXPENSE":null,"LOAN_DEPOSIT":null,"LOAN_EQUITY":null,"LOAN_ASSETS":null,"DEPOSIT_EQUITY":null,"DEPOSIT_ASSETS":null,"EQUITY_MULTIPLIER":1.648305575556,"EQUITY_RATIO":0.648305575556},{"SECUCODE":"06868.HK","SECURITY_CODE":"06868","SECURITY_NAME_ABBR":"天福","ORG_CODE":"10190885","STD_REPORT_DATE":"2020-12-31 00:00:00","REPORT_DATE":"2020-12-31 00:00:00","DATE_TYPE_CODE":"001","REPORT_TYPE":"2020年年报","PER_NETCASH_OPERATE":0.276574291055,"PER_OI":1.554343467853,"BPS":1.616003580384,"BASIC_EPS":0.28,"DILUTED_EPS":0.28,"OPERATE_INCOME":1712595000,"OPERATE_INCOME_YOY":-4.6881904505,"GROSS_PROFIT":1045840000,"GROSS_PROFIT_YOY":-1.112232094652,"HOLDER_PROFIT":305409000,"HOLDER_PROFIT_YOY":11.8153161234,"GROSS_PROFIT_RATIO":61.067561215582,"EPS_TTM":0.277187825594,"OPERATE_INCOME_QOQ":0.271552503956,"NET_PROFIT_RATIO":17.8331129076,"ROE_AVG":17.72633641552,"GROSS_PROFIT_QOQ":3.636451920095,"ROA":10.404281641123,"HOLDER_PROFIT_QOQ":17.05216601448,"ROE_YEARLY":17.72633641552,"ROIC_YEARLY":11.756259956583,"TOTAL_ASSETS":2967721000,"TOTAL_LIABILITIES":1216197000,"TAX_EBT":34.614668233813,"OCF_SALES":17.793640644753,"TOTAL_PARENT_EQUITY":1751524000,"DEBT_ASSET_RATIO":40.9808401801,"OPERATE_PROFIT":487766000,"PRETAX_PROFIT":467091000,"NETCASH_OPERATE":304733000,"NETCASH_INVEST":91041000,"NETCASH_FINANCE":-224377000,"END_CASH":360999000,"DIVI_RATIO":0.491099490781,"DIVIDEND_RATE":4.054054054054,"CURRENT_RATIO":1.578173401654,"COMMON_ACS":8000000000,"CURRENTDEBT_DEBT":84.726405343871,"ISSUED_COMMON_SHARES":1083861460,"HK_COMMON_SHARES":1083861460,"PER_SHARES":1000,"TOTAL_MARKET_CAP":4010287402,"HKSK_MARKET_CAP":4010287402,"PE_TTM":19.682262663081,"PB_TTM":2.111766287555,"REPORT_DATE_SQ":"2019-12-31 00:00:00","REPORT_TYPE_SQ":"2019年年报","OPERATE_INCOME_SQ":1796834000,"DPS_HKD":0.15,"OPERATE_INCOME_QOQ_SQ":8.478593572185,"NET_PROFIT_RATIO_SQ":15.2010146736,"HOLDER_PROFIT_SQ":273137000,"HOLDER_PROFIT_QOQ_SQ":3.69941494269,"ROE_AVG_SQ":14.637661121079,"PE_TTM_SQ":19.238065862726,"PB_TTM_SQ":2.552151664961,"ROA_SQ":9.515708721493,"START_DATE":"2020-01-01 00:00:00","FISCAL_YEAR":"12-31","CURRENCY":"HKD","IS_CNY_CODE":0,"DPS_HKD_LY":0.2,"ORG_TYPE":"一般企业","PREMIUM_INCOME":null,"PREMIUM_INCOME_YOY":null,"NET_INTEREST_INCOME":null,"NET_INTEREST_INCOME_YOY":null,"FEE_COMMISSION_INCOME":null,"FEE_COMMISSION_INCOME_YOY":null,"ACCOUNTS_RECE_TDAYS":5.340560751161,"INVENTORY_TDAYS":0.803992015005,"CURRENT_ASSETS_TDAYS":1.101062973129,"TOTAL_ASSETS_TDAYS":0.583424873438,"PREMIUM_EXPENSE":null,"LOAN_DEPOSIT":null,"LOAN_EQUITY":null,"LOAN_ASSETS":null,"DEPOSIT_EQUITY":null,"DEPOSIT_ASSETS":null,"EQUITY_MULTIPLIER":1.694365021548,"EQUITY_RATIO":0.694365021547},{"SECUCODE":"06868.HK","SECURITY_CODE":"06868","SECURITY_NAME_ABBR":"天福","ORG_CODE":"10190885","STD_REPORT_DATE":"2020-06-30 00:00:00","REPORT_DATE":"2020-06-30 00:00:00","DATE_TYPE_CODE":"002","REPORT_TYPE":"2020年中报","PER_NETCASH_OPERATE":0.095519705307,"PER_OI":0.677748633698,"BPS":1.528016320462,"BASIC_EPS":0.1,"DILUTED_EPS":0.1,"OPERATE_INCOME":750897000,"OPERATE_INCOME_YOY":-10.5834426882,"GROSS_PROFIT":465903000,"GROSS_PROFIT_YOY":-9.421361956439,"HOLDER_PROFIT":112589000,"HOLDER_PROFIT_YOY":-9.7909605878,"GROSS_PROFIT_RATIO":62.046192753467,"EPS_TTM":0.235499862509,"OPERATE_INCOME_QOQ":-4.946311122786,"NET_PROFIT_RATIO":14.5535273147,"ROE_AVG":6.720816509753,"GROSS_PROFIT_QOQ":-4.582059619725,"ROA":3.854958591098,"HOLDER_PROFIT_QOQ":-4.473945309497,"ROE_YEARLY":13.441633019505,"ROIC_YEARLY":8.867143276241,"TOTAL_ASSETS":2938144000,"TOTAL_LIABILITIES":1281493000,"TAX_EBT":33.950621014777,"OCF_SALES":14.093677295288,"TOTAL_PARENT_EQUITY":1656158000,"DEBT_ASSET_RATIO":43.6157315639,"OPERATE_PROFIT":182101000,"PRETAX_PROFIT":165455000,"NETCASH_OPERATE":105829000,"NETCASH_INVEST":116225000,"NETCASH_FINANCE":35608000,"END_CASH":447682000,"DIVI_RATIO":0.57803345849,"DIVIDEND_RATE":4.054054054054,"CURRENT_RATIO":1.40426343467,"COMMON_ACS":8000000000,"CURRENTDEBT_DEBT":87.356934450676,"ISSUED_COMMON_SHARES":1083861460,"HK_COMMON_SHARES":1083861460,"PER_SHARES":1000,"TOTAL_MARKET_CAP":4010287402,"HKSK_MARKET_CAP":4010287402,"PE_TTM":19.682262663081,"PB_TTM":2.111766287555,"REPORT_DATE_SQ":"2019-06-30 00:00:00","REPORT_TYPE_SQ":"2019年中报","OPERATE_INCOME_SQ":839774000,"DPS_HKD":0.15,"OPERATE_INCOME_QOQ_SQ":1.273751774619,"NET_PROFIT_RATIO_SQ":14.8622129287,"HOLDER_PROFIT_SQ":124809000,"HOLDER_PROFIT_QOQ_SQ":-1.945141427604,"ROE_AVG_SQ":6.505449484762,"PE_TTM_SQ":19.238065862726,"PB_TTM_SQ":2.552151664961,"ROA_SQ":4.463331175139,"START_DATE":"2020-01-01 00:00:00","FISCAL_YEAR":"12-31","CURRENCY":"HKD","IS_CNY_CODE":0,"DPS_HKD_LY":0.2,"ORG_TYPE":"一般企业","PREMIUM_INCOME":null,"PREMIUM_INCOME_YOY":null,"NET_INTEREST_INCOME":null,"NET_INTEREST_INCOME_YOY":null,"FEE_COMMISSION_INCOME":null,"FEE_COMMISSION_INCOME_YOY":null,"ACCOUNTS_RECE_TDAYS":2.625256967849,"INVENTORY_TDAYS":0.356405332686,"CURRENT_ASSETS_TDAYS":0.491324254693,"TOTAL_ASSETS_TDAYS":0.257101212479,"PREMIUM_EXPENSE":null,"LOAN_DEPOSIT":null,"LOAN_EQUITY":null,"LOAN_ASSETS":null,"DEPOSIT_EQUITY":null,"DEPOSIT_ASSETS":null,"EQUITY_MULTIPLIER":1.773544337342,"EQUITY_RATIO":0.773774603631}],"count":33},"success":true,"message":"ok","code":0}