{"version":"400a6b4e801d6d2557be82496a86f99b","result":{"pages":2,"data":[{"SECUCODE":"06862.HK","SECURITY_CODE":"06862","SECURITY_NAME_ABBR":"海底捞","ORG_CODE":"10937322","STD_REPORT_DATE":"2024-06-30 00:00:00","REPORT_DATE":"2024-06-30 00:00:00","DATE_TYPE_CODE":"002","REPORT_TYPE":"2024年中报","PER_NETCASH_OPERATE":0.658729637603,"PER_OI":3.855562073915,"BPS":1.71392662361,"BASIC_EPS":0.38,"DILUTED_EPS":0.38,"OPERATE_INCOME":21490903000,"OPERATE_INCOME_YOY":13.7936521166,"GROSS_PROFIT":13103691000,"GROSS_PROFIT_YOY":16.988529604135,"HOLDER_PROFIT":2038125000,"HOLDER_PROFIT_YOY":-9.7396782714,"GROSS_PROFIT_RATIO":60.973198752979,"EPS_TTM":0.76769878005,"OPERATE_INCOME_QOQ":6.284290957633,"NET_PROFIT_RATIO":9.4602958284,"ROE_AVG":19.336997048917,"GROSS_PROFIT_QOQ":7.764502368984,"ROA":8.144409831938,"HOLDER_PROFIT_QOQ":-4.888266045503,"ROE_YEARLY":38.673994097834,"ROIC_YEARLY":28.052178531669,"TOTAL_ASSETS":25372669000,"TOTAL_LIABILITIES":15833506000,"TAX_EBT":29.603159214144,"OCF_SALES":17.08517785409,"TOTAL_PARENT_EQUITY":9553427000,"DEBT_ASSET_RATIO":62.4037857428,"OPERATE_PROFIT":3003825000,"PRETAX_PROFIT":2888060000,"NETCASH_OPERATE":3671759000,"NETCASH_INVEST":-769676000,"NETCASH_FINANCE":-920439000,"END_CASH":8424923000,"DIVI_RATIO":1.437521054713,"DIVIDEND_RATE":7.641509433962,"CURRENT_RATIO":1.602030353654,"COMMON_ACS":10000000000,"CURRENTDEBT_DEBT":65.797101412663,"ISSUED_COMMON_SHARES":5574000000,"HK_COMMON_SHARES":5574000000,"PER_SHARES":1000,"TOTAL_MARKET_CAP":88626600000,"HKSK_MARKET_CAP":88626600000,"PE_TTM":18.663519573081,"PB_TTM":8.466880553753,"REPORT_DATE_SQ":"2023-06-30 00:00:00","REPORT_TYPE_SQ":"2023年中报","OPERATE_INCOME_SQ":18885854000,"DPS_HKD":1.215,"OPERATE_INCOME_QOQ_SQ":12.018512154884,"NET_PROFIT_RATIO_SQ":11.9607299728,"HOLDER_PROFIT_SQ":2258052000,"HOLDER_PROFIT_QOQ_SQ":183.656037896596,"ROE_AVG_SQ":26.971632599639,"PE_TTM_SQ":17.943924988619,"PB_TTM_SQ":7.647300770908,"ROA_SQ":10.134325187747,"START_DATE":"2024-01-01 00:00:00","FISCAL_YEAR":"12-31","CURRENCY":"HKD","IS_CNY_CODE":0,"DPS_HKD_LY":1.215,"ORG_TYPE":"一般企业","PREMIUM_INCOME":null,"PREMIUM_INCOME_YOY":null,"NET_INTEREST_INCOME":null,"NET_INTEREST_INCOME_YOY":null,"FEE_COMMISSION_INCOME":null,"FEE_COMMISSION_INCOME_YOY":null,"ACCOUNTS_RECE_TDAYS":12.247084957234,"INVENTORY_TDAYS":8.858979220425,"CURRENT_ASSETS_TDAYS":1.360314083261,"TOTAL_ASSETS_TDAYS":0.858783056439,"PREMIUM_EXPENSE":null,"LOAN_DEPOSIT":null,"LOAN_EQUITY":null,"LOAN_ASSETS":null,"DEPOSIT_EQUITY":null,"DEPOSIT_ASSETS":null,"EQUITY_MULTIPLIER":2.659842273371,"EQUITY_RATIO":1.657364001421},{"SECUCODE":"06862.HK","SECURITY_CODE":"06862","SECURITY_NAME_ABBR":"海底捞","ORG_CODE":"10937322","STD_REPORT_DATE":"2023-12-31 00:00:00","REPORT_DATE":"2023-12-31 00:00:00","DATE_TYPE_CODE":"001","REPORT_TYPE":"2023年年报","PER_NETCASH_OPERATE":1.614702188733,"PER_OI":7.436912091855,"BPS":2.06792787944,"BASIC_EPS":0.83,"DILUTED_EPS":0.83,"OPERATE_INCOME":41453348000,"OPERATE_INCOME_YOY":33.5540346267,"GROSS_PROFIT":24507134000,"GROSS_PROFIT_YOY":35.157986507218,"HOLDER_PROFIT":4499080000,"HOLDER_PROFIT_YOY":227.3303227337,"GROSS_PROFIT_RATIO":59.119794135808,"EPS_TTM":0.807154646573,"OPERATE_INCOME_QOQ":19.22496742502,"NET_PROFIT_RATIO":10.8444775076,"ROE_AVG":47.434089638292,"GROSS_PROFIT_QOQ":18.655711299504,"ROA":19.511948448952,"HOLDER_PROFIT_QOQ":15.396917041121,"ROE_YEARLY":47.434089638292,"ROIC_YEARLY":29.83304665649,"TOTAL_ASSETS":24676998000,"TOTAL_LIABILITIES":13160058000,"TAX_EBT":22.932564521748,"OCF_SALES":21.711997786041,"TOTAL_PARENT_EQUITY":11526630000,"DEBT_ASSET_RATIO":53.3292501786,"OPERATE_PROFIT":6138639000,"PRETAX_PROFIT":5833072000,"NETCASH_OPERATE":9000350000,"NETCASH_INVEST":-5310684000,"NETCASH_FINANCE":-3501732000,"END_CASH":6475515000,"DIVI_RATIO":1.367251201099,"DIVIDEND_RATE":7.603254067584,"CURRENT_RATIO":2.05846810163,"COMMON_ACS":10000000000,"CURRENTDEBT_DEBT":55.028724037538,"ISSUED_COMMON_SHARES":5574000000,"HK_COMMON_SHARES":5574000000,"PER_SHARES":1000,"TOTAL_MARKET_CAP":89072520000,"HKSK_MARKET_CAP":89072520000,"PE_TTM":18.757424074078,"PB_TTM":8.509481210627,"REPORT_DATE_SQ":"2022-12-31 00:00:00","REPORT_TYPE_SQ":"2022年年报","OPERATE_INCOME_SQ":31038634000,"DPS_HKD":1.215,"OPERATE_INCOME_QOQ_SQ":-17.846763124564,"NET_PROFIT_RATIO_SQ":4.4242153182,"HOLDER_PROFIT_SQ":1374477000,"HOLDER_PROFIT_QOQ_SQ":130.382151751054,"ROE_AVG_SQ":17.899461424908,"PE_TTM_SQ":18.410674482543,"PB_TTM_SQ":7.846218999053,"ROA_SQ":5.557861541708,"START_DATE":"2023-01-01 00:00:00","FISCAL_YEAR":"12-31","CURRENCY":"HKD","IS_CNY_CODE":0,"DPS_HKD_LY":0.116,"ORG_TYPE":"一般企业","PREMIUM_INCOME":null,"PREMIUM_INCOME_YOY":null,"NET_INTEREST_INCOME":null,"NET_INTEREST_INCOME_YOY":null,"FEE_COMMISSION_INCOME":null,"FEE_COMMISSION_INCOME_YOY":null,"ACCOUNTS_RECE_TDAYS":20.803182905932,"INVENTORY_TDAYS":15.291380772771,"CURRENT_ASSETS_TDAYS":3.262292685551,"TOTAL_ASSETS_TDAYS":1.797779966599,"PREMIUM_EXPENSE":null,"LOAN_DEPOSIT":null,"LOAN_EQUITY":null,"LOAN_ASSETS":null,"DEPOSIT_EQUITY":null,"DEPOSIT_ASSETS":null,"EQUITY_MULTIPLIER":2.142669667462,"EQUITY_RATIO":1.141709068479},{"SECUCODE":"06862.HK","SECURITY_CODE":"06862","SECURITY_NAME_ABBR":"海底捞","ORG_CODE":"10937322","STD_REPORT_DATE":"2023-06-30 00:00:00","REPORT_DATE":"2023-06-30 00:00:00","DATE_TYPE_CODE":"002","REPORT_TYPE":"2023年中报","PER_NETCASH_OPERATE":0.885247757445,"PER_OI":3.388204879799,"BPS":1.668589163976,"BASIC_EPS":0.42,"DILUTED_EPS":0.42,"OPERATE_INCOME":18885854000,"OPERATE_INCOME_YOY":24.6140931803,"GROSS_PROFIT":11200834000,"GROSS_PROFIT_YOY":29.055827583191,"HOLDER_PROFIT":2258052000,"HOLDER_PROFIT_YOY":948.0691659969,"GROSS_PROFIT_RATIO":59.308062002386,"EPS_TTM":0.699459454611,"OPERATE_INCOME_QOQ":12.018512154884,"NET_PROFIT_RATIO":11.9607299728,"ROE_AVG":26.971632599639,"GROSS_PROFIT_QOQ":13.907695657447,"ROA":10.134325187747,"HOLDER_PROFIT_QOQ":183.656037896596,"ROE_YEARLY":53.943265199279,"ROIC_YEARLY":31.278466445735,"TOTAL_ASSETS":23123299000,"TOTAL_LIABILITIES":13808529000,"TAX_EBT":19.721616480964,"OCF_SALES":26.127338483078,"TOTAL_PARENT_EQUITY":9300716000,"DEBT_ASSET_RATIO":59.716950423,"OPERATE_PROFIT":2981232000,"PRETAX_PROFIT":2813816000,"NETCASH_OPERATE":4934371000,"NETCASH_INVEST":-1482728000,"NETCASH_FINANCE":-2002462000,"END_CASH":7908774000,"DIVI_RATIO":1.577765734276,"DIVIDEND_RATE":7.603254067584,"CURRENT_RATIO":1.736755331059,"COMMON_ACS":10000000000,"CURRENTDEBT_DEBT":54.883854753826,"ISSUED_COMMON_SHARES":5574000000,"HK_COMMON_SHARES":5574000000,"PER_SHARES":1000,"TOTAL_MARKET_CAP":89072520000,"HKSK_MARKET_CAP":89072520000,"PE_TTM":18.757424074078,"PB_TTM":8.509481210627,"REPORT_DATE_SQ":"2022-06-30 00:00:00","REPORT_TYPE_SQ":"2022年中报","OPERATE_INCOME_SQ":15155472000,"DPS_HKD":1.215,"OPERATE_INCOME_QOQ_SQ":-8.100470562778,"NET_PROFIT_RATIO_SQ":-1.5942666648,"HOLDER_PROFIT_SQ":-266258000,"HOLDER_PROFIT_QOQ_SQ":-8.666150233896,"ROE_AVG_SQ":-3.422234861082,"PE_TTM_SQ":18.410674482543,"PB_TTM_SQ":7.846218999053,"ROA_SQ":-0.980582671049,"START_DATE":"2023-01-01 00:00:00","FISCAL_YEAR":"12-31","CURRENCY":"HKD","IS_CNY_CODE":0,"DPS_HKD_LY":0.116,"ORG_TYPE":"一般企业","PREMIUM_INCOME":null,"PREMIUM_INCOME_YOY":null,"NET_INTEREST_INCOME":null,"NET_INTEREST_INCOME_YOY":null,"FEE_COMMISSION_INCOME":null,"FEE_COMMISSION_INCOME_YOY":null,"ACCOUNTS_RECE_TDAYS":10.018667245957,"INVENTORY_TDAYS":7.01295774031,"CURRENT_ASSETS_TDAYS":1.59584003553,"TOTAL_ASSETS_TDAYS":0.847612835684,"PREMIUM_EXPENSE":null,"LOAN_DEPOSIT":null,"LOAN_EQUITY":null,"LOAN_ASSETS":null,"DEPOSIT_EQUITY":null,"DEPOSIT_ASSETS":null,"EQUITY_MULTIPLIER":2.482433704749,"EQUITY_RATIO":1.484673760601},{"SECUCODE":"06862.HK","SECURITY_CODE":"06862","SECURITY_NAME_ABBR":"海底捞","ORG_CODE":"10937322","STD_REPORT_DATE":"2022-12-31 00:00:00","REPORT_DATE":"2022-12-31 00:00:00","DATE_TYPE_CODE":"001","REPORT_TYPE":"2022年年报","PER_NETCASH_OPERATE":1.103748654467,"PER_OI":5.56846681019,"BPS":1.335340330104,"BASIC_EPS":0.25,"DILUTED_EPS":0.25,"OPERATE_INCOME":31038634000,"OPERATE_INCOME_YOY":-20.6106587899,"GROSS_PROFIT":18132213000,"GROSS_PROFIT_YOY":-17.028110126913,"HOLDER_PROFIT":1374477000,"HOLDER_PROFIT_YOY":133.0151146661,"GROSS_PROFIT_RATIO":58.418205517678,"EPS_TTM":0.246587190527,"OPERATE_INCOME_QOQ":-17.846763124564,"NET_PROFIT_RATIO":4.4242153182,"ROE_AVG":17.899461424908,"GROSS_PROFIT_QOQ":-14.724989912158,"ROA":5.557861541708,"HOLDER_PROFIT_QOQ":130.382151751054,"ROE_YEARLY":17.899461424908,"ROIC_YEARLY":7.42811295698,"TOTAL_ASSETS":21439155000,"TOTAL_LIABILITIES":13983063000,"TAX_EBT":22.68255100841,"OCF_SALES":19.821410310776,"TOTAL_PARENT_EQUITY":7443187000,"DEBT_ASSET_RATIO":65.2220808143,"OPERATE_PROFIT":2526096000,"PRETAX_PROFIT":2117641000,"NETCASH_OPERATE":6152295000,"NETCASH_INVEST":-756888000,"NETCASH_FINANCE":-4987546000,"END_CASH":6300826000,"DIVI_RATIO":4.475427769137,"DIVIDEND_RATE":7.603254067584,"CURRENT_RATIO":1.452773679531,"COMMON_ACS":10000000000,"CURRENTDEBT_DEBT":51.72035626243,"ISSUED_COMMON_SHARES":5574000000,"HK_COMMON_SHARES":5574000000,"PER_SHARES":1000,"TOTAL_MARKET_CAP":89072520000,"HKSK_MARKET_CAP":89072520000,"PE_TTM":18.757424074078,"PB_TTM":8.509481210627,"REPORT_DATE_SQ":"2021-12-31 00:00:00","REPORT_TYPE_SQ":"2021年年报","OPERATE_INCOME_SQ":39096727000,"DPS_HKD":1.215,"OPERATE_INCOME_QOQ_SQ":5.555109234182,"NET_PROFIT_RATIO_SQ":-10.1217261571,"HOLDER_PROFIT_SQ":-4163175000,"HOLDER_PROFIT_QOQ_SQ":-404.236255135552,"ROE_AVG_SQ":-45.878970456585,"PE_TTM_SQ":18.410674482543,"PB_TTM_SQ":7.846218999053,"ROA_SQ":-14.989298296118,"START_DATE":"2022-01-01 00:00:00","FISCAL_YEAR":"12-31","CURRENCY":"HKD","IS_CNY_CODE":0,"DPS_HKD_LY":null,"ORG_TYPE":"一般企业","PREMIUM_INCOME":null,"PREMIUM_INCOME_YOY":null,"NET_INTEREST_INCOME":null,"NET_INTEREST_INCOME_YOY":null,"FEE_COMMISSION_INCOME":null,"FEE_COMMISSION_INCOME_YOY":null,"ACCOUNTS_RECE_TDAYS":12.190911636745,"INVENTORY_TDAYS":9.935467754662,"CURRENT_ASSETS_TDAYS":2.833014209688,"TOTAL_ASSETS_TDAYS":1.255084153578,"PREMIUM_EXPENSE":null,"LOAN_DEPOSIT":null,"LOAN_EQUITY":null,"LOAN_ASSETS":null,"DEPOSIT_EQUITY":null,"DEPOSIT_ASSETS":null,"EQUITY_MULTIPLIER":2.875387669574,"EQUITY_RATIO":1.878639217314},{"SECUCODE":"06862.HK","SECURITY_CODE":"06862","SECURITY_NAME_ABBR":"海底捞","ORG_CODE":"10937322","STD_REPORT_DATE":"2022-06-30 00:00:00","REPORT_DATE":"2022-06-30 00:00:00","DATE_TYPE_CODE":"002","REPORT_TYPE":"2022年中报","PER_NETCASH_OPERATE":0.465307140294,"PER_OI":2.718958019376,"BPS":1.371710620739,"BASIC_EPS":-0.05,"DILUTED_EPS":-0.05,"OPERATE_INCOME":15155472000,"OPERATE_INCOME_YOY":-16.5729762403,"GROSS_PROFIT":8679061000,"GROSS_PROFIT_YOY":-25.128795854516,"HOLDER_PROFIT":-266258000,"HOLDER_PROFIT_YOY":-381.6680595373,"GROSS_PROFIT_RATIO":57.984832380844,"EPS_TTM":-0.811618586294,"OPERATE_INCOME_QOQ":-8.100470562778,"NET_PROFIT_RATIO":-1.5942666648,"ROE_AVG":-3.422234861082,"GROSS_PROFIT_QOQ":-8.088909260533,"ROA":-0.980582671049,"HOLDER_PROFIT_QOQ":-8.666150233896,"ROE_YEARLY":-6.844469722165,"ROIC_YEARLY":-2.529418329401,"TOTAL_ASSETS":26284592000,"TOTAL_LIABILITIES":18625619000,"TAX_EBT":64.250909000965,"OCF_SALES":15.471255479108,"TOTAL_PARENT_EQUITY":7645915000,"DEBT_ASSET_RATIO":70.8613586241,"OPERATE_PROFIT":382008000,"PRETAX_PROFIT":202145000,"NETCASH_OPERATE":2593622000,"NETCASH_INVEST":-740679000,"NETCASH_FINANCE":-1404006000,"END_CASH":6327845000,"DIVI_RATIO":-1.359731256328,"DIVIDEND_RATE":7.603254067584,"CURRENT_RATIO":1.353115282648,"COMMON_ACS":10000000000,"CURRENTDEBT_DEBT":45.677166487729,"ISSUED_COMMON_SHARES":5574000000,"HK_COMMON_SHARES":5574000000,"PER_SHARES":1000,"TOTAL_MARKET_CAP":89072520000,"HKSK_MARKET_CAP":89072520000,"PE_TTM":18.757424074078,"PB_TTM":8.509481210627,"REPORT_DATE_SQ":"2021-06-30 00:00:00","REPORT_TYPE_SQ":"2021年中报","OPERATE_INCOME_SQ":20094369000,"DPS_HKD":1.215,"OPERATE_INCOME_QOQ_SQ":36.114041759955,"NET_PROFIT_RATIO_SQ":0.4802738518,"HOLDER_PROFIT_SQ":94529000,"HOLDER_PROFIT_QOQ_SQ":342.460495811117,"ROE_AVG_SQ":0.923374987399,"PE_TTM_SQ":18.410674482543,"PB_TTM_SQ":7.846218999053,"ROA_SQ":0.320838493953,"START_DATE":"2022-01-01 00:00:00","FISCAL_YEAR":"12-31","CURRENCY":"HKD","IS_CNY_CODE":0,"DPS_HKD_LY":null,"ORG_TYPE":"一般企业","PREMIUM_INCOME":null,"PREMIUM_INCOME_YOY":null,"NET_INTEREST_INCOME":null,"NET_INTEREST_INCOME_YOY":null,"FEE_COMMISSION_INCOME":null,"FEE_COMMISSION_INCOME_YOY":null,"ACCOUNTS_RECE_TDAYS":5.259361015346,"INVENTORY_TDAYS":5.391982239744,"CURRENT_ASSETS_TDAYS":1.46300870869,"TOTAL_ASSETS_TDAYS":0.617394380471,"PREMIUM_EXPENSE":null,"LOAN_DEPOSIT":null,"LOAN_EQUITY":null,"LOAN_ASSETS":null,"DEPOSIT_EQUITY":null,"DEPOSIT_ASSETS":null,"EQUITY_MULTIPLIER":3.431868998625,"EQUITY_RATIO":2.436022241942},{"SECUCODE":"06862.HK","SECURITY_CODE":"06862","SECURITY_NAME_ABBR":"海底捞","ORG_CODE":"10937322","STD_REPORT_DATE":"2021-12-31 00:00:00","REPORT_DATE":"2021-12-31 00:00:00","DATE_TYPE_CODE":"001","REPORT_TYPE":"2021年年报","PER_NETCASH_OPERATE":0.682835486186,"PER_OI":7.014123968425,"BPS":1.419906709724,"BASIC_EPS":-0.78,"DILUTED_EPS":-0.78,"OPERATE_INCOME":39096727000,"OPERATE_INCOME_YOY":43.6753254628,"GROSS_PROFIT":21853441000,"GROSS_PROFIT_YOY":33.63738542475,"HOLDER_PROFIT":-4163175000,"HOLDER_PROFIT_YOY":-1446.1252429099,"GROSS_PROFIT_RATIO":56.272534989131,"EPS_TTM":-0.74689181916,"OPERATE_INCOME_QOQ":5.555109234182,"NET_PROFIT_RATIO":-10.1217261571,"ROE_AVG":-45.878970456585,"GROSS_PROFIT_QOQ":2.672583254384,"ROA":-14.989298296118,"HOLDER_PROFIT_QOQ":-404.236255135552,"ROE_YEARLY":-45.878970456585,"ROIC_YEARLY":-17.789310266116,"TOTAL_ASSETS":28021487000,"TOTAL_LIABILITIES":20092862000,"TAX_EBT":-5.788067269809,"OCF_SALES":9.258026391757,"TOTAL_PARENT_EQUITY":7914560000,"DEBT_ASSET_RATIO":71.7051953738,"OPERATE_PROFIT":-2568512000,"PRETAX_PROFIT":-3070144000,"NETCASH_OPERATE":3806125000,"NETCASH_INVEST":-4952514000,"NETCASH_FINANCE":4310825000,"END_CASH":5766781000,"DIVI_RATIO":-1.477567609779,"DIVIDEND_RATE":7.603254067584,"CURRENT_RATIO":1.15371769543,"COMMON_ACS":10000000000,"CURRENTDEBT_DEBT":49.200900299818,"ISSUED_COMMON_SHARES":5574000000,"HK_COMMON_SHARES":5574000000,"PER_SHARES":1000,"TOTAL_MARKET_CAP":89072520000,"HKSK_MARKET_CAP":89072520000,"PE_TTM":18.757424074078,"PB_TTM":8.509481210627,"REPORT_DATE_SQ":"2020-12-31 00:00:00","REPORT_TYPE_SQ":"2020年年报","OPERATE_INCOME_SQ":28614255000,"DPS_HKD":1.215,"OPERATE_INCOME_QOQ_SQ":16.21525925166,"NET_PROFIT_RATIO_SQ":1.0817894787,"HOLDER_PROFIT_SQ":309271000,"HOLDER_PROFIT_QOQ_SQ":-34.067759031624,"ROE_AVG_SQ":2.9656394664,"PE_TTM_SQ":18.410674482543,"PB_TTM_SQ":7.846218999053,"ROA_SQ":1.28485287699,"START_DATE":"2021-01-01 00:00:00","FISCAL_YEAR":"12-31","CURRENCY":"HKD","IS_CNY_CODE":0,"DPS_HKD_LY":0.021,"ORG_TYPE":"一般企业","PREMIUM_INCOME":null,"PREMIUM_INCOME_YOY":null,"NET_INTEREST_INCOME":null,"NET_INTEREST_INCOME_YOY":null,"FEE_COMMISSION_INCOME":null,"FEE_COMMISSION_INCOME_YOY":null,"ACCOUNTS_RECE_TDAYS":14.640564461604,"INVENTORY_TDAYS":13.77314809849,"CURRENT_ASSETS_TDAYS":4.568273433089,"TOTAL_ASSETS_TDAYS":1.480202959457,"PREMIUM_EXPENSE":null,"LOAN_DEPOSIT":null,"LOAN_EQUITY":null,"LOAN_ASSETS":null,"DEPOSIT_EQUITY":null,"DEPOSIT_ASSETS":null,"EQUITY_MULTIPLIER":3.534217723751,"EQUITY_RATIO":2.538721293414},{"SECUCODE":"06862.HK","SECURITY_CODE":"06862","SECURITY_NAME_ABBR":"海底捞","ORG_CODE":"10937322","STD_REPORT_DATE":"2021-06-30 00:00:00","REPORT_DATE":"2021-06-30 00:00:00","DATE_TYPE_CODE":"002","REPORT_TYPE":"2021年中报","PER_NETCASH_OPERATE":0.394067924528,"PER_OI":3.791390377358,"BPS":1.837230175816,"BASIC_EPS":0.02,"DILUTED_EPS":0.02,"OPERATE_INCOME":20094369000,"OPERATE_INCOME_YOY":105.8721667356,"GROSS_PROFIT":11591988000,"GROSS_PROFIT_YOY":114.173805031057,"HOLDER_PROFIT":94529000,"HOLDER_PROFIT_YOY":109.7997930753,"GROSS_PROFIT_RATIO":57.687743267778,"EPS_TTM":0.258189056604,"OPERATE_INCOME_QOQ":36.114041759955,"NET_PROFIT_RATIO":0.4802738518,"ROE_AVG":0.923374987399,"GROSS_PROFIT_QOQ":37.789068409733,"ROA":0.320838493953,"HOLDER_PROFIT_QOQ":342.460495811117,"ROE_YEARLY":1.846749974798,"ROIC_YEARLY":0.721298558689,"TOTAL_ASSETS":31399077000,"TOTAL_LIABILITIES":21144281000,"TAX_EBT":67.27666052943,"OCF_SALES":10.393757574572,"TOTAL_PARENT_EQUITY":10240721000,"DEBT_ASSET_RATIO":67.3404539885,"OPERATE_PROFIT":558875000,"PRETAX_PROFIT":294921000,"NETCASH_OPERATE":2088560000,"NETCASH_INVEST":-4313848000,"NETCASH_FINANCE":3114030000,"END_CASH":3524414000,"DIVI_RATIO":4.274321981406,"DIVIDEND_RATE":7.603254067584,"CURRENT_RATIO":0.901646204987,"COMMON_ACS":10000000000,"CURRENTDEBT_DEBT":44.536255453661,"ISSUED_COMMON_SHARES":5574000000,"HK_COMMON_SHARES":5574000000,"PER_SHARES":1000,"TOTAL_MARKET_CAP":89072520000,"HKSK_MARKET_CAP":89072520000,"PE_TTM":18.757424074078,"PB_TTM":8.509481210627,"REPORT_DATE_SQ":"2020-06-30 00:00:00","REPORT_TYPE_SQ":"2020年中报","OPERATE_INCOME_SQ":9760605000,"DPS_HKD":1.215,"OPERATE_INCOME_QOQ_SQ":-7.282859422909,"NET_PROFIT_RATIO_SQ":-9.8816313128,"HOLDER_PROFIT_SQ":-964602000,"HOLDER_PROFIT_QOQ_SQ":-79.99437883816,"ROE_AVG_SQ":-9.870781141362,"PE_TTM_SQ":18.410674482543,"PB_TTM_SQ":7.846218999053,"ROA_SQ":-4.419675699293,"START_DATE":"2021-01-01 00:00:00","FISCAL_YEAR":"12-31","CURRENCY":"HKD","IS_CNY_CODE":0,"DPS_HKD_LY":0.021,"ORG_TYPE":"一般企业","PREMIUM_INCOME":null,"PREMIUM_INCOME_YOY":null,"NET_INTEREST_INCOME":null,"NET_INTEREST_INCOME_YOY":null,"FEE_COMMISSION_INCOME":null,"FEE_COMMISSION_INCOME_YOY":null,"ACCOUNTS_RECE_TDAYS":9.117752701721,"INVENTORY_TDAYS":7.232914154465,"CURRENT_ASSETS_TDAYS":2.664339202577,"TOTAL_ASSETS_TDAYS":0.682017908462,"PREMIUM_EXPENSE":null,"LOAN_DEPOSIT":null,"LOAN_EQUITY":null,"LOAN_ASSETS":null,"DEPOSIT_EQUITY":null,"DEPOSIT_ASSETS":null,"EQUITY_MULTIPLIER":3.061891918669,"EQUITY_RATIO":2.064725813739},{"SECUCODE":"06862.HK","SECURITY_CODE":"06862","SECURITY_NAME_ABBR":"海底捞","ORG_CODE":"10937322","STD_REPORT_DATE":"2020-12-31 00:00:00","REPORT_DATE":"2020-12-31 00:00:00","DATE_TYPE_CODE":"001","REPORT_TYPE":"2020年年报","PER_NETCASH_OPERATE":0.551217169811,"PER_OI":5.398916037736,"BPS":1.836015608181,"BASIC_EPS":0.06,"DILUTED_EPS":0.06,"OPERATE_INCOME":28614255000,"OPERATE_INCOME_YOY":7.7514652924,"GROSS_PROFIT":16352790000,"GROSS_PROFIT_YOY":6.763749608273,"HOLDER_PROFIT":309271000,"HOLDER_PROFIT_YOY":-86.8098456484,"GROSS_PROFIT_RATIO":57.149102781114,"EPS_TTM":0.058353018868,"OPERATE_INCOME_QOQ":16.21525925166,"NET_PROFIT_RATIO":1.0817894787,"ROE_AVG":2.9656394664,"GROSS_PROFIT_QOQ":17.332145718452,"ROA":1.28485287699,"HOLDER_PROFIT_QOQ":-34.067759031624,"ROE_YEARLY":2.9656394664,"ROIC_YEARLY":1.438740551797,"TOTAL_ASSETS":27527144000,"TOTAL_LIABILITIES":17289886000,"TAX_EBT":57.893032910649,"OCF_SALES":10.209774813288,"TOTAL_PARENT_EQUITY":10233951000,"DEBT_ASSET_RATIO":62.8103155198,"OPERATE_PROFIT":2358079000,"PRETAX_PROFIT":735142000,"NETCASH_OPERATE":2921451000,"NETCASH_INVEST":-4691020000,"NETCASH_FINANCE":2339705000,"END_CASH":2682709000,"DIVI_RATIO":18.912186231493,"DIVIDEND_RATE":7.603254067584,"CURRENT_RATIO":0.668148974918,"COMMON_ACS":10000000000,"CURRENTDEBT_DEBT":57.073499501385,"ISSUED_COMMON_SHARES":5574000000,"HK_COMMON_SHARES":5574000000,"PER_SHARES":1000,"TOTAL_MARKET_CAP":89072520000,"HKSK_MARKET_CAP":89072520000,"PE_TTM":18.757424074078,"PB_TTM":8.509481210627,"REPORT_DATE_SQ":"2019-12-31 00:00:00","REPORT_TYPE_SQ":"2019年年报","OPERATE_INCOME_SQ":26555792000,"DPS_HKD":1.215,"OPERATE_INCOME_QOQ_SQ":24.551802764982,"NET_PROFIT_RATIO_SQ":8.8378535274,"HOLDER_PROFIT_SQ":2344711000,"HOLDER_PROFIT_QOQ_SQ":22.71457154775,"ROE_AVG_SQ":24.363199179467,"PE_TTM_SQ":18.410674482543,"PB_TTM_SQ":7.846218999053,"ROA_SQ":14.403032073732,"START_DATE":"2020-01-01 00:00:00","FISCAL_YEAR":"12-31","CURRENCY":"HKD","IS_CNY_CODE":0,"DPS_HKD_LY":0.15,"ORG_TYPE":"一般企业","PREMIUM_INCOME":null,"PREMIUM_INCOME_YOY":null,"NET_INTEREST_INCOME":null,"NET_INTEREST_INCOME_YOY":null,"FEE_COMMISSION_INCOME":null,"FEE_COMMISSION_INCOME_YOY":null,"ACCOUNTS_RECE_TDAYS":14.977497836934,"INVENTORY_TDAYS":10.418084006796,"CURRENT_ASSETS_TDAYS":4.148933555669,"TOTAL_ASSETS_TDAYS":1.188766740486,"PREMIUM_EXPENSE":null,"LOAN_DEPOSIT":null,"LOAN_EQUITY":null,"LOAN_ASSETS":null,"DEPOSIT_EQUITY":null,"DEPOSIT_ASSETS":null,"EQUITY_MULTIPLIER":2.688917676977,"EQUITY_RATIO":1.689463434015},{"SECUCODE":"06862.HK","SECURITY_CODE":"06862","SECURITY_NAME_ABBR":"海底捞","ORG_CODE":"10937322","STD_REPORT_DATE":"2020-06-30 00:00:00","REPORT_DATE":"2020-06-30 00:00:00","DATE_TYPE_CODE":"002","REPORT_TYPE":"2020年中报","PER_NETCASH_OPERATE":0.063540566038,"PER_OI":1.841623584906,"BPS":1.600572658773,"BASIC_EPS":-0.18,"DILUTED_EPS":-0.18,"OPERATE_INCOME":9760605000,"OPERATE_INCOME_YOY":-16.5376900467,"GROSS_PROFIT":5412421000,"GROSS_PROFIT_YOY":-20.3123272335,"HOLDER_PROFIT":-964602000,"HOLDER_PROFIT_YOY":-205.8797960561,"GROSS_PROFIT_RATIO":55.45169587336,"EPS_TTM":0.088504528302,"OPERATE_INCOME_QOQ":-7.282859422909,"NET_PROFIT_RATIO":-9.8816313128,"ROE_AVG":-9.870781141362,"GROSS_PROFIT_QOQ":-9.007246944531,"ROA":-4.419675699293,"HOLDER_PROFIT_QOQ":-79.99437883816,"ROE_YEARLY":-19.741562282724,"ROIC_YEARLY":-9.849266760318,"TOTAL_ASSETS":23036420000,"TOTAL_LIABILITIES":14111701000,"TAX_EBT":-4.33667453468,"OCF_SALES":3.450247192669,"TOTAL_PARENT_EQUITY":8921592000,"DEBT_ASSET_RATIO":61.2582206784,"OPERATE_PROFIT":-272567000,"PRETAX_PROFIT":-924418000,"NETCASH_OPERATE":336765000,"NETCASH_INVEST":-2413131000,"NETCASH_FINANCE":2097935000,"END_CASH":2247660000,"DIVI_RATIO":12.469228198536,"DIVIDEND_RATE":7.603254067584,"CURRENT_RATIO":0.871324780344,"COMMON_ACS":10000000000,"CURRENTDEBT_DEBT":60.563669822653,"ISSUED_COMMON_SHARES":5574000000,"HK_COMMON_SHARES":5574000000,"PER_SHARES":1000,"TOTAL_MARKET_CAP":89072520000,"HKSK_MARKET_CAP":89072520000,"PE_TTM":18.757424074078,"PB_TTM":8.509481210627,"REPORT_DATE_SQ":"2019-06-30 00:00:00","REPORT_TYPE_SQ":"2019年中报","OPERATE_INCOME_SQ":11694626000,"DPS_HKD":1.215,"OPERATE_INCOME_QOQ_SQ":25.646510421884,"NET_PROFIT_RATIO_SQ":7.7998646558,"HOLDER_PROFIT_SQ":911035000,"HOLDER_PROFIT_QOQ_SQ":16.070591122591,"ROE_AVG_SQ":10.227194401056,"PE_TTM_SQ":18.410674482543,"PB_TTM_SQ":7.846218999053,"ROA_SQ":6.311588230068,"START_DATE":"2020-01-01 00:00:00","FISCAL_YEAR":"12-31","CURRENCY":"HKD","IS_CNY_CODE":0,"DPS_HKD_LY":0.15,"ORG_TYPE":"一般企业","PREMIUM_INCOME":null,"PREMIUM_INCOME_YOY":null,"NET_INTEREST_INCOME":null,"NET_INTEREST_INCOME_YOY":null,"FEE_COMMISSION_INCOME":null,"FEE_COMMISSION_INCOME_YOY":null,"ACCOUNTS_RECE_TDAYS":6.064442512835,"INVENTORY_TDAYS":4.126245626488,"CURRENT_ASSETS_TDAYS":1.332767442946,"TOTAL_ASSETS_TDAYS":0.447217699413,"PREMIUM_EXPENSE":null,"LOAN_DEPOSIT":null,"LOAN_EQUITY":null,"LOAN_ASSETS":null,"DEPOSIT_EQUITY":null,"DEPOSIT_ASSETS":null,"EQUITY_MULTIPLIER":2.5811927524,"EQUITY_RATIO":1.58174695727}],"count":17},"success":true,"message":"ok","code":0}