{"version":"f9ba805dd3df12f3195c0aa89d66e2df","result":{"pages":5,"data":[{"SECUCODE":"06869.HK","SECURITY_CODE":"06869","SECURITY_NAME_ABBR":"长飞光纤光缆","ORG_CODE":"10427429","STD_REPORT_DATE":"2024-09-30 00:00:00","REPORT_DATE":"2024-09-30 00:00:00","DATE_TYPE_CODE":"004","REPORT_TYPE":"2024年三季报","PER_NETCASH_OPERATE":0.981565288514,"PER_OI":11.471750877816,"BPS":15.285430862936,"BASIC_EPS":0.76,"DILUTED_EPS":0.76,"OPERATE_INCOME":8694498588,"OPERATE_INCOME_YOY":-13.3092110187,"GROSS_PROFIT":2418109787,"GROSS_PROFIT_YOY":-7.190349749274,"HOLDER_PROFIT":572937218,"HOLDER_PROFIT_YOY":-34.9371623642,"GROSS_PROFIT_RATIO":27.811952150265,"EPS_TTM":1.305947700513,"OPERATE_INCOME_QOQ":1.970800199775,"NET_PROFIT_RATIO":5.9776422037,"ROE_AVG":5.005564011431,"GROSS_PROFIT_QOQ":4.22309458125,"ROA":1.917240210798,"HOLDER_PROFIT_QOQ":-7.338453689824,"ROE_YEARLY":6.674085348575,"ROIC_YEARLY":2.466000163303,"TOTAL_ASSETS":30624524627,"TOTAL_LIABILITIES":15810084598,"TAX_EBT":6.835775224625,"OCF_SALES":8.556368587221,"TOTAL_PARENT_EQUITY":11584906129,"DEBT_ASSET_RATIO":51.6255673862,"OPERATE_PROFIT":679584394,"PRETAX_PROFIT":557860078,"NETCASH_OPERATE":743933346,"NETCASH_INVEST":-2132220686,"NETCASH_FINANCE":630989392,"END_CASH":3018750463,"DIVI_RATIO":0.391369485776,"DIVIDEND_RATE":3.061889250814,"CURRENT_RATIO":1.582057272635,"COMMON_ACS":null,"CURRENTDEBT_DEBT":59.424228654592,"ISSUED_COMMON_SHARES":757905108,"HK_COMMON_SHARES":351566794,"PER_SHARES":500,"TOTAL_MARKET_CAP":13960612089.36,"HKSK_MARKET_CAP":6475860345.48,"PE_TTM":12.606652395102,"PB_TTM":1.086719239317,"REPORT_DATE_SQ":"2023-09-30 00:00:00","REPORT_TYPE_SQ":"2023年三季报","OPERATE_INCOME_SQ":10029322250,"DPS_HKD":0.564,"OPERATE_INCOME_QOQ_SQ":-5.133845382076,"NET_PROFIT_RATIO_SQ":8.2285795035,"HOLDER_PROFIT_SQ":880590578,"HOLDER_PROFIT_QOQ_SQ":-6.123241187976,"ROE_AVG_SQ":8.173277106983,"PE_TTM_SQ":4.904209529204,"PB_TTM_SQ":0.512285769974,"ROA_SQ":3.044734967575,"START_DATE":"2024-01-01 00:00:00","FISCAL_YEAR":"12-31","CURRENCY":"HKD","IS_CNY_CODE":0,"DPS_HKD_LY":0.564,"ORG_TYPE":"一般企业","PREMIUM_INCOME":null,"PREMIUM_INCOME_YOY":null,"NET_INTEREST_INCOME":null,"NET_INTEREST_INCOME_YOY":null,"FEE_COMMISSION_INCOME":null,"FEE_COMMISSION_INCOME_YOY":null,"ACCOUNTS_RECE_TDAYS":1.406087574283,"INVENTORY_TDAYS":2.063138268937,"CURRENT_ASSETS_TDAYS":0.591065311425,"TOTAL_ASSETS_TDAYS":0.290947101741,"PREMIUM_EXPENSE":null,"LOAN_DEPOSIT":null,"LOAN_EQUITY":null,"LOAN_ASSETS":null,"DEPOSIT_EQUITY":null,"DEPOSIT_ASSETS":null,"EQUITY_MULTIPLIER":2.067207708633,"EQUITY_RATIO":1.36471408762},{"SECUCODE":"06869.HK","SECURITY_CODE":"06869","SECURITY_NAME_ABBR":"长飞光纤光缆","ORG_CODE":"10427429","STD_REPORT_DATE":"2024-06-30 00:00:00","REPORT_DATE":"2024-06-30 00:00:00","DATE_TYPE_CODE":"002","REPORT_TYPE":"2024年中报","PER_NETCASH_OPERATE":0.281771794049,"PER_OI":7.056408057617,"BPS":14.946521078203,"BASIC_EPS":0.5,"DILUTED_EPS":0.5,"OPERATE_INCOME":5348087711,"OPERATE_INCOME_YOY":-22.6616620434,"GROSS_PROFIT":1492067587,"GROSS_PROFIT_YOY":-17.309327418651,"HOLDER_PROFIT":377748853,"HOLDER_PROFIT_YOY":-37.7694292479,"GROSS_PROFIT_RATIO":27.89908594676,"EPS_TTM":1.409373955559,"OPERATE_INCOME_QOQ":-6.049704325321,"NET_PROFIT_RATIO":6.1321184641,"ROE_AVG":3.337718577682,"GROSS_PROFIT_QOQ":-4.482864324303,"ROA":1.280021833366,"HOLDER_PROFIT_QOQ":-4.141354427848,"ROE_YEARLY":6.675437155363,"ROIC_YEARLY":3.342756160757,"TOTAL_ASSETS":29879907627,"TOTAL_LIABILITIES":15331543861,"TAX_EBT":5.518619892659,"OCF_SALES":3.99313350005,"TOTAL_PARENT_EQUITY":11328044672,"DEBT_ASSET_RATIO":51.3105463792,"OPERATE_PROFIT":435275416,"PRETAX_PROFIT":347106566,"NETCASH_OPERATE":213556282,"NETCASH_INVEST":-1066768947,"NETCASH_FINANCE":630281190,"END_CASH":3548189916,"DIVI_RATIO":0.362649017306,"DIVIDEND_RATE":4.93006993007,"CURRENT_RATIO":1.780336729474,"COMMON_ACS":null,"CURRENTDEBT_DEBT":54.793674030243,"ISSUED_COMMON_SHARES":757905108,"HK_COMMON_SHARES":351566794,"PER_SHARES":500,"TOTAL_MARKET_CAP":8670434435.52,"HKSK_MARKET_CAP":4021924123.36,"PE_TTM":7.82953872964,"PB_TTM":0.674922263723,"REPORT_DATE_SQ":"2023-06-30 00:00:00","REPORT_TYPE_SQ":"2023年中报","OPERATE_INCOME_SQ":6915183145,"DPS_HKD":0.564,"OPERATE_INCOME_QOQ_SQ":2.209951931933,"NET_PROFIT_RATIO_SQ":9.0577663797,"HOLDER_PROFIT_SQ":607014926,"HOLDER_PROFIT_QOQ_SQ":3.66644654604,"ROE_AVG_SQ":5.877797542507,"PE_TTM_SQ":4.927562907915,"PB_TTM_SQ":0.514725226021,"ROA_SQ":2.049260776222,"START_DATE":"2024-01-01 00:00:00","FISCAL_YEAR":"12-31","CURRENCY":"HKD","IS_CNY_CODE":0,"DPS_HKD_LY":0.564,"ORG_TYPE":"一般企业","PREMIUM_INCOME":null,"PREMIUM_INCOME_YOY":null,"NET_INTEREST_INCOME":null,"NET_INTEREST_INCOME_YOY":null,"FEE_COMMISSION_INCOME":null,"FEE_COMMISSION_INCOME_YOY":null,"ACCOUNTS_RECE_TDAYS":0.893794055227,"INVENTORY_TDAYS":1.239922579297,"CURRENT_ASSETS_TDAYS":0.362429893743,"TOTAL_ASSETS_TDAYS":0.181222761697,"PREMIUM_EXPENSE":null,"LOAN_DEPOSIT":null,"LOAN_EQUITY":null,"LOAN_ASSETS":null,"DEPOSIT_EQUITY":null,"DEPOSIT_ASSETS":null,"EQUITY_MULTIPLIER":2.053832864481,"EQUITY_RATIO":1.353414848274},{"SECUCODE":"06869.HK","SECURITY_CODE":"06869","SECURITY_NAME_ABBR":"长飞光纤光缆","ORG_CODE":"10427429","STD_REPORT_DATE":"2024-03-31 00:00:00","REPORT_DATE":"2024-03-31 00:00:00","DATE_TYPE_CODE":"003","REPORT_TYPE":"2024年一季报","PER_NETCASH_OPERATE":0.137281699123,"PER_OI":3.149391013208,"BPS":14.963120305293,"BASIC_EPS":0.08,"DILUTED_EPS":0.08,"OPERATE_INCOME":2386939536,"OPERATE_INCOME_YOY":-25.2943474298,"GROSS_PROFIT":639641094,"GROSS_PROFIT_YOY":-21.329849104184,"HOLDER_PROFIT":57920130,"HOLDER_PROFIT_YOY":-75.9705675294,"GROSS_PROFIT_RATIO":26.797540714915,"EPS_TTM":1.47026274693,"OPERATE_INCOME_QOQ":-6.052580901602,"NET_PROFIT_RATIO":1.3949315221,"ROE_AVG":0.511487206465,"GROSS_PROFIT_QOQ":-5.300375632603,"ROA":0.198322149163,"HOLDER_PROFIT_QOQ":-14.113828654288,"ROE_YEARLY":2.045948825858,"ROIC_YEARLY":1.051014027503,"TOTAL_ASSETS":29267803682,"TOTAL_LIABILITIES":14792995165,"TAX_EBT":26.066841571626,"OCF_SALES":4.358991898654,"TOTAL_PARENT_EQUITY":11340625311,"DEBT_ASSET_RATIO":50.5435779388,"OPERATE_PROFIT":82830236,"PRETAX_PROFIT":45035506,"NETCASH_OPERATE":104046501,"NETCASH_INVEST":-238302608,"NETCASH_FINANCE":442927674,"END_CASH":4081413660,"DIVI_RATIO":0.34763043617,"DIVIDEND_RATE":4.93006993007,"CURRENT_RATIO":1.774911984346,"COMMON_ACS":null,"CURRENTDEBT_DEBT":56.308517606414,"ISSUED_COMMON_SHARES":757905108,"HK_COMMON_SHARES":351566794,"PER_SHARES":500,"TOTAL_MARKET_CAP":8670434435.52,"HKSK_MARKET_CAP":4021924123.36,"PE_TTM":7.82953872964,"PB_TTM":0.674922263723,"REPORT_DATE_SQ":"2023-03-31 00:00:00","REPORT_TYPE_SQ":"2023年一季报","OPERATE_INCOME_SQ":3195125742,"DPS_HKD":0.564,"OPERATE_INCOME_QOQ_SQ":1.543331706666,"NET_PROFIT_RATIO_SQ":6.8891634563,"HOLDER_PROFIT_SQ":241038277,"HOLDER_PROFIT_QOQ_SQ":3.210015555316,"ROE_AVG_SQ":2.345010156115,"PE_TTM_SQ":4.927562907915,"PB_TTM_SQ":0.514725226021,"ROA_SQ":0.843983295091,"START_DATE":"2024-01-01 00:00:00","FISCAL_YEAR":"12-31","CURRENCY":"HKD","IS_CNY_CODE":0,"DPS_HKD_LY":0.564,"ORG_TYPE":"一般企业","PREMIUM_INCOME":null,"PREMIUM_INCOME_YOY":null,"NET_INTEREST_INCOME":null,"NET_INTEREST_INCOME_YOY":null,"FEE_COMMISSION_INCOME":null,"FEE_COMMISSION_INCOME_YOY":null,"ACCOUNTS_RECE_TDAYS":0.401935918479,"INVENTORY_TDAYS":0.58636765034,"CURRENT_ASSETS_TDAYS":0.162704416668,"TOTAL_ASSETS_TDAYS":0.081730303213,"PREMIUM_EXPENSE":null,"LOAN_DEPOSIT":null,"LOAN_EQUITY":null,"LOAN_ASSETS":null,"DEPOSIT_EQUITY":null,"DEPOSIT_ASSETS":null,"EQUITY_MULTIPLIER":2.021982097214,"EQUITY_RATIO":1.304424999444},{"SECUCODE":"06869.HK","SECURITY_CODE":"06869","SECURITY_NAME_ABBR":"长飞光纤光缆","ORG_CODE":"10427429","STD_REPORT_DATE":"2023-12-31 00:00:00","REPORT_DATE":"2023-12-31 00:00:00","DATE_TYPE_CODE":"001","REPORT_TYPE":"2023年年报","PER_NETCASH_OPERATE":1.998148790679,"PER_OI":17.617975288801,"BPS":14.91889708309,"BASIC_EPS":1.71,"DILUTED_EPS":1.71,"OPERATE_INCOME":13352753464,"OPERATE_INCOME_YOY":-3.4530292231,"GROSS_PROFIT":3271956405,"GROSS_PROFIT_YOY":0.88582393124,"HOLDER_PROFIT":1297437793,"HOLDER_PROFIT_YOY":11.1773357726,"GROSS_PROFIT_RATIO":24.503982746491,"EPS_TTM":1.711873662422,"OPERATE_INCOME_QOQ":-1.942060684136,"NET_PROFIT_RATIO":8.8141964665,"ROE_AVG":12.096558395044,"GROSS_PROFIT_QOQ":-5.739887876379,"ROA":4.524973666817,"HOLDER_PROFIT_QOQ":10.687383161519,"ROE_YEARLY":12.096558395044,"ROIC_YEARLY":6.231283305321,"TOTAL_ASSETS":29142343893,"TOTAL_LIABILITIES":14744846456,"TAX_EBT":3.246093692252,"OCF_SALES":11.341534755981,"TOTAL_PARENT_EQUITY":11307108305,"DEBT_ASSET_RATIO":50.59595244,"OPERATE_PROFIT":1343758152,"PRETAX_PROFIT":1216424193,"NETCASH_OPERATE":1514407175,"NETCASH_INVEST":-2613693173,"NETCASH_FINANCE":643401491,"END_CASH":3774557783,"DIVI_RATIO":0.298566472059,"DIVIDEND_RATE":4.93006993007,"CURRENT_RATIO":1.602756475606,"COMMON_ACS":null,"CURRENTDEBT_DEBT":61.59465824959,"ISSUED_COMMON_SHARES":757905108,"HK_COMMON_SHARES":351566794,"PER_SHARES":500,"TOTAL_MARKET_CAP":8670434435.52,"HKSK_MARKET_CAP":4021924123.36,"PE_TTM":7.82953872964,"PB_TTM":0.674922263723,"REPORT_DATE_SQ":"2022-12-31 00:00:00","REPORT_TYPE_SQ":"2022年年报","OPERATE_INCOME_SQ":13830318400,"DPS_HKD":0.564,"OPERATE_INCOME_QOQ_SQ":6.469243310331,"NET_PROFIT_RATIO_SQ":8.3963462837,"HOLDER_PROFIT_SQ":1166998457,"HOLDER_PROFIT_QOQ_SQ":14.436572721039,"ROE_AVG_SQ":11.713180538509,"PE_TTM_SQ":4.927562907915,"PB_TTM_SQ":0.514725226021,"ROA_SQ":4.894926975577,"START_DATE":"2023-01-01 00:00:00","FISCAL_YEAR":"12-31","CURRENCY":"HKD","IS_CNY_CODE":0,"DPS_HKD_LY":0.502,"ORG_TYPE":"一般企业","PREMIUM_INCOME":null,"PREMIUM_INCOME_YOY":null,"NET_INTEREST_INCOME":null,"NET_INTEREST_INCOME_YOY":null,"FEE_COMMISSION_INCOME":null,"FEE_COMMISSION_INCOME_YOY":null,"ACCOUNTS_RECE_TDAYS":2.238092509439,"INVENTORY_TDAYS":3.305141022887,"CURRENT_ASSETS_TDAYS":0.891040080762,"TOTAL_ASSETS_TDAYS":0.465693678187,"PREMIUM_EXPENSE":null,"LOAN_DEPOSIT":null,"LOAN_EQUITY":null,"LOAN_ASSETS":null,"DEPOSIT_EQUITY":null,"DEPOSIT_ASSETS":null,"EQUITY_MULTIPLIER":2.024125652429,"EQUITY_RATIO":1.30403336187},{"SECUCODE":"06869.HK","SECURITY_CODE":"06869","SECURITY_NAME_ABBR":"长飞光纤光缆","ORG_CODE":"10427429","STD_REPORT_DATE":"2023-09-30 00:00:00","REPORT_DATE":"2023-09-30 00:00:00","DATE_TYPE_CODE":"004","REPORT_TYPE":"2023年三季报","PER_NETCASH_OPERATE":0.884513679778,"PER_OI":13.232952442379,"BPS":15.046469083832,"BASIC_EPS":1.16,"DILUTED_EPS":1.16,"OPERATE_INCOME":10029322250,"OPERATE_INCOME_YOY":-2.0806628689,"GROSS_PROFIT":2605450813,"GROSS_PROFIT_YOY":9.588823845471,"HOLDER_PROFIT":880590578,"HOLDER_PROFIT_YOY":0.590075165,"GROSS_PROFIT_RATIO":25.978333810144,"EPS_TTM":1.546584275033,"OPERATE_INCOME_QOQ":-5.133845382076,"NET_PROFIT_RATIO":8.2285795035,"ROE_AVG":8.173277106983,"GROSS_PROFIT_QOQ":-3.898700462932,"ROA":3.044734967575,"HOLDER_PROFIT_QOQ":-6.123241187976,"ROE_YEARLY":10.897702809311,"ROIC_YEARLY":4.235354879578,"TOTAL_ASSETS":29640189577,"TOTAL_LIABILITIES":14866112405,"TAX_EBT":7.525482341481,"OCF_SALES":6.684174855385,"TOTAL_PARENT_EQUITY":11403795776,"DEBT_ASSET_RATIO":50.1552541234,"OPERATE_PROFIT":993611680,"PRETAX_PROFIT":892430451,"NETCASH_OPERATE":670377436,"NETCASH_INVEST":-2269539134,"NETCASH_FINANCE":1483380887,"END_CASH":4125273115,"DIVI_RATIO":0.33047541492,"DIVIDEND_RATE":4.93006993007,"CURRENT_RATIO":1.680352048558,"COMMON_ACS":null,"CURRENTDEBT_DEBT":62.182609354487,"ISSUED_COMMON_SHARES":757905108,"HK_COMMON_SHARES":351566794,"PER_SHARES":500,"TOTAL_MARKET_CAP":8670434435.52,"HKSK_MARKET_CAP":4021924123.36,"PE_TTM":7.82953872964,"PB_TTM":0.674922263723,"REPORT_DATE_SQ":"2022-09-30 00:00:00","REPORT_TYPE_SQ":"2022年三季报","OPERATE_INCOME_SQ":10242432745,"DPS_HKD":0.564,"OPERATE_INCOME_QOQ_SQ":12.216960345156,"NET_PROFIT_RATIO_SQ":8.4338087982,"HOLDER_PROFIT_SQ":875424913,"HOLDER_PROFIT_QOQ_SQ":35.115609406149,"ROE_AVG_SQ":8.92464519006,"PE_TTM_SQ":4.927562907915,"PB_TTM_SQ":0.514725226021,"ROA_SQ":3.680603446498,"START_DATE":"2023-01-01 00:00:00","FISCAL_YEAR":"12-31","CURRENCY":"HKD","IS_CNY_CODE":0,"DPS_HKD_LY":0.502,"ORG_TYPE":"一般企业","PREMIUM_INCOME":null,"PREMIUM_INCOME_YOY":null,"NET_INTEREST_INCOME":null,"NET_INTEREST_INCOME_YOY":null,"FEE_COMMISSION_INCOME":null,"FEE_COMMISSION_INCOME_YOY":null,"ACCOUNTS_RECE_TDAYS":1.669571468564,"INVENTORY_TDAYS":2.33985676425,"CURRENT_ASSETS_TDAYS":0.648134568254,"TOTAL_ASSETS_TDAYS":0.346774413883,"PREMIUM_EXPENSE":null,"LOAN_DEPOSIT":null,"LOAN_EQUITY":null,"LOAN_ASSETS":null,"DEPOSIT_EQUITY":null,"DEPOSIT_ASSETS":null,"EQUITY_MULTIPLIER":2.006229508072,"EQUITY_RATIO":1.303610893865},{"SECUCODE":"06869.HK","SECURITY_CODE":"06869","SECURITY_NAME_ABBR":"长飞光纤光缆","ORG_CODE":"10427429","STD_REPORT_DATE":"2023-06-30 00:00:00","REPORT_DATE":"2023-06-30 00:00:00","DATE_TYPE_CODE":"002","REPORT_TYPE":"2023年中报","PER_NETCASH_OPERATE":0.453847988843,"PER_OI":9.124075127621,"BPS":13.867510197596,"BASIC_EPS":0.8,"DILUTED_EPS":0.8,"OPERATE_INCOME":6915183145,"OPERATE_INCOME_YOY":8.1955474521,"GROSS_PROFIT":1804396482,"GROSS_PROFIT_YOY":25.689155456668,"HOLDER_PROFIT":607014926,"HOLDER_PROFIT_YOY":15.5353518273,"GROSS_PROFIT_RATIO":26.093256594435,"EPS_TTM":1.647462369392,"OPERATE_INCOME_QOQ":2.209951931933,"NET_PROFIT_RATIO":9.0577663797,"ROE_AVG":5.877797542507,"GROSS_PROFIT_QOQ":4.786857636973,"ROA":2.049260776222,"HOLDER_PROFIT_QOQ":3.66644654604,"ROE_YEARLY":11.755595085013,"ROIC_YEARLY":5.932168711626,"TOTAL_ASSETS":31039024348,"TOTAL_LIABILITIES":16127288607,"TAX_EBT":8.028018911711,"OCF_SALES":4.974180752519,"TOTAL_PARENT_EQUITY":10510256814,"DEBT_ASSET_RATIO":51.9581041794,"OPERATE_PROFIT":702802806,"PRETAX_PROFIT":681034731,"NETCASH_OPERATE":343973709,"NETCASH_INVEST":-1020187023,"NETCASH_FINANCE":1496423882,"END_CASH":5081114828,"DIVI_RATIO":0.310239608197,"DIVIDEND_RATE":4.93006993007,"CURRENT_RATIO":1.643721887043,"COMMON_ACS":null,"CURRENTDEBT_DEBT":63.286269786044,"ISSUED_COMMON_SHARES":757905108,"HK_COMMON_SHARES":351566794,"PER_SHARES":500,"TOTAL_MARKET_CAP":8670434435.52,"HKSK_MARKET_CAP":4021924123.36,"PE_TTM":7.82953872964,"PB_TTM":0.674922263723,"REPORT_DATE_SQ":"2022-06-30 00:00:00","REPORT_TYPE_SQ":"2022年中报","OPERATE_INCOME_SQ":6391374976,"DPS_HKD":0.564,"OPERATE_INCOME_QOQ_SQ":9.144955853862,"NET_PROFIT_RATIO_SQ":8.095248189,"HOLDER_PROFIT_SQ":525393238,"HOLDER_PROFIT_QOQ_SQ":-8.805523033011,"ROE_AVG_SQ":5.459281108125,"PE_TTM_SQ":4.927562907915,"PB_TTM_SQ":0.514725226021,"ROA_SQ":2.380885252369,"START_DATE":"2023-01-01 00:00:00","FISCAL_YEAR":"12-31","CURRENCY":"HKD","IS_CNY_CODE":0,"DPS_HKD_LY":0.502,"ORG_TYPE":"一般企业","PREMIUM_INCOME":null,"PREMIUM_INCOME_YOY":null,"NET_INTEREST_INCOME":null,"NET_INTEREST_INCOME_YOY":null,"FEE_COMMISSION_INCOME":null,"FEE_COMMISSION_INCOME_YOY":null,"ACCOUNTS_RECE_TDAYS":1.121804729385,"INVENTORY_TDAYS":1.592945252016,"CURRENT_ASSETS_TDAYS":0.429630777798,"TOTAL_ASSETS_TDAYS":0.233454120689,"PREMIUM_EXPENSE":null,"LOAN_DEPOSIT":null,"LOAN_EQUITY":null,"LOAN_ASSETS":null,"DEPOSIT_EQUITY":null,"DEPOSIT_ASSETS":null,"EQUITY_MULTIPLIER":2.081516524107,"EQUITY_RATIO":1.534433353286},{"SECUCODE":"06869.HK","SECURITY_CODE":"06869","SECURITY_NAME_ABBR":"长飞光纤光缆","ORG_CODE":"10427429","STD_REPORT_DATE":"2023-03-31 00:00:00","REPORT_DATE":"2023-03-31 00:00:00","DATE_TYPE_CODE":"003","REPORT_TYPE":"2023年一季报","PER_NETCASH_OPERATE":-0.070668796706,"PER_OI":4.215733220787,"BPS":13.739583672261,"BASIC_EPS":0.32,"DILUTED_EPS":0.32,"OPERATE_INCOME":3195125742,"OPERATE_INCOME_YOY":7.1586430596,"GROSS_PROFIT":813067074,"GROSS_PROFIT_YOY":33.447903378046,"HOLDER_PROFIT":241038277,"HOLDER_PROFIT_YOY":18.4012683723,"GROSS_PROFIT_RATIO":25.447107239387,"EPS_TTM":1.589195370616,"OPERATE_INCOME_QOQ":1.543331706666,"NET_PROFIT_RATIO":6.8891634563,"ROE_AVG":2.345010156115,"GROSS_PROFIT_QOQ":6.283565636054,"ROA":0.843983295091,"HOLDER_PROFIT_QOQ":3.210015555316,"ROE_YEARLY":9.38004062446,"ROIC_YEARLY":4.846448412886,"TOTAL_ASSETS":28915899006,"TOTAL_LIABILITIES":14152545574,"TAX_EBT":9.565998092006,"OCF_SALES":-1.676310928736,"TOTAL_PARENT_EQUITY":10413300647,"DEBT_ASSET_RATIO":48.9438200454,"OPERATE_PROFIT":276610847,"PRETAX_PROFIT":243401188,"NETCASH_OPERATE":-53560243,"NETCASH_INVEST":-755026135,"NETCASH_FINANCE":781857205,"END_CASH":4175600371,"DIVI_RATIO":0.321614377597,"DIVIDEND_RATE":4.93006993007,"CURRENT_RATIO":2.067223338448,"COMMON_ACS":null,"CURRENTDEBT_DEBT":53.140314254253,"ISSUED_COMMON_SHARES":757905108,"HK_COMMON_SHARES":351566794,"PER_SHARES":500,"TOTAL_MARKET_CAP":8670434435.52,"HKSK_MARKET_CAP":4021924123.36,"PE_TTM":7.82953872964,"PB_TTM":0.674922263723,"REPORT_DATE_SQ":"2022-03-31 00:00:00","REPORT_TYPE_SQ":"2022年一季报","OPERATE_INCOME_SQ":2981678053,"DPS_HKD":0.564,"OPERATE_INCOME_QOQ_SQ":11.218275392741,"NET_PROFIT_RATIO_SQ":7.0558363197,"HOLDER_PROFIT_SQ":203577445,"HOLDER_PROFIT_QOQ_SQ":16.812036841344,"ROE_AVG_SQ":2.057985769326,"PE_TTM_SQ":4.927562907915,"PB_TTM_SQ":0.514725226021,"ROA_SQ":0.995882316005,"START_DATE":"2023-01-01 00:00:00","FISCAL_YEAR":"12-31","CURRENCY":"HKD","IS_CNY_CODE":0,"DPS_HKD_LY":0.502,"ORG_TYPE":"一般企业","PREMIUM_INCOME":null,"PREMIUM_INCOME_YOY":null,"NET_INTEREST_INCOME":null,"NET_INTEREST_INCOME_YOY":null,"FEE_COMMISSION_INCOME":null,"FEE_COMMISSION_INCOME_YOY":null,"ACCOUNTS_RECE_TDAYS":0.543276774901,"INVENTORY_TDAYS":0.746866714159,"CURRENT_ASSETS_TDAYS":0.206391146108,"TOTAL_ASSETS_TDAYS":0.111875706445,"PREMIUM_EXPENSE":null,"LOAN_DEPOSIT":null,"LOAN_EQUITY":null,"LOAN_ASSETS":null,"DEPOSIT_EQUITY":null,"DEPOSIT_ASSETS":null,"EQUITY_MULTIPLIER":1.958626753684,"EQUITY_RATIO":1.359083546491},{"SECUCODE":"06869.HK","SECURITY_CODE":"06869","SECURITY_NAME_ABBR":"长飞光纤光缆","ORG_CODE":"10427429","STD_REPORT_DATE":"2022-12-31 00:00:00","REPORT_DATE":"2022-12-31 00:00:00","DATE_TYPE_CODE":"001","REPORT_TYPE":"2022年年报","PER_NETCASH_OPERATE":2.103830159171,"PER_OI":18.248087067913,"BPS":13.384585717821,"BASIC_EPS":1.54,"DILUTED_EPS":1.54,"OPERATE_INCOME":13830318400,"OPERATE_INCOME_YOY":45.0315518881,"GROSS_PROFIT":3243227123,"GROSS_PROFIT_YOY":73.263451145613,"HOLDER_PROFIT":1166998457,"HOLDER_PROFIT_YOY":64.7124778431,"GROSS_PROFIT_RATIO":23.450126231367,"EPS_TTM":1.539768560314,"OPERATE_INCOME_QOQ":6.469243310331,"NET_PROFIT_RATIO":8.3963462837,"ROE_AVG":11.713180538509,"GROSS_PROFIT_QOQ":12.098734172891,"ROA":4.894926975577,"HOLDER_PROFIT_QOQ":14.436572721039,"ROE_YEARLY":11.713180538509,"ROIC_YEARLY":6.594898356519,"TOTAL_ASSETS":28203306647,"TOTAL_LIABILITIES":13666245433,"TAX_EBT":-0.804761451907,"OCF_SALES":11.529044942306,"TOTAL_PARENT_EQUITY":10144245884,"DEBT_ASSET_RATIO":48.4561814118,"OPERATE_PROFIT":1234855459,"PRETAX_PROFIT":1151970808,"NETCASH_OPERATE":1594503624,"NETCASH_INVEST":-2186845713,"NETCASH_FINANCE":1977479312,"END_CASH":4211073257,"DIVI_RATIO":0.331938249145,"DIVIDEND_RATE":4.93006993007,"CURRENT_RATIO":1.908900810735,"COMMON_ACS":null,"CURRENTDEBT_DEBT":59.089078522625,"ISSUED_COMMON_SHARES":757905108,"HK_COMMON_SHARES":351566794,"PER_SHARES":500,"TOTAL_MARKET_CAP":8670434435.52,"HKSK_MARKET_CAP":4021924123.36,"PE_TTM":7.82953872964,"PB_TTM":0.674922263723,"REPORT_DATE_SQ":"2021-12-31 00:00:00","REPORT_TYPE_SQ":"2021年年报","OPERATE_INCOME_SQ":9536075578,"DPS_HKD":0.564,"OPERATE_INCOME_QOQ_SQ":-0.329958662677,"NET_PROFIT_RATIO_SQ":7.557361811,"HOLDER_PROFIT_SQ":708506406,"HOLDER_PROFIT_QOQ_SQ":0.939254565002,"ROE_AVG_SQ":7.525498457167,"PE_TTM_SQ":4.927562907915,"PB_TTM_SQ":0.514725226021,"ROA_SQ":4.01030997653,"START_DATE":"2022-01-01 00:00:00","FISCAL_YEAR":"12-31","CURRENCY":"HKD","IS_CNY_CODE":0,"DPS_HKD_LY":0.329,"ORG_TYPE":"一般企业","PREMIUM_INCOME":null,"PREMIUM_INCOME_YOY":null,"NET_INTEREST_INCOME":null,"NET_INTEREST_INCOME_YOY":null,"FEE_COMMISSION_INCOME":null,"FEE_COMMISSION_INCOME_YOY":null,"ACCOUNTS_RECE_TDAYS":2.626558477936,"INVENTORY_TDAYS":3.575668675535,"CURRENT_ASSETS_TDAYS":0.99754609235,"TOTAL_ASSETS_TDAYS":0.580107010518,"PREMIUM_EXPENSE":null,"LOAN_DEPOSIT":null,"LOAN_EQUITY":null,"LOAN_ASSETS":null,"DEPOSIT_EQUITY":null,"DEPOSIT_ASSETS":null,"EQUITY_MULTIPLIER":1.940096848449,"EQUITY_RATIO":1.347191855292},{"SECUCODE":"06869.HK","SECURITY_CODE":"06869","SECURITY_NAME_ABBR":"长飞光纤光缆","ORG_CODE":"10427429","STD_REPORT_DATE":"2022-09-30 00:00:00","REPORT_DATE":"2022-09-30 00:00:00","DATE_TYPE_CODE":"004","REPORT_TYPE":"2022年三季报","PER_NETCASH_OPERATE":1.244879105631,"PER_OI":13.514136053296,"BPS":12.978071874929,"BASIC_EPS":1.16,"DILUTED_EPS":1.16,"OPERATE_INCOME":10242432745,"OPERATE_INCOME_YOY":50.8782313903,"GROSS_PROFIT":2377478580,"GROSS_PROFIT_YOY":75.31246062831,"HOLDER_PROFIT":875424913,"HOLDER_PROFIT_YOY":55.1748713157,"GROSS_PROFIT_RATIO":23.21204970724,"EPS_TTM":1.345521386828,"OPERATE_INCOME_QOQ":12.216960345156,"NET_PROFIT_RATIO":8.4338087982,"ROE_AVG":8.92464519006,"GROSS_PROFIT_QOQ":19.47435759008,"ROA":3.680603446498,"HOLDER_PROFIT_QOQ":35.115609406149,"ROE_YEARLY":11.89952692008,"ROIC_YEARLY":4.96635111728,"TOTAL_ASSETS":28090991360,"TOTAL_LIABILITIES":13880530859,"TAX_EBT":5.450988701532,"OCF_SALES":9.211681018463,"TOTAL_PARENT_EQUITY":9836146966,"DEBT_ASSET_RATIO":49.4127483118,"OPERATE_PROFIT":973987164,"PRETAX_PROFIT":913629008,"NETCASH_OPERATE":943500233,"NETCASH_INVEST":-1536714650,"NETCASH_FINANCE":2085348919,"END_CASH":4328372340,"DIVI_RATIO":0.379858755872,"DIVIDEND_RATE":4.93006993007,"CURRENT_RATIO":1.902174927543,"COMMON_ACS":null,"CURRENTDEBT_DEBT":60.959089230465,"ISSUED_COMMON_SHARES":757905108,"HK_COMMON_SHARES":351566794,"PER_SHARES":500,"TOTAL_MARKET_CAP":8670434435.52,"HKSK_MARKET_CAP":4021924123.36,"PE_TTM":7.82953872964,"PB_TTM":0.674922263723,"REPORT_DATE_SQ":"2021-09-30 00:00:00","REPORT_TYPE_SQ":"2021年三季报","OPERATE_INCOME_SQ":6788542423,"DPS_HKD":0.564,"OPERATE_INCOME_QOQ_SQ":4.376456952458,"NET_PROFIT_RATIO_SQ":8.4898224403,"HOLDER_PROFIT_SQ":564153787,"HOLDER_PROFIT_QOQ_SQ":-7.673694803217,"ROE_AVG_SQ":6.073546980651,"PE_TTM_SQ":4.927562907915,"PB_TTM_SQ":0.514725226021,"ROA_SQ":3.260669336493,"START_DATE":"2022-01-01 00:00:00","FISCAL_YEAR":"12-31","CURRENCY":"HKD","IS_CNY_CODE":0,"DPS_HKD_LY":0.329,"ORG_TYPE":"一般企业","PREMIUM_INCOME":null,"PREMIUM_INCOME_YOY":null,"NET_INTEREST_INCOME":null,"NET_INTEREST_INCOME_YOY":null,"FEE_COMMISSION_INCOME":null,"FEE_COMMISSION_INCOME_YOY":null,"ACCOUNTS_RECE_TDAYS":1.834353923711,"INVENTORY_TDAYS":2.678389746317,"CURRENT_ASSETS_TDAYS":0.721070541543,"TOTAL_ASSETS_TDAYS":0.430628974592,"PREMIUM_EXPENSE":null,"LOAN_DEPOSIT":null,"LOAN_EQUITY":null,"LOAN_ASSETS":null,"DEPOSIT_EQUITY":null,"DEPOSIT_ASSETS":null,"EQUITY_MULTIPLIER":1.976782621368,"EQUITY_RATIO":1.411175626694}],"count":40},"success":true,"message":"ok","code":0}