{"version":"c03db8487410fae5d017ec6737aa4049","result":{"pages":2,"data":[{"SECUCODE":"06860.HK","SECURITY_CODE":"06860","SECURITY_NAME_ABBR":"指尖悦动","ORG_CODE":"10921273","STD_REPORT_DATE":"2024-06-30 00:00:00","REPORT_DATE":"2024-06-30 00:00:00","DATE_TYPE_CODE":"002","REPORT_TYPE":"2024年中报","PER_NETCASH_OPERATE":-0.015033721081,"PER_OI":0.171154816672,"BPS":0.41195972239,"BASIC_EPS":0.0048,"DILUTED_EPS":0.0048,"OPERATE_INCOME":328290000,"OPERATE_INCOME_YOY":5.011803392,"GROSS_PROFIT":206185000,"GROSS_PROFIT_YOY":17.987879897683,"HOLDER_PROFIT":9170000,"HOLDER_PROFIT_YOY":143.5691547489,"GROSS_PROFIT_RATIO":62.805751012824,"EPS_TTM":0.019285350829,"OPERATE_INCOME_QOQ":2.425007854809,"NET_PROFIT_RATIO":2.7932620549,"ROE_AVG":1.163772781296,"GROSS_PROFIT_QOQ":8.451204069397,"ROA":0.918312268231,"HOLDER_PROFIT_QOQ":446.073221139652,"ROE_YEARLY":2.327545562593,"ROIC_YEARLY":3.876390898302,"TOTAL_ASSETS":985241000,"TOTAL_LIABILITIES":195066000,"TAX_EBT":27.761146998582,"OCF_SALES":-8.783697340766,"TOTAL_PARENT_EQUITY":790175000,"DEBT_ASSET_RATIO":19.7988106463,"OPERATE_PROFIT":13170000,"PRETAX_PROFIT":12694000,"NETCASH_OPERATE":-28836000,"NETCASH_INVEST":5301000,"NETCASH_FINANCE":6650000,"END_CASH":516385000,"DIVI_RATIO":null,"DIVIDEND_RATE":null,"CURRENT_RATIO":4.309958753905,"COMMON_ACS":10000000000,"CURRENTDEBT_DEBT":95.330298463084,"ISSUED_COMMON_SHARES":1918088000,"HK_COMMON_SHARES":1918088000,"PER_SHARES":1000,"TOTAL_MARKET_CAP":274286584,"HKSK_MARKET_CAP":274286584,"PE_TTM":6.797620302805,"PB_TTM":0.316810680527,"REPORT_DATE_SQ":"2023-06-30 00:00:00","REPORT_TYPE_SQ":"2023年中报","OPERATE_INCOME_SQ":312622000,"DPS_HKD":null,"OPERATE_INCOME_QOQ_SQ":-9.630274711415,"NET_PROFIT_RATIO_SQ":-6.7324116665,"HOLDER_PROFIT_SQ":-21047000,"HOLDER_PROFIT_QOQ_SQ":30.604073080069,"ROE_AVG_SQ":-2.726411880301,"PE_TTM_SQ":-1.452096282245,"PB_TTM_SQ":0.182355158127,"ROA_SQ":-2.048869335054,"START_DATE":"2024-01-01 00:00:00","FISCAL_YEAR":"12-31","CURRENCY":"HKD","IS_CNY_CODE":0,"DPS_HKD_LY":null,"ORG_TYPE":"一般企业","PREMIUM_INCOME":null,"PREMIUM_INCOME_YOY":null,"NET_INTEREST_INCOME":null,"NET_INTEREST_INCOME_YOY":null,"FEE_COMMISSION_INCOME":null,"FEE_COMMISSION_INCOME_YOY":null,"ACCOUNTS_RECE_TDAYS":4.388405060922,"INVENTORY_TDAYS":null,"CURRENT_ASSETS_TDAYS":0.403664941745,"TOTAL_ASSETS_TDAYS":0.328759797751,"PREMIUM_EXPENSE":null,"LOAN_DEPOSIT":null,"LOAN_EQUITY":null,"LOAN_ASSETS":null,"DEPOSIT_EQUITY":null,"DEPOSIT_ASSETS":null,"EQUITY_MULTIPLIER":1.246864302211,"EQUITY_RATIO":0.246864302212},{"SECUCODE":"06860.HK","SECURITY_CODE":"06860","SECURITY_NAME_ABBR":"指尖悦动","ORG_CODE":"10921273","STD_REPORT_DATE":"2023-12-31 00:00:00","REPORT_DATE":"2023-12-31 00:00:00","DATE_TYPE_CODE":"001","REPORT_TYPE":"2023年年报","PER_NETCASH_OPERATE":-0.023865232602,"PER_OI":0.334526948768,"BPS":0.409644395878,"BASIC_EPS":0.0036,"DILUTED_EPS":0.0036,"OPERATE_INCOME":646101000,"OPERATE_INCOME_YOY":-22.3912025081,"GROSS_PROFIT":371947000,"GROSS_PROFIT_YOY":-29.799068383941,"HOLDER_PROFIT":6774000,"HOLDER_PROFIT_YOY":104.8610014782,"GROSS_PROFIT_RATIO":57.567934425113,"EPS_TTM":0.003507324011,"OPERATE_INCOME_QOQ":-14.120799588482,"NET_PROFIT_RATIO":1.0484428905,"ROE_AVG":0.866493044008,"GROSS_PROFIT_QOQ":-18.542000648253,"ROA":0.65507504255,"HOLDER_PROFIT_QOQ":107.004736003971,"ROE_YEARLY":0.866493044008,"ROIC_YEARLY":1.592299419988,"TOTAL_ASSETS":1011901000,"TOTAL_LIABILITIES":226167000,"TAX_EBT":54.782724784727,"OCF_SALES":-7.134023937434,"TOTAL_PARENT_EQUITY":785734000,"DEBT_ASSET_RATIO":22.3507042685,"OPERATE_PROFIT":6846000,"PRETAX_PROFIT":14981000,"NETCASH_OPERATE":-46093000,"NETCASH_INVEST":-103714000,"NETCASH_FINANCE":-6368000,"END_CASH":534516000,"DIVI_RATIO":null,"DIVIDEND_RATE":null,"CURRENT_RATIO":3.884831791322,"COMMON_ACS":10000000000,"CURRENTDEBT_DEBT":93.906272798419,"ISSUED_COMMON_SHARES":1918088000,"HK_COMMON_SHARES":1918088000,"PER_SHARES":1000,"TOTAL_MARKET_CAP":187972624,"HKSK_MARKET_CAP":187972624,"PE_TTM":4.658509018705,"PB_TTM":0.217115011829,"REPORT_DATE_SQ":"2022-12-31 00:00:00","REPORT_TYPE_SQ":"2022年年报","OPERATE_INCOME_SQ":832510000,"DPS_HKD":null,"OPERATE_INCOME_QOQ_SQ":15.018547813292,"NET_PROFIT_RATIO_SQ":-16.7390181499,"HOLDER_PROFIT_SQ":-139354000,"HOLDER_PROFIT_QOQ_SQ":77.742853081492,"ROE_AVG_SQ":-16.668052142534,"PE_TTM_SQ":-1.480672753429,"PB_TTM_SQ":0.185943809228,"ROA_SQ":-12.418089522632,"START_DATE":"2023-01-01 00:00:00","FISCAL_YEAR":"12-31","CURRENCY":"HKD","IS_CNY_CODE":0,"DPS_HKD_LY":null,"ORG_TYPE":"一般企业","PREMIUM_INCOME":null,"PREMIUM_INCOME_YOY":null,"NET_INTEREST_INCOME":null,"NET_INTEREST_INCOME_YOY":null,"FEE_COMMISSION_INCOME":null,"FEE_COMMISSION_INCOME_YOY":null,"ACCOUNTS_RECE_TDAYS":8.735698543827,"INVENTORY_TDAYS":null,"CURRENT_ASSETS_TDAYS":0.745977288196,"TOTAL_ASSETS_TDAYS":0.624807558409,"PREMIUM_EXPENSE":null,"LOAN_DEPOSIT":null,"LOAN_EQUITY":null,"LOAN_ASSETS":null,"DEPOSIT_EQUITY":null,"DEPOSIT_ASSETS":null,"EQUITY_MULTIPLIER":1.287841686881,"EQUITY_RATIO":0.287841686881},{"SECUCODE":"06860.HK","SECURITY_CODE":"06860","SECURITY_NAME_ABBR":"指尖悦动","ORG_CODE":"10921273","STD_REPORT_DATE":"2023-06-30 00:00:00","REPORT_DATE":"2023-06-30 00:00:00","DATE_TYPE_CODE":"002","REPORT_TYPE":"2023年中报","PER_NETCASH_OPERATE":-0.036453595266,"PER_OI":0.161863986865,"BPS":0.399420673087,"BASIC_EPS":-0.0111,"DILUTED_EPS":-0.0111,"OPERATE_INCOME":312622000,"OPERATE_INCOME_YOY":-20.4109013608,"GROSS_PROFIT":174751000,"GROSS_PROFIT_YOY":-29.527646378004,"HOLDER_PROFIT":-21047000,"HOLDER_PROFIT_YOY":66.9565899992,"GROSS_PROFIT_RATIO":55.898497226683,"EPS_TTM":-0.050070752262,"OPERATE_INCOME_QOQ":-9.630274711415,"NET_PROFIT_RATIO":-6.7324116665,"ROE_AVG":-2.726411880301,"GROSS_PROFIT_QOQ":-13.819474852406,"ROA":-2.048869335054,"HOLDER_PROFIT_QOQ":30.604073080069,"ROE_YEARLY":-5.452823760601,"ROIC_YEARLY":-9.798120634152,"TOTAL_ASSETS":998240000,"TOTAL_LIABILITIES":232116000,"TAX_EBT":-3.105863910253,"OCF_SALES":-22.521127751726,"TOTAL_PARENT_EQUITY":766124000,"DEBT_ASSET_RATIO":23.252524443,"OPERATE_PROFIT":-19815000,"PRETAX_PROFIT":-20413000,"NETCASH_OPERATE":-70406000,"NETCASH_INVEST":-103402000,"NETCASH_FINANCE":-3272000,"END_CASH":512474000,"DIVI_RATIO":null,"DIVIDEND_RATE":null,"CURRENT_RATIO":3.750123808774,"COMMON_ACS":10000000000,"CURRENTDEBT_DEBT":93.082338141274,"ISSUED_COMMON_SHARES":1918088000,"HK_COMMON_SHARES":1918088000,"PER_SHARES":1000,"TOTAL_MARKET_CAP":187972624,"HKSK_MARKET_CAP":187972624,"PE_TTM":4.658509018705,"PB_TTM":0.217115011829,"REPORT_DATE_SQ":"2022-06-30 00:00:00","REPORT_TYPE_SQ":"2022年中报","OPERATE_INCOME_SQ":392795000,"DPS_HKD":null,"OPERATE_INCOME_QOQ_SQ":18.074508121441,"NET_PROFIT_RATIO_SQ":-16.215837778,"HOLDER_PROFIT_SQ":-63695000,"HOLDER_PROFIT_QOQ_SQ":-21.010863956057,"ROE_AVG_SQ":-7.324796266706,"PE_TTM_SQ":-1.480672753429,"PB_TTM_SQ":0.185943809228,"ROA_SQ":-5.282234004749,"START_DATE":"2023-01-01 00:00:00","FISCAL_YEAR":"12-31","CURRENCY":"HKD","IS_CNY_CODE":0,"DPS_HKD_LY":null,"ORG_TYPE":"一般企业","PREMIUM_INCOME":null,"PREMIUM_INCOME_YOY":null,"NET_INTEREST_INCOME":null,"NET_INTEREST_INCOME_YOY":null,"FEE_COMMISSION_INCOME":null,"FEE_COMMISSION_INCOME_YOY":null,"ACCOUNTS_RECE_TDAYS":3.982826384686,"INVENTORY_TDAYS":null,"CURRENT_ASSETS_TDAYS":0.364065343151,"TOTAL_ASSETS_TDAYS":0.304329181956,"PREMIUM_EXPENSE":null,"LOAN_DEPOSIT":null,"LOAN_EQUITY":null,"LOAN_ASSETS":null,"DEPOSIT_EQUITY":null,"DEPOSIT_ASSETS":null,"EQUITY_MULTIPLIER":1.302974453221,"EQUITY_RATIO":0.302974453222},{"SECUCODE":"06860.HK","SECURITY_CODE":"06860","SECURITY_NAME_ABBR":"指尖悦动","ORG_CODE":"10921273","STD_REPORT_DATE":"2022-12-31 00:00:00","REPORT_DATE":"2022-12-31 00:00:00","DATE_TYPE_CODE":"001","REPORT_TYPE":"2022年年报","PER_NETCASH_OPERATE":0.014496317931,"PER_OI":0.431042561641,"BPS":0.40551319856,"BASIC_EPS":-0.0733,"DILUTED_EPS":-0.0733,"OPERATE_INCOME":832510000,"OPERATE_INCOME_YOY":35.807584579,"GROSS_PROFIT":529832000,"GROSS_PROFIT_YOY":46.868763028341,"HOLDER_PROFIT":-139354000,"HOLDER_PROFIT_YOY":73.0664342219,"GROSS_PROFIT_RATIO":63.642719006378,"EPS_TTM":-0.072152292627,"OPERATE_INCOME_QOQ":15.018547813292,"NET_PROFIT_RATIO":-16.7390181499,"ROE_AVG":-16.668052142534,"GROSS_PROFIT_QOQ":19.006942775448,"ROA":-12.418089522632,"HOLDER_PROFIT_QOQ":77.742853081492,"ROE_YEARLY":-16.668052142534,"ROIC_YEARLY":-29.85524851344,"TOTAL_ASSETS":1056259000,"TOTAL_LIABILITIES":278449000,"TAX_EBT":-8.043107458521,"OCF_SALES":3.363082725733,"TOTAL_PARENT_EQUITY":777810000,"DEBT_ASSET_RATIO":26.3618108816,"OPERATE_PROFIT":-136618000,"PRETAX_PROFIT":-128980000,"NETCASH_OPERATE":27998000,"NETCASH_INVEST":35501000,"NETCASH_FINANCE":-5898000,"END_CASH":682799000,"DIVI_RATIO":null,"DIVIDEND_RATE":null,"CURRENT_RATIO":3.497515123241,"COMMON_ACS":10000000000,"CURRENTDEBT_DEBT":93.147757758153,"ISSUED_COMMON_SHARES":1918088000,"HK_COMMON_SHARES":1918088000,"PER_SHARES":1000,"TOTAL_MARKET_CAP":187972624,"HKSK_MARKET_CAP":187972624,"PE_TTM":4.658509018705,"PB_TTM":0.217115011829,"REPORT_DATE_SQ":"2021-12-31 00:00:00","REPORT_TYPE_SQ":"2021年年报","OPERATE_INCOME_SQ":613007000,"DPS_HKD":null,"OPERATE_INCOME_QOQ_SQ":2.035187589467,"NET_PROFIT_RATIO_SQ":-84.4034407437,"HOLDER_PROFIT_SQ":-517399000,"HOLDER_PROFIT_QOQ_SQ":-705.55581564102,"ROE_AVG_SQ":-44.507460003209,"PE_TTM_SQ":-1.480672753429,"PB_TTM_SQ":0.185943809228,"ROA_SQ":-36.582169516332,"START_DATE":"2022-01-01 00:00:00","FISCAL_YEAR":"12-31","CURRENCY":"HKD","IS_CNY_CODE":0,"DPS_HKD_LY":null,"ORG_TYPE":"一般企业","PREMIUM_INCOME":null,"PREMIUM_INCOME_YOY":null,"NET_INTEREST_INCOME":null,"NET_INTEREST_INCOME_YOY":null,"FEE_COMMISSION_INCOME":null,"FEE_COMMISSION_INCOME_YOY":null,"ACCOUNTS_RECE_TDAYS":11.584117773928,"INVENTORY_TDAYS":null,"CURRENT_ASSETS_TDAYS":0.885203509298,"TOTAL_ASSETS_TDAYS":0.741864869935,"PREMIUM_EXPENSE":null,"LOAN_DEPOSIT":null,"LOAN_EQUITY":null,"LOAN_ASSETS":null,"DEPOSIT_EQUITY":null,"DEPOSIT_ASSETS":null,"EQUITY_MULTIPLIER":1.357991026086,"EQUITY_RATIO":0.357991026086},{"SECUCODE":"06860.HK","SECURITY_CODE":"06860","SECURITY_NAME_ABBR":"指尖悦动","ORG_CODE":"10921273","STD_REPORT_DATE":"2022-06-30 00:00:00","REPORT_DATE":"2022-06-30 00:00:00","DATE_TYPE_CODE":"002","REPORT_TYPE":"2022年中报","PER_NETCASH_OPERATE":-0.007773170266,"PER_OI":0.203374569675,"BPS":0.440470927298,"BASIC_EPS":-0.0335,"DILUTED_EPS":-0.0335,"OPERATE_INCOME":392795000,"OPERATE_INCOME_YOY":39.2904889059,"GROSS_PROFIT":247971000,"GROSS_PROFIT_YOY":51.653089681491,"HOLDER_PROFIT":-63695000,"HOLDER_PROFIT_YOY":-241.4972786849,"GROSS_PROFIT_RATIO":63.129876907802,"EPS_TTM":-0.3241758384,"OPERATE_INCOME_QOQ":18.074508121441,"NET_PROFIT_RATIO":-16.215837778,"ROE_AVG":-7.324796266706,"GROSS_PROFIT_QOQ":23.411928416197,"ROA":-5.282234004749,"HOLDER_PROFIT_QOQ":-21.010863956057,"ROE_YEARLY":-14.649592533411,"ROIC_YEARLY":-21.539283534343,"TOTAL_ASSETS":1223557000,"TOTAL_LIABILITIES":378695000,"TAX_EBT":8.345924167206,"OCF_SALES":-3.822095495106,"TOTAL_PARENT_EQUITY":844862000,"DEBT_ASSET_RATIO":30.9503357833,"OPERATE_PROFIT":-73343000,"PRETAX_PROFIT":-69495000,"NETCASH_OPERATE":-15013000,"NETCASH_INVEST":2546000,"NETCASH_FINANCE":-3159000,"END_CASH":600766000,"DIVI_RATIO":null,"DIVIDEND_RATE":null,"CURRENT_RATIO":2.791082898983,"COMMON_ACS":10000000000,"CURRENTDEBT_DEBT":94.182125457162,"ISSUED_COMMON_SHARES":1918088000,"HK_COMMON_SHARES":1918088000,"PER_SHARES":1000,"TOTAL_MARKET_CAP":187972624,"HKSK_MARKET_CAP":187972624,"PE_TTM":4.658509018705,"PB_TTM":0.217115011829,"REPORT_DATE_SQ":"2021-06-30 00:00:00","REPORT_TYPE_SQ":"2021年中报","OPERATE_INCOME_SQ":281997000,"DPS_HKD":null,"OPERATE_INCOME_QOQ_SQ":-19.706936600048,"NET_PROFIT_RATIO_SQ":15.9629357759,"HOLDER_PROFIT_SQ":45015000,"HOLDER_PROFIT_QOQ_SQ":-33.059644779417,"ROE_AVG_SQ":3.10503309897,"PE_TTM_SQ":-1.480672753429,"PB_TTM_SQ":0.185943809228,"ROA_SQ":2.704302824244,"START_DATE":"2022-01-01 00:00:00","FISCAL_YEAR":"12-31","CURRENCY":"HKD","IS_CNY_CODE":0,"DPS_HKD_LY":null,"ORG_TYPE":"一般企业","PREMIUM_INCOME":null,"PREMIUM_INCOME_YOY":null,"NET_INTEREST_INCOME":null,"NET_INTEREST_INCOME_YOY":null,"FEE_COMMISSION_INCOME":null,"FEE_COMMISSION_INCOME_YOY":null,"ACCOUNTS_RECE_TDAYS":4.176071274792,"INVENTORY_TDAYS":null,"CURRENT_ASSETS_TDAYS":0.39892346168,"TOTAL_ASSETS_TDAYS":0.325745365554,"PREMIUM_EXPENSE":null,"LOAN_DEPOSIT":null,"LOAN_EQUITY":null,"LOAN_ASSETS":null,"DEPOSIT_EQUITY":null,"DEPOSIT_ASSETS":null,"EQUITY_MULTIPLIER":1.448232965857,"EQUITY_RATIO":0.448232965857},{"SECUCODE":"06860.HK","SECURITY_CODE":"06860","SECURITY_NAME_ABBR":"指尖悦动","ORG_CODE":"10921273","STD_REPORT_DATE":"2021-12-31 00:00:00","REPORT_DATE":"2021-12-31 00:00:00","DATE_TYPE_CODE":"001","REPORT_TYPE":"2021年年报","PER_NETCASH_OPERATE":0.057324088854,"PER_OI":0.317392112508,"BPS":0.466245031511,"BASIC_EPS":-0.2727,"DILUTED_EPS":-0.2727,"OPERATE_INCOME":613007000,"OPERATE_INCOME_YOY":-18.0728221385,"GROSS_PROFIT":360752000,"GROSS_PROFIT_YOY":-22.251053888396,"HOLDER_PROFIT":-517399000,"HOLDER_PROFIT_YOY":-505.361214049,"GROSS_PROFIT_RATIO":58.849572680247,"EPS_TTM":-0.267889863606,"OPERATE_INCOME_QOQ":2.035187589467,"NET_PROFIT_RATIO":-84.4034407437,"ROE_AVG":-44.507460003209,"GROSS_PROFIT_QOQ":1.432274825816,"ROA":-36.582169516332,"HOLDER_PROFIT_QOQ":-705.55581564102,"ROE_YEARLY":-44.507460003209,"ROIC_YEARLY":-65.513032357727,"TOTAL_ASSETS":1188112000,"TOTAL_LIABILITIES":293813000,"TAX_EBT":-2.751905501428,"OCF_SALES":18.060968308682,"TOTAL_PARENT_EQUITY":894299000,"DEBT_ASSET_RATIO":24.7294026152,"OPERATE_PROFIT":-531938000,"PRETAX_PROFIT":-503542000,"NETCASH_OPERATE":110715000,"NETCASH_INVEST":-58000,"NETCASH_FINANCE":-11813000,"END_CASH":608041000,"DIVI_RATIO":null,"DIVIDEND_RATE":null,"CURRENT_RATIO":3.62187483728,"COMMON_ACS":10000000000,"CURRENTDEBT_DEBT":91.50922525552,"ISSUED_COMMON_SHARES":1918088000,"HK_COMMON_SHARES":1918088000,"PER_SHARES":1000,"TOTAL_MARKET_CAP":226334384,"HKSK_MARKET_CAP":226334384,"PE_TTM":5.609225144972,"PB_TTM":0.261424197917,"REPORT_DATE_SQ":"2020-12-31 00:00:00","REPORT_TYPE_SQ":"2020年年报","OPERATE_INCOME_SQ":748234000,"DPS_HKD":null,"OPERATE_INCOME_QOQ_SQ":-21.688528759476,"NET_PROFIT_RATIO_SQ":17.0587008877,"HOLDER_PROFIT_SQ":127639000,"HOLDER_PROFIT_QOQ_SQ":62.287349014622,"ROE_AVG_SQ":9.211529079619,"PE_TTM_SQ":-1.536197981683,"PB_TTM_SQ":0.192916702074,"ROA_SQ":7.840356221796,"START_DATE":"2021-01-01 00:00:00","FISCAL_YEAR":"12-31","CURRENCY":"HKD","IS_CNY_CODE":0,"DPS_HKD_LY":null,"ORG_TYPE":"一般企业","PREMIUM_INCOME":null,"PREMIUM_INCOME_YOY":null,"NET_INTEREST_INCOME":null,"NET_INTEREST_INCOME_YOY":null,"FEE_COMMISSION_INCOME":null,"FEE_COMMISSION_INCOME_YOY":null,"ACCOUNTS_RECE_TDAYS":3.63039667405,"INVENTORY_TDAYS":null,"CURRENT_ASSETS_TDAYS":0.497310860764,"TOTAL_ASSETS_TDAYS":0.433420358151,"PREMIUM_EXPENSE":null,"LOAN_DEPOSIT":null,"LOAN_EQUITY":null,"LOAN_ASSETS":null,"DEPOSIT_EQUITY":null,"DEPOSIT_ASSETS":null,"EQUITY_MULTIPLIER":1.328540007312,"EQUITY_RATIO":0.328540007313},{"SECUCODE":"06860.HK","SECURITY_CODE":"06860","SECURITY_NAME_ABBR":"指尖悦动","ORG_CODE":"10921273","STD_REPORT_DATE":"2021-06-30 00:00:00","REPORT_DATE":"2021-06-30 00:00:00","DATE_TYPE_CODE":"002","REPORT_TYPE":"2021年中报","PER_NETCASH_OPERATE":0.024633074573,"PER_OI":0.146007506523,"BPS":0.765755272959,"BASIC_EPS":0.0237,"DILUTED_EPS":0.0237,"OPERATE_INCOME":281997000,"OPERATE_INCOME_YOY":-34.3354655129,"GROSS_PROFIT":163512000,"GROSS_PROFIT_YOY":-39.852124333272,"HOLDER_PROFIT":45015000,"HOLDER_PROFIT_YOY":-48.3843966427,"GROSS_PROFIT_RATIO":57.983595570166,"EPS_TTM":0.044238674072,"OPERATE_INCOME_QOQ":-19.706936600048,"NET_PROFIT_RATIO":15.9629357759,"ROE_AVG":3.10503309897,"GROSS_PROFIT_QOQ":-23.348908180243,"ROA":2.704302824244,"HOLDER_PROFIT_QOQ":-33.059644779417,"ROE_YEARLY":6.21006619794,"ROIC_YEARLY":8.307193616296,"TOTAL_ASSETS":1688556000,"TOTAL_LIABILITIES":219770000,"TAX_EBT":17.659002359655,"OCF_SALES":16.871101465618,"TOTAL_PARENT_EQUITY":1468786000,"DEBT_ASSET_RATIO":13.0152627452,"OPERATE_PROFIT":33611000,"PRETAX_PROFIT":54669000,"NETCASH_OPERATE":47576000,"NETCASH_INVEST":-38941000,"NETCASH_FINANCE":-4860000,"END_CASH":520496000,"DIVI_RATIO":null,"DIVIDEND_RATE":null,"CURRENT_RATIO":7.925367380852,"COMMON_ACS":10000000000,"CURRENTDEBT_DEBT":87.349046730673,"ISSUED_COMMON_SHARES":1918088000,"HK_COMMON_SHARES":1918088000,"PER_SHARES":1000,"TOTAL_MARKET_CAP":187972624,"HKSK_MARKET_CAP":187972624,"PE_TTM":4.658509018705,"PB_TTM":0.217115011829,"REPORT_DATE_SQ":"2020-06-30 00:00:00","REPORT_TYPE_SQ":"2020年中报","OPERATE_INCOME_SQ":429451000,"DPS_HKD":null,"OPERATE_INCOME_QOQ_SQ":-9.102333948857,"NET_PROFIT_RATIO_SQ":20.3077883158,"HOLDER_PROFIT_SQ":87212000,"HOLDER_PROFIT_QOQ_SQ":103.166976648068,"ROE_AVG_SQ":6.249594674244,"PE_TTM_SQ":-1.480672753429,"PB_TTM_SQ":0.185943809228,"ROA_SQ":5.324792044195,"START_DATE":"2021-01-01 00:00:00","FISCAL_YEAR":"12-31","CURRENCY":"HKD","IS_CNY_CODE":0,"DPS_HKD_LY":null,"ORG_TYPE":"一般企业","PREMIUM_INCOME":null,"PREMIUM_INCOME_YOY":null,"NET_INTEREST_INCOME":null,"NET_INTEREST_INCOME_YOY":null,"FEE_COMMISSION_INCOME":null,"FEE_COMMISSION_INCOME_YOY":null,"ACCOUNTS_RECE_TDAYS":1.093935961394,"INVENTORY_TDAYS":null,"CURRENT_ASSETS_TDAYS":0.187193256192,"TOTAL_ASSETS_TDAYS":0.169411370327,"PREMIUM_EXPENSE":null,"LOAN_DEPOSIT":null,"LOAN_EQUITY":null,"LOAN_ASSETS":null,"DEPOSIT_EQUITY":null,"DEPOSIT_ASSETS":null,"EQUITY_MULTIPLIER":1.149626970845,"EQUITY_RATIO":0.149626970845},{"SECUCODE":"06860.HK","SECURITY_CODE":"06860","SECURITY_NAME_ABBR":"指尖悦动","ORG_CODE":"10921273","STD_REPORT_DATE":"2020-12-31 00:00:00","REPORT_DATE":"2020-12-31 00:00:00","DATE_TYPE_CODE":"001","REPORT_TYPE":"2020年年报","PER_NETCASH_OPERATE":-0.040504052269,"PER_OI":0.387407598788,"BPS":0.745899041128,"BASIC_EPS":0.0675,"DILUTED_EPS":0.0673,"OPERATE_INCOME":748234000,"OPERATE_INCOME_YOY":-28.8167003921,"GROSS_PROFIT":463996000,"GROSS_PROFIT_YOY":-30.070532915361,"HOLDER_PROFIT":127639000,"HOLDER_PROFIT_YOY":229.7143004753,"GROSS_PROFIT_RATIO":62.012151278878,"EPS_TTM":0.066086703493,"OPERATE_INCOME_QOQ":-21.688528759476,"NET_PROFIT_RATIO":17.0587008877,"ROE_AVG":9.211529079619,"GROSS_PROFIT_QOQ":-24.767449967491,"ROA":7.840356221796,"HOLDER_PROFIT_QOQ":62.287349014622,"ROE_YEARLY":9.211529079619,"ROIC_YEARLY":13.747810150776,"TOTAL_ASSETS":1640583000,"TOTAL_LIABILITIES":209883000,"TAX_EBT":14.45737914765,"OCF_SALES":-10.455151730608,"TOTAL_PARENT_EQUITY":1430700000,"DEBT_ASSET_RATIO":12.7931960772,"OPERATE_PROFIT":103114000,"PRETAX_PROFIT":149211000,"NETCASH_OPERATE":-78229000,"NETCASH_INVEST":-142296000,"NETCASH_FINANCE":-8003000,"END_CASH":521549000,"DIVI_RATIO":null,"DIVIDEND_RATE":null,"CURRENT_RATIO":7.11750782622,"COMMON_ACS":10000000000,"CURRENTDEBT_DEBT":99.842293087101,"ISSUED_COMMON_SHARES":1918088000,"HK_COMMON_SHARES":1918088000,"PER_SHARES":1000,"TOTAL_MARKET_CAP":226334384,"HKSK_MARKET_CAP":226334384,"PE_TTM":5.609225144972,"PB_TTM":0.261424197917,"REPORT_DATE_SQ":"2019-12-31 00:00:00","REPORT_TYPE_SQ":"2019年年报","OPERATE_INCOME_SQ":1051137000,"DPS_HKD":null,"OPERATE_INCOME_QOQ_SQ":-2.091941475192,"NET_PROFIT_RATIO_SQ":3.6828691217,"HOLDER_PROFIT_SQ":38712000,"HOLDER_PROFIT_QOQ_SQ":-66.560129917247,"ROE_AVG_SQ":2.893143805211,"PE_TTM_SQ":-1.536197981683,"PB_TTM_SQ":0.192916702074,"ROA_SQ":2.391260705605,"START_DATE":"2020-01-01 00:00:00","FISCAL_YEAR":"12-31","CURRENCY":"HKD","IS_CNY_CODE":0,"DPS_HKD_LY":null,"ORG_TYPE":"一般企业","PREMIUM_INCOME":null,"PREMIUM_INCOME_YOY":null,"NET_INTEREST_INCOME":null,"NET_INTEREST_INCOME_YOY":null,"FEE_COMMISSION_INCOME":null,"FEE_COMMISSION_INCOME_YOY":null,"ACCOUNTS_RECE_TDAYS":2.67103370233,"INVENTORY_TDAYS":null,"CURRENT_ASSETS_TDAYS":0.515710109926,"TOTAL_ASSETS_TDAYS":0.45961039316,"PREMIUM_EXPENSE":null,"LOAN_DEPOSIT":null,"LOAN_EQUITY":null,"LOAN_ASSETS":null,"DEPOSIT_EQUITY":null,"DEPOSIT_ASSETS":null,"EQUITY_MULTIPLIER":1.146699517718,"EQUITY_RATIO":0.146699517719},{"SECUCODE":"06860.HK","SECURITY_CODE":"06860","SECURITY_NAME_ABBR":"指尖悦动","ORG_CODE":"10921273","STD_REPORT_DATE":"2020-06-30 00:00:00","REPORT_DATE":"2020-06-30 00:00:00","DATE_TYPE_CODE":"002","REPORT_TYPE":"2020年中报","PER_NETCASH_OPERATE":0.035151940031,"PER_OI":0.222353676399,"BPS":0.756157694537,"BASIC_EPS":0.0463,"DILUTED_EPS":0.046,"OPERATE_INCOME":429451000,"OPERATE_INCOME_YOY":-18.2199040617,"GROSS_PROFIT":271850000,"GROSS_PROFIT_YOY":-14.679195658792,"HOLDER_PROFIT":87212000,"HOLDER_PROFIT_YOY":84.481956255,"GROSS_PROFIT_RATIO":63.301750374315,"EPS_TTM":0.040722030334,"OPERATE_INCOME_QOQ":-9.102333948857,"NET_PROFIT_RATIO":20.3077883158,"ROE_AVG":6.249594674244,"GROSS_PROFIT_QOQ":-7.04892090668,"ROA":5.324792044195,"HOLDER_PROFIT_QOQ":103.166976648068,"ROE_YEARLY":12.499189348487,"ROIC_YEARLY":21.032170935224,"TOTAL_ASSETS":1660330000,"TOTAL_LIABILITIES":209953000,"TAX_EBT":12.310089990448,"OCF_SALES":15.809021285315,"TOTAL_PARENT_EQUITY":1450377000,"DEBT_ASSET_RATIO":12.6452572681,"OPERATE_PROFIT":77935000,"PRETAX_PROFIT":99455000,"NETCASH_OPERATE":67892000,"NETCASH_INVEST":-53376000,"NETCASH_FINANCE":-4161000,"END_CASH":799094000,"DIVI_RATIO":null,"DIVIDEND_RATE":null,"CURRENT_RATIO":7.058494269191,"COMMON_ACS":10000000000,"CURRENTDEBT_DEBT":99.98332960234,"ISSUED_COMMON_SHARES":1918088000,"HK_COMMON_SHARES":1918088000,"PER_SHARES":1000,"TOTAL_MARKET_CAP":187972624,"HKSK_MARKET_CAP":187972624,"PE_TTM":4.658509018705,"PB_TTM":0.217115011829,"REPORT_DATE_SQ":"2019-06-30 00:00:00","REPORT_TYPE_SQ":"2019年中报","OPERATE_INCOME_SQ":525129000,"DPS_HKD":null,"OPERATE_INCOME_QOQ_SQ":-1.135891691093,"NET_PROFIT_RATIO_SQ":9.0023594203,"HOLDER_PROFIT_SQ":47274000,"HOLDER_PROFIT_QOQ_SQ":-25.597866255342,"ROE_AVG_SQ":3.545885972696,"PE_TTM_SQ":-1.480672753429,"PB_TTM_SQ":0.185943809228,"ROA_SQ":2.940957817592,"START_DATE":"2020-01-01 00:00:00","FISCAL_YEAR":"12-31","CURRENCY":"HKD","IS_CNY_CODE":0,"DPS_HKD_LY":null,"ORG_TYPE":"一般企业","PREMIUM_INCOME":null,"PREMIUM_INCOME_YOY":null,"NET_INTEREST_INCOME":null,"NET_INTEREST_INCOME_YOY":null,"FEE_COMMISSION_INCOME":null,"FEE_COMMISSION_INCOME_YOY":null,"ACCOUNTS_RECE_TDAYS":1.473414611971,"INVENTORY_TDAYS":null,"CURRENT_ASSETS_TDAYS":0.296994549407,"TOTAL_ASSETS_TDAYS":0.262204429227,"PREMIUM_EXPENSE":null,"LOAN_DEPOSIT":null,"LOAN_EQUITY":null,"LOAN_ASSETS":null,"DEPOSIT_EQUITY":null,"DEPOSIT_ASSETS":null,"EQUITY_MULTIPLIER":1.144757535454,"EQUITY_RATIO":0.144757535455}],"count":17},"success":true,"message":"ok","code":0}