{"version":"3294590aa5a63911811143cdc6122acb","result":{"pages":4,"data":[{"SECUCODE":"06865.HK","SECURITY_CODE":"06865","SECURITY_NAME_ABBR":"福莱特玻璃","ORG_CODE":"10472811","STD_REPORT_DATE":"2024-09-30 00:00:00","REPORT_DATE":"2024-09-30 00:00:00","DATE_TYPE_CODE":"004","REPORT_TYPE":"2024年三季报","PER_NETCASH_OPERATE":1.287637633396,"PER_OI":6.232881815604,"BPS":9.30517931294,"BASIC_EPS":0.55,"DILUTED_EPS":0.55,"OPERATE_INCOME":14603886927.79,"OPERATE_INCOME_YOY":-8.063502774,"GROSS_PROFIT":2777327313.65,"GROSS_PROFIT_YOY":-17.638897208117,"HOLDER_PROFIT":1295646909.93,"HOLDER_PROFIT_YOY":-34.1833281505,"GROSS_PROFIT_RATIO":19.017726769474,"EPS_TTM":0.890624529431,"OPERATE_INCOME_QOQ":-10.196580244293,"NET_PROFIT_RATIO":8.9118976711,"ROE_AVG":5.822073460268,"GROSS_PROFIT_QOQ":-23.916938933947,"ROA":2.975266632633,"HOLDER_PROFIT_QOQ":-34.242567447872,"ROE_YEARLY":7.762764613691,"ROIC_YEARLY":3.449618332386,"TOTAL_ASSETS":44112509494.84,"TOTAL_LIABILITIES":21737819142.5,"TAX_EBT":10.489127018022,"OCF_SALES":20.658784676009,"TOTAL_PARENT_EQUITY":22293017743.52,"DEBT_ASSET_RATIO":49.2781285659,"OPERATE_PROFIT":1796163655.47,"PRETAX_PROFIT":1453994822.81,"NETCASH_OPERATE":3016985554.74,"NETCASH_INVEST":-4242860171.8,"NETCASH_FINANCE":-135304914,"END_CASH":4102537278.72,"DIVI_RATIO":0.568689046015,"DIVIDEND_RATE":4.413765822785,"CURRENT_RATIO":1.698168928241,"COMMON_ACS":null,"CURRENTDEBT_DEBT":41.913013909647,"ISSUED_COMMON_SHARES":2342920092,"HK_COMMON_SHARES":441715000,"PER_SHARES":1000,"TOTAL_MARKET_CAP":29614509962.88,"HKSK_MARKET_CAP":5583277600,"PE_TTM":12.673368979532,"PB_TTM":1.224976458449,"REPORT_DATE_SQ":"2023-09-30 00:00:00","REPORT_TYPE_SQ":"2023年三季报","OPERATE_INCOME_SQ":15884754551.71,"DPS_HKD":0.5579,"OPERATE_INCOME_QOQ_SQ":12.874302360143,"NET_PROFIT_RATIO_SQ":12.4095934994,"HOLDER_PROFIT_SQ":1968569472.63,"HOLDER_PROFIT_QOQ_SQ":17.331513003394,"ROE_AVG_SQ":10.928126513233,"PE_TTM_SQ":10.825219273074,"PB_TTM_SQ":1.320471119066,"ROA_SQ":5.350224986744,"START_DATE":"2024-01-01 00:00:00","FISCAL_YEAR":"12-31","CURRENCY":"HKD","IS_CNY_CODE":0,"DPS_HKD_LY":0.5579,"ORG_TYPE":"一般企业","PREMIUM_INCOME":null,"PREMIUM_INCOME_YOY":null,"NET_INTEREST_INCOME":null,"NET_INTEREST_INCOME_YOY":null,"FEE_COMMISSION_INCOME":null,"FEE_COMMISSION_INCOME_YOY":null,"ACCOUNTS_RECE_TDAYS":2.063018836929,"INVENTORY_TDAYS":5.673332418829,"CURRENT_ASSETS_TDAYS":0.904126979514,"TOTAL_ASSETS_TDAYS":0.335357242394,"PREMIUM_EXPENSE":null,"LOAN_DEPOSIT":null,"LOAN_EQUITY":null,"LOAN_ASSETS":null,"DEPOSIT_EQUITY":null,"DEPOSIT_ASSETS":null,"EQUITY_MULTIPLIER":1.971536088331,"EQUITY_RATIO":0.975095403978},{"SECUCODE":"06865.HK","SECURITY_CODE":"06865","SECURITY_NAME_ABBR":"福莱特玻璃","ORG_CODE":"10472811","STD_REPORT_DATE":"2024-06-30 00:00:00","REPORT_DATE":"2024-06-30 00:00:00","DATE_TYPE_CODE":"002","REPORT_TYPE":"2024年中报","PER_NETCASH_OPERATE":0.742503058743,"PER_OI":4.548924018635,"BPS":9.378882891607,"BASIC_EPS":0.64,"DILUTED_EPS":0.64,"OPERATE_INCOME":10695995497.44,"OPERATE_INCOME_YOY":10.5138214245,"GROSS_PROFIT":2543888992.21,"GROSS_PROFIT_YOY":37.476213871674,"HOLDER_PROFIT":1498620327.99,"HOLDER_PROFIT_YOY":38.1372401587,"GROSS_PROFIT_RATIO":23.783564538886,"EPS_TTM":1.349636593478,"OPERATE_INCOME_QOQ":3.000663756443,"NET_PROFIT_RATIO":14.026379772,"ROE_AVG":6.708121649986,"GROSS_PROFIT_QOQ":9.227940917529,"ROA":3.418711632284,"HOLDER_PROFIT_QOQ":5.495600902566,"ROE_YEARLY":13.416243299971,"ROIC_YEARLY":7.961347013793,"TOTAL_ASSETS":44689644973.33,"TOTAL_LIABILITIES":22146468953.88,"TAX_EBT":12.369195138894,"OCF_SALES":16.322608504817,"TOTAL_PARENT_EQUITY":22465699338.83,"DEBT_ASSET_RATIO":49.556153259,"OPERATE_PROFIT":1899220530.02,"PRETAX_PROFIT":1712024614.23,"NETCASH_OPERATE":1745865470.74,"NETCASH_INVEST":-2652734367.98,"NETCASH_FINANCE":28877362.09,"END_CASH":4604673954.97,"DIVI_RATIO":0.375277623953,"DIVIDEND_RATE":4.885288966725,"CURRENT_RATIO":1.64841385476,"COMMON_ACS":null,"CURRENTDEBT_DEBT":44.108296104732,"ISSUED_COMMON_SHARES":2342920092,"HK_COMMON_SHARES":441715000,"PER_SHARES":1000,"TOTAL_MARKET_CAP":26756147450.64,"HKSK_MARKET_CAP":5044385300,"PE_TTM":11.450148239419,"PB_TTM":1.106742971162,"REPORT_DATE_SQ":"2023-06-30 00:00:00","REPORT_TYPE_SQ":"2023年中报","OPERATE_INCOME_SQ":9678423349.74,"DPS_HKD":0.5579,"OPERATE_INCOME_QOQ_SQ":2.990665812923,"NET_PROFIT_RATIO_SQ":11.214304336,"HOLDER_PROFIT_SQ":1084877855,"HOLDER_PROFIT_QOQ_SQ":0.336280315901,"ROE_AVG_SQ":7.427757178105,"PE_TTM_SQ":10.693605664891,"PB_TTM_SQ":1.304416758956,"ROA_SQ":3.168674754913,"START_DATE":"2024-01-01 00:00:00","FISCAL_YEAR":"12-31","CURRENCY":"HKD","IS_CNY_CODE":0,"DPS_HKD_LY":0.5579,"ORG_TYPE":"一般企业","PREMIUM_INCOME":null,"PREMIUM_INCOME_YOY":null,"NET_INTEREST_INCOME":null,"NET_INTEREST_INCOME_YOY":null,"FEE_COMMISSION_INCOME":null,"FEE_COMMISSION_INCOME_YOY":null,"ACCOUNTS_RECE_TDAYS":1.462894095434,"INVENTORY_TDAYS":3.941365841839,"CURRENT_ASSETS_TDAYS":0.649513874605,"TOTAL_ASSETS_TDAYS":0.244001255975,"PREMIUM_EXPENSE":null,"LOAN_DEPOSIT":null,"LOAN_EQUITY":null,"LOAN_ASSETS":null,"DEPOSIT_EQUITY":null,"DEPOSIT_ASSETS":null,"EQUITY_MULTIPLIER":1.982402343609,"EQUITY_RATIO":0.985790320607},{"SECUCODE":"06865.HK","SECURITY_CODE":"06865","SECURITY_NAME_ABBR":"福莱特玻璃","ORG_CODE":"10472811","STD_REPORT_DATE":"2024-03-31 00:00:00","REPORT_DATE":"2024-03-31 00:00:00","DATE_TYPE_CODE":"003","REPORT_TYPE":"2024年一季报","PER_NETCASH_OPERATE":0.255592876642,"PER_OI":2.435151823693,"BPS":9.554093010155,"BASIC_EPS":0.32,"DILUTED_EPS":0.32,"OPERATE_INCOME":5725831610.97,"OPERATE_INCOME_YOY":6.7268000123,"GROSS_PROFIT":1229244572.47,"GROSS_PROFIT_YOY":24.060545561184,"HOLDER_PROFIT":759878695.37,"HOLDER_PROFIT_YOY":48.5732798205,"GROSS_PROFIT_RATIO":21.468402425858,"EPS_TTM":1.279329736909,"OPERATE_INCOME_QOQ":1.676704376219,"NET_PROFIT_RATIO":13.2492922545,"ROE_AVG":3.37040219438,"GROSS_PROFIT_QOQ":5.079964835415,"ROA":1.759666133591,"HOLDER_PROFIT_QOQ":9.002032120388,"ROE_YEARLY":13.481608777522,"ROIC_YEARLY":8.248037312209,"TOTAL_ASSETS":43384237163.54,"TOTAL_LIABILITIES":20433444989.13,"TAX_EBT":11.942048157163,"OCF_SALES":10.495972947381,"TOTAL_PARENT_EQUITY":22876202645.9,"DEBT_ASSET_RATIO":47.0987767103,"OPERATE_PROFIT":960714863.04,"PRETAX_PROFIT":861514659.68,"NETCASH_OPERATE":600981736.9,"NETCASH_INVEST":-1319513989.91,"NETCASH_FINANCE":-40834252.93,"END_CASH":4719154245.28,"DIVI_RATIO":0.395901384442,"DIVIDEND_RATE":4.885288966725,"CURRENT_RATIO":1.974467589978,"COMMON_ACS":null,"CURRENTDEBT_DEBT":40.88699917784,"ISSUED_COMMON_SHARES":2342920092,"HK_COMMON_SHARES":441715000,"PER_SHARES":1000,"TOTAL_MARKET_CAP":26756147450.64,"HKSK_MARKET_CAP":5044385300,"PE_TTM":11.450148239419,"PB_TTM":1.106742971162,"REPORT_DATE_SQ":"2023-03-31 00:00:00","REPORT_TYPE_SQ":"2023年一季报","OPERATE_INCOME_SQ":5364942648.25,"DPS_HKD":0.5579,"OPERATE_INCOME_QOQ_SQ":12.004790564434,"NET_PROFIT_RATIO_SQ":9.5331949451,"HOLDER_PROFIT_SQ":511450441.35,"HOLDER_PROFIT_QOQ_SQ":3.520861040031,"ROE_AVG_SQ":3.580582012876,"PE_TTM_SQ":10.693605664891,"PB_TTM_SQ":1.304416758956,"ROA_SQ":1.540752885606,"START_DATE":"2024-01-01 00:00:00","FISCAL_YEAR":"12-31","CURRENCY":"HKD","IS_CNY_CODE":0,"DPS_HKD_LY":0.5579,"ORG_TYPE":"一般企业","PREMIUM_INCOME":null,"PREMIUM_INCOME_YOY":null,"NET_INTEREST_INCOME":null,"NET_INTEREST_INCOME_YOY":null,"FEE_COMMISSION_INCOME":null,"FEE_COMMISSION_INCOME_YOY":null,"ACCOUNTS_RECE_TDAYS":0.751561023194,"INVENTORY_TDAYS":2.548376469211,"CURRENT_ASSETS_TDAYS":0.343595563245,"TOTAL_ASSETS_TDAYS":0.132594215812,"PREMIUM_EXPENSE":null,"LOAN_DEPOSIT":null,"LOAN_EQUITY":null,"LOAN_ASSETS":null,"DEPOSIT_EQUITY":null,"DEPOSIT_ASSETS":null,"EQUITY_MULTIPLIER":1.890315455512,"EQUITY_RATIO":0.893218394041},{"SECUCODE":"06865.HK","SECURITY_CODE":"06865","SECURITY_NAME_ABBR":"福莱特玻璃","ORG_CODE":"10472811","STD_REPORT_DATE":"2023-12-31 00:00:00","REPORT_DATE":"2023-12-31 00:00:00","DATE_TYPE_CODE":"001","REPORT_TYPE":"2023年年报","PER_NETCASH_OPERATE":0.836626808888,"PER_OI":9.153866660342,"BPS":9.27191159791,"BASIC_EPS":1.24,"DILUTED_EPS":1.24,"OPERATE_INCOME":21523708522.42,"OPERATE_INCOME_YOY":39.2143248974,"GROSS_PROFIT":4692987281.88,"GROSS_PROFIT_YOY":37.517297505389,"HOLDER_PROFIT":2759690819.78,"HOLDER_PROFIT_YOY":30.0035925911,"GROSS_PROFIT_RATIO":21.803804288613,"EPS_TTM":1.173675148115,"OPERATE_INCOME_QOQ":6.918875500835,"NET_PROFIT_RATIO":12.8371320242,"ROE_AVG":15.226921442433,"GROSS_PROFIT_QOQ":8.934113603435,"ROA":7.323658646869,"HOLDER_PROFIT_QOQ":6.673074079135,"ROE_YEARLY":15.226921442433,"ROIC_YEARLY":8.395857491462,"TOTAL_ASSETS":42981997983.52,"TOTAL_LIABILITIES":20691087532.36,"TAX_EBT":9.462628878735,"OCF_SALES":9.13960012672,"TOTAL_PARENT_EQUITY":22215074391.42,"DEBT_ASSET_RATIO":48.1389616655,"OPERATE_PROFIT":3534700907.34,"PRETAX_PROFIT":3051808159.77,"NETCASH_OPERATE":1967180891.39,"NETCASH_INVEST":-5825540518.18,"NETCASH_FINANCE":7001958564.39,"END_CASH":5479316299.6,"DIVI_RATIO":0.431540545792,"DIVIDEND_RATE":4.885288966725,"CURRENT_RATIO":1.832662906462,"COMMON_ACS":null,"CURRENTDEBT_DEBT":44.390995731061,"ISSUED_COMMON_SHARES":2342920092,"HK_COMMON_SHARES":441715000,"PER_SHARES":1000,"TOTAL_MARKET_CAP":26756147450.64,"HKSK_MARKET_CAP":5044385300,"PE_TTM":11.450148239419,"PB_TTM":1.106742971162,"REPORT_DATE_SQ":"2022-12-31 00:00:00","REPORT_TYPE_SQ":"2022年年报","OPERATE_INCOME_SQ":15460843227.36,"DPS_HKD":0.5579,"OPERATE_INCOME_QOQ_SQ":13.76062927788,"NET_PROFIT_RATIO_SQ":13.7300430333,"HOLDER_PROFIT_SQ":2122780428.43,"HOLDER_PROFIT_QOQ_SQ":11.294023307727,"ROE_AVG_SQ":16.428525695235,"PE_TTM_SQ":10.693605664891,"PB_TTM_SQ":1.304416758956,"ROA_SQ":8.092232941285,"START_DATE":"2023-01-01 00:00:00","FISCAL_YEAR":"12-31","CURRENCY":"HKD","IS_CNY_CODE":0,"DPS_HKD_LY":0.2594,"ORG_TYPE":"一般企业","PREMIUM_INCOME":null,"PREMIUM_INCOME_YOY":null,"NET_INTEREST_INCOME":null,"NET_INTEREST_INCOME_YOY":null,"FEE_COMMISSION_INCOME":null,"FEE_COMMISSION_INCOME_YOY":null,"ACCOUNTS_RECE_TDAYS":3.215616948171,"INVENTORY_TDAYS":7.654230762484,"CURRENT_ASSETS_TDAYS":1.473506787202,"TOTAL_ASSETS_TDAYS":0.571195486477,"PREMIUM_EXPENSE":null,"LOAN_DEPOSIT":null,"LOAN_EQUITY":null,"LOAN_ASSETS":null,"DEPOSIT_EQUITY":null,"DEPOSIT_ASSETS":null,"EQUITY_MULTIPLIER":1.928229808185,"EQUITY_RATIO":0.931398525514},{"SECUCODE":"06865.HK","SECURITY_CODE":"06865","SECURITY_NAME_ABBR":"福莱特玻璃","ORG_CODE":"10472811","STD_REPORT_DATE":"2023-09-30 00:00:00","REPORT_DATE":"2023-09-30 00:00:00","DATE_TYPE_CODE":"004","REPORT_TYPE":"2023年三季报","PER_NETCASH_OPERATE":-0.008900084994,"PER_OI":6.755664536048,"BPS":9.178033303848,"BASIC_EPS":0.9,"DILUTED_EPS":0.9,"OPERATE_INCOME":15884754551.71,"OPERATE_INCOME_YOY":41.6420119745,"GROSS_PROFIT":3372134684.34,"GROSS_PROFIT_YOY":36.15489394474,"HOLDER_PROFIT":1968569472.63,"HOLDER_PROFIT_YOY":30.863245739,"GROSS_PROFIT_RATIO":21.228749071083,"EPS_TTM":1.100254580968,"OPERATE_INCOME_QOQ":12.874302360143,"NET_PROFIT_RATIO":12.4095934994,"ROE_AVG":10.928126513233,"GROSS_PROFIT_QOQ":19.367928392844,"ROA":5.350224986744,"HOLDER_PROFIT_QOQ":17.331513003394,"ROE_YEARLY":14.570835350978,"ROIC_YEARLY":6.249914310998,"TOTAL_ASSETS":41206564896.16,"TOTAL_LIABILITIES":19136773391.8,"TAX_EBT":10.777197988438,"OCF_SALES":-0.131742553918,"TOTAL_PARENT_EQUITY":21995127508.74,"DEBT_ASSET_RATIO":46.4410790854,"OPERATE_PROFIT":2483744654.81,"PRETAX_PROFIT":2209338222.75,"NETCASH_OPERATE":-20926981.33,"NETCASH_INVEST":-3217251123.13,"NETCASH_FINANCE":7697992926.37,"END_CASH":6805547703.82,"DIVI_RATIO":0.460337473491,"DIVIDEND_RATE":4.885288966725,"CURRENT_RATIO":2.056219600505,"COMMON_ACS":null,"CURRENTDEBT_DEBT":47.371911984099,"ISSUED_COMMON_SHARES":2342920092,"HK_COMMON_SHARES":441715000,"PER_SHARES":1000,"TOTAL_MARKET_CAP":26756147450.64,"HKSK_MARKET_CAP":5044385300,"PE_TTM":11.450148239419,"PB_TTM":1.106742971162,"REPORT_DATE_SQ":"2022-09-30 00:00:00","REPORT_TYPE_SQ":"2022年三季报","OPERATE_INCOME_SQ":11214719651.52,"DPS_HKD":0.5579,"OPERATE_INCOME_QOQ_SQ":13.352991447306,"NET_PROFIT_RATIO_SQ":13.4135779344,"HOLDER_PROFIT_SQ":1504295160.58,"HOLDER_PROFIT_QOQ_SQ":2.456184928055,"ROE_AVG_SQ":11.771418830069,"PE_TTM_SQ":10.693605664891,"PB_TTM_SQ":1.304416758956,"ROA_SQ":6.019365296874,"START_DATE":"2023-01-01 00:00:00","FISCAL_YEAR":"12-31","CURRENCY":"HKD","IS_CNY_CODE":0,"DPS_HKD_LY":0.2594,"ORG_TYPE":"一般企业","PREMIUM_INCOME":null,"PREMIUM_INCOME_YOY":null,"NET_INTEREST_INCOME":null,"NET_INTEREST_INCOME_YOY":null,"FEE_COMMISSION_INCOME":null,"FEE_COMMISSION_INCOME_YOY":null,"ACCOUNTS_RECE_TDAYS":2.13973245969,"INVENTORY_TDAYS":5.997844010542,"CURRENT_ASSETS_TDAYS":1.024100719831,"TOTAL_ASSETS_TDAYS":0.431719641559,"PREMIUM_EXPENSE":null,"LOAN_DEPOSIT":null,"LOAN_EQUITY":null,"LOAN_ASSETS":null,"DEPOSIT_EQUITY":null,"DEPOSIT_ASSETS":null,"EQUITY_MULTIPLIER":1.867102590798,"EQUITY_RATIO":0.870046031067},{"SECUCODE":"06865.HK","SECURITY_CODE":"06865","SECURITY_NAME_ABBR":"福莱特玻璃","ORG_CODE":"10472811","STD_REPORT_DATE":"2023-06-30 00:00:00","REPORT_DATE":"2023-06-30 00:00:00","DATE_TYPE_CODE":"002","REPORT_TYPE":"2023年中报","PER_NETCASH_OPERATE":-0.393754877786,"PER_OI":4.508103926651,"BPS":6.268790723636,"BASIC_EPS":0.51,"DILUTED_EPS":0.51,"OPERATE_INCOME":9678423349.74,"OPERATE_INCOME_YOY":32.499621132,"GROSS_PROFIT":1850421189.65,"GROSS_PROFIT_YOY":11.876697539294,"HOLDER_PROFIT":1084877855,"HOLDER_PROFIT_YOY":8.1904913599,"GROSS_PROFIT_RATIO":19.119035433594,"EPS_TTM":1.027023194057,"OPERATE_INCOME_QOQ":2.990665812923,"NET_PROFIT_RATIO":11.214304336,"ROE_AVG":7.427757178105,"GROSS_PROFIT_QOQ":-1.125943544584,"ROA":3.168674754913,"HOLDER_PROFIT_QOQ":0.336280315901,"ROE_YEARLY":14.85551435621,"ROIC_YEARLY":7.022267475896,"TOTAL_ASSETS":36093456382.76,"TOTAL_LIABILITIES":20913781773.33,"TAX_EBT":8.36502539991,"OCF_SALES":-8.73437889171,"TOTAL_PARENT_EQUITY":15179004615.06,"DEBT_ASSET_RATIO":57.9434165339,"OPERATE_PROFIT":1340990090.73,"PRETAX_PROFIT":1184447154.71,"NETCASH_OPERATE":-845350166.11,"NETCASH_INVEST":-1674050647.66,"NETCASH_FINANCE":3383341796.01,"END_CASH":3217850667.97,"DIVI_RATIO":0.493161612056,"DIVIDEND_RATE":4.885288966725,"CURRENT_RATIO":1.460620563096,"COMMON_ACS":null,"CURRENTDEBT_DEBT":48.215472684711,"ISSUED_COMMON_SHARES":2342920092,"HK_COMMON_SHARES":441715000,"PER_SHARES":1000,"TOTAL_MARKET_CAP":26756147450.64,"HKSK_MARKET_CAP":5044385300,"PE_TTM":11.450148239419,"PB_TTM":1.106742971162,"REPORT_DATE_SQ":"2022-06-30 00:00:00","REPORT_TYPE_SQ":"2022年中报","OPERATE_INCOME_SQ":7304491338.96,"DPS_HKD":0.5579,"OPERATE_INCOME_QOQ_SQ":17.945999936771,"NET_PROFIT_RATIO_SQ":13.7278262135,"HOLDER_PROFIT_SQ":1002747876.79,"HOLDER_PROFIT_QOQ_SQ":8.309541941467,"ROE_AVG_SQ":8.018648548876,"PE_TTM_SQ":10.693605664891,"PB_TTM_SQ":1.304416758956,"ROA_SQ":4.106142739233,"START_DATE":"2023-01-01 00:00:00","FISCAL_YEAR":"12-31","CURRENCY":"HKD","IS_CNY_CODE":0,"DPS_HKD_LY":0.2594,"ORG_TYPE":"一般企业","PREMIUM_INCOME":null,"PREMIUM_INCOME_YOY":null,"NET_INTEREST_INCOME":null,"NET_INTEREST_INCOME_YOY":null,"FEE_COMMISSION_INCOME":null,"FEE_COMMISSION_INCOME_YOY":null,"ACCOUNTS_RECE_TDAYS":1.386603724399,"INVENTORY_TDAYS":3.098993986538,"CURRENT_ASSETS_TDAYS":0.714018653879,"TOTAL_ASSETS_TDAYS":0.282684134387,"PREMIUM_EXPENSE":null,"LOAN_DEPOSIT":null,"LOAN_EQUITY":null,"LOAN_ASSETS":null,"DEPOSIT_EQUITY":null,"DEPOSIT_ASSETS":null,"EQUITY_MULTIPLIER":2.377749017121,"EQUITY_RATIO":1.377809830335},{"SECUCODE":"06865.HK","SECURITY_CODE":"06865","SECURITY_NAME_ABBR":"福莱特玻璃","ORG_CODE":"10472811","STD_REPORT_DATE":"2023-03-31 00:00:00","REPORT_DATE":"2023-03-31 00:00:00","DATE_TYPE_CODE":"003","REPORT_TYPE":"2023年一季报","PER_NETCASH_OPERATE":-0.224002735646,"PER_OI":2.49893205297,"BPS":5.994155889735,"BASIC_EPS":0.24,"DILUTED_EPS":0.24,"OPERATE_INCOME":5364942648.25,"OPERATE_INCOME_YOY":52.8952499685,"GROSS_PROFIT":990842468.82,"GROSS_PROFIT_YOY":31.532730787054,"HOLDER_PROFIT":511450441.35,"HOLDER_PROFIT_YOY":17.114354846,"GROSS_PROFIT_RATIO":18.468836179324,"EPS_TTM":1.023581232498,"OPERATE_INCOME_QOQ":12.004790564434,"NET_PROFIT_RATIO":9.5331949451,"ROE_AVG":3.580582012876,"GROSS_PROFIT_QOQ":6.960497963896,"ROA":1.540752885606,"HOLDER_PROFIT_QOQ":3.520861040031,"ROE_YEARLY":14.322328051504,"ROIC_YEARLY":6.800015383262,"TOTAL_ASSETS":34007955599.71,"TOTAL_LIABILITIES":19472396856.82,"TAX_EBT":8.733198202211,"OCF_SALES":-8.963938630488,"TOTAL_PARENT_EQUITY":14535558742.89,"DEBT_ASSET_RATIO":57.2583576797,"OPERATE_PROFIT":686999711.9,"PRETAX_PROFIT":560390450.06,"NETCASH_OPERATE":-480910166.55,"NETCASH_INVEST":-742626098.12,"NETCASH_FINANCE":1243870492.1,"END_CASH":2395134873.36,"DIVI_RATIO":0.494819949721,"DIVIDEND_RATE":4.885288966725,"CURRENT_RATIO":1.269488988181,"COMMON_ACS":null,"CURRENTDEBT_DEBT":54.403462900817,"ISSUED_COMMON_SHARES":2342920092,"HK_COMMON_SHARES":441715000,"PER_SHARES":1000,"TOTAL_MARKET_CAP":26756147450.64,"HKSK_MARKET_CAP":5044385300,"PE_TTM":11.450148239419,"PB_TTM":1.106742971162,"REPORT_DATE_SQ":"2022-03-31 00:00:00","REPORT_TYPE_SQ":"2022年一季报","OPERATE_INCOME_SQ":3508900799.31,"DPS_HKD":0.5579,"OPERATE_INCOME_QOQ_SQ":16.666429427286,"NET_PROFIT_RATIO_SQ":12.4457862236,"HOLDER_PROFIT_SQ":436710292.28,"HOLDER_PROFIT_QOQ_SQ":-18.920885182243,"ROE_AVG_SQ":3.630585109003,"PE_TTM_SQ":10.693605664891,"PB_TTM_SQ":1.304416758956,"ROA_SQ":2.008724716923,"START_DATE":"2023-01-01 00:00:00","FISCAL_YEAR":"12-31","CURRENCY":"HKD","IS_CNY_CODE":0,"DPS_HKD_LY":0.2594,"ORG_TYPE":"一般企业","PREMIUM_INCOME":null,"PREMIUM_INCOME_YOY":null,"NET_INTEREST_INCOME":null,"NET_INTEREST_INCOME_YOY":null,"FEE_COMMISSION_INCOME":null,"FEE_COMMISSION_INCOME_YOY":null,"ACCOUNTS_RECE_TDAYS":0.804975343705,"INVENTORY_TDAYS":1.968717558626,"CURRENT_ASSETS_TDAYS":0.41540681031,"TOTAL_ASSETS_TDAYS":0.161619781666,"PREMIUM_EXPENSE":null,"LOAN_DEPOSIT":null,"LOAN_EQUITY":null,"LOAN_ASSETS":null,"DEPOSIT_EQUITY":null,"DEPOSIT_ASSETS":null,"EQUITY_MULTIPLIER":2.339638688907,"EQUITY_RATIO":1.339638688905},{"SECUCODE":"06865.HK","SECURITY_CODE":"06865","SECURITY_NAME_ABBR":"福莱特玻璃","ORG_CODE":"10472811","STD_REPORT_DATE":"2022-12-31 00:00:00","REPORT_DATE":"2022-12-31 00:00:00","DATE_TYPE_CODE":"001","REPORT_TYPE":"2022年年报","PER_NETCASH_OPERATE":0.082397011901,"PER_OI":7.201493629871,"BPS":5.779418461067,"BASIC_EPS":0.99,"DILUTED_EPS":0.99,"OPERATE_INCOME":15460843227.36,"OPERATE_INCOME_YOY":77.4410483804,"GROSS_PROFIT":3412652347.75,"GROSS_PROFIT_YOY":10.340549544142,"HOLDER_PROFIT":2122780428.43,"HOLDER_PROFIT_YOY":0.1349627773,"GROSS_PROFIT_RATIO":22.072873371556,"EPS_TTM":0.988768174423,"OPERATE_INCOME_QOQ":13.76062927788,"NET_PROFIT_RATIO":13.7300430333,"ROE_AVG":16.428525695235,"GROSS_PROFIT_QOQ":9.265994114258,"ROA":8.092232941285,"HOLDER_PROFIT_QOQ":11.294023307727,"ROE_YEARLY":16.428525695235,"ROIC_YEARLY":9.093120948014,"TOTAL_ASSETS":32381722606.05,"TOTAL_LIABILITIES":18349275392.88,"TAX_EBT":1.397913227518,"OCF_SALES":1.144165587534,"TOTAL_PARENT_EQUITY":14032447213.17,"DEBT_ASSET_RATIO":56.6655320228,"OPERATE_PROFIT":2393310383.98,"PRETAX_PROFIT":2152875763.5,"NETCASH_OPERATE":176897647.75,"NETCASH_INVEST":-7869015166.26,"NETCASH_FINANCE":7853749122.14,"END_CASH":2319081464.51,"DIVI_RATIO":0.51224182483,"DIVIDEND_RATE":4.885288966725,"CURRENT_RATIO":1.175430166013,"COMMON_ACS":null,"CURRENTDEBT_DEBT":57.4050688463,"ISSUED_COMMON_SHARES":2342920092,"HK_COMMON_SHARES":441715000,"PER_SHARES":1000,"TOTAL_MARKET_CAP":26756147450.64,"HKSK_MARKET_CAP":5044385300,"PE_TTM":11.450148239419,"PB_TTM":1.106742971162,"REPORT_DATE_SQ":"2021-12-31 00:00:00","REPORT_TYPE_SQ":"2021年年报","OPERATE_INCOME_SQ":8713228065.59,"DPS_HKD":0.5579,"OPERATE_INCOME_QOQ_SQ":1.539582403435,"NET_PROFIT_RATIO_SQ":24.329895998,"HOLDER_PROFIT_SQ":2119919326.43,"HOLDER_PROFIT_QOQ_SQ":-16.337770425675,"ROE_AVG_SQ":22.262317183891,"PE_TTM_SQ":10.693605664891,"PB_TTM_SQ":1.304416758956,"ROA_SQ":13.106666921397,"START_DATE":"2022-01-01 00:00:00","FISCAL_YEAR":"12-31","CURRENCY":"HKD","IS_CNY_CODE":0,"DPS_HKD_LY":0.2539,"ORG_TYPE":"一般企业","PREMIUM_INCOME":null,"PREMIUM_INCOME_YOY":null,"NET_INTEREST_INCOME":null,"NET_INTEREST_INCOME_YOY":null,"FEE_COMMISSION_INCOME":null,"FEE_COMMISSION_INCOME_YOY":null,"ACCOUNTS_RECE_TDAYS":3.563073756347,"INVENTORY_TDAYS":5.156747862519,"CURRENT_ASSETS_TDAYS":1.45311441181,"TOTAL_ASSETS_TDAYS":0.589381469646,"PREMIUM_EXPENSE":null,"LOAN_DEPOSIT":null,"LOAN_EQUITY":null,"LOAN_ASSETS":null,"DEPOSIT_EQUITY":null,"DEPOSIT_ASSETS":null,"EQUITY_MULTIPLIER":2.307631884453,"EQUITY_RATIO":1.307631884456},{"SECUCODE":"06865.HK","SECURITY_CODE":"06865","SECURITY_NAME_ABBR":"福莱特玻璃","ORG_CODE":"10472811","STD_REPORT_DATE":"2022-09-30 00:00:00","REPORT_DATE":"2022-09-30 00:00:00","DATE_TYPE_CODE":"004","REPORT_TYPE":"2022年三季报","PER_NETCASH_OPERATE":0.49950732605,"PER_OI":5.223696907438,"BPS":5.725773473571,"BASIC_EPS":0.7,"DILUTED_EPS":0.69,"OPERATE_INCOME":11214719651.52,"OPERATE_INCOME_YOY":76.9645904834,"GROSS_PROFIT":2476690030.48,"GROSS_PROFIT_YOY":1.243356259714,"HOLDER_PROFIT":1504295160.58,"HOLDER_PROFIT_YOY":-12.3806162136,"GROSS_PROFIT_RATIO":22.08427947768,"EPS_TTM":0.888429111837,"OPERATE_INCOME_QOQ":13.352991447306,"NET_PROFIT_RATIO":13.4135779344,"ROE_AVG":11.771418830069,"GROSS_PROFIT_QOQ":5.372599514863,"ROA":6.019365296874,"HOLDER_PROFIT_QOQ":2.456184928055,"ROE_YEARLY":15.695225106759,"ROIC_YEARLY":6.838166450102,"TOTAL_ASSETS":29898936014.85,"TOTAL_LIABILITIES":16150671014.47,"TAX_EBT":8.834930517556,"OCF_SALES":9.562333628863,"TOTAL_PARENT_EQUITY":13748265000.38,"DEBT_ASSET_RATIO":54.0175443248,"OPERATE_PROFIT":1745513136.7,"PRETAX_PROFIT":1650078444.65,"NETCASH_OPERATE":1072388908.62,"NETCASH_INVEST":-7220017387.29,"NETCASH_FINANCE":6338363521.51,"END_CASH":2360037681.71,"DIVI_RATIO":0.570094346585,"DIVIDEND_RATE":4.885288966725,"CURRENT_RATIO":1.26597685611,"COMMON_ACS":null,"CURRENTDEBT_DEBT":57.225197968057,"ISSUED_COMMON_SHARES":2342920092,"HK_COMMON_SHARES":441715000,"PER_SHARES":1000,"TOTAL_MARKET_CAP":26756147450.64,"HKSK_MARKET_CAP":5044385300,"PE_TTM":11.450148239419,"PB_TTM":1.106742971162,"REPORT_DATE_SQ":"2021-09-30 00:00:00","REPORT_TYPE_SQ":"2021年三季报","OPERATE_INCOME_SQ":6337267597.37,"DPS_HKD":0.5579,"OPERATE_INCOME_QOQ_SQ":10.12390153496,"NET_PROFIT_RATIO_SQ":27.0913606499,"HOLDER_PROFIT_SQ":1716852020.15,"HOLDER_PROFIT_QOQ_SQ":4.318427949301,"ROE_AVG_SQ":18.433761280068,"PE_TTM_SQ":10.693605664891,"PB_TTM_SQ":1.304416758956,"ROA_SQ":11.344970628112,"START_DATE":"2022-01-01 00:00:00","FISCAL_YEAR":"12-31","CURRENCY":"HKD","IS_CNY_CODE":0,"DPS_HKD_LY":0.2539,"ORG_TYPE":"一般企业","PREMIUM_INCOME":null,"PREMIUM_INCOME_YOY":null,"NET_INTEREST_INCOME":null,"NET_INTEREST_INCOME_YOY":null,"FEE_COMMISSION_INCOME":null,"FEE_COMMISSION_INCOME_YOY":null,"ACCOUNTS_RECE_TDAYS":2.772414420167,"INVENTORY_TDAYS":4.351464837996,"CURRENT_ASSETS_TDAYS":1.088872145453,"TOTAL_ASSETS_TDAYS":0.448751654951,"PREMIUM_EXPENSE":null,"LOAN_DEPOSIT":null,"LOAN_EQUITY":null,"LOAN_ASSETS":null,"DEPOSIT_EQUITY":null,"DEPOSIT_ASSETS":null,"EQUITY_MULTIPLIER":2.174742486707,"EQUITY_RATIO":1.174742486708}],"count":36},"success":true,"message":"ok","code":0}