{"version":"f6cbca96d4a907e326650bed0a689cff","result":{"pages":5,"data":[{"SECUCODE":"06877.HK","SECURITY_CODE":"06877","SECURITY_NAME_ABBR":"CLSA PREMIUM","ORG_CODE":"10312570","STD_REPORT_DATE":"2024-06-30 00:00:00","REPORT_DATE":"2024-06-30 00:00:00","DATE_TYPE_CODE":"002","REPORT_TYPE":"2024年中报","PER_NETCASH_OPERATE":-0.001292292649,"PER_OI":0.024912655194,"BPS":0.11024481706,"BASIC_EPS":0.002829308,"DILUTED_EPS":0.002829308,"OPERATE_INCOME":50654652.68,"OPERATE_INCOME_YOY":-60.8858663096,"GROSS_PROFIT":null,"GROSS_PROFIT_YOY":null,"HOLDER_PROFIT":5713376.8,"HOLDER_PROFIT_YOY":12.7115592366,"GROSS_PROFIT_RATIO":null,"EPS_TTM":0.004677993361,"OPERATE_INCOME_QOQ":-44.303243206747,"NET_PROFIT_RATIO":11.2790760527,"ROE_AVG":2.57893880376,"GROSS_PROFIT_QOQ":null,"ROA":2.436404396426,"HOLDER_PROFIT_QOQ":6.645349639441,"ROE_YEARLY":5.157877607519,"ROIC_YEARLY":38.35490541472,"TOTAL_ASSETS":239210689.96,"TOTAL_LIABILITIES":15051005.88,"TAX_EBT":15.814954276493,"OCF_SALES":-5.187293922632,"TOTAL_PARENT_EQUITY":224159684.08,"DEBT_ASSET_RATIO":6.2919453485,"OPERATE_PROFIT":6786688.48,"PRETAX_PROFIT":6786688.48,"NETCASH_OPERATE":-2627605.72,"NETCASH_INVEST":4393641.52,"NETCASH_FINANCE":null,"END_CASH":204303418,"DIVI_RATIO":null,"DIVIDEND_RATE":null,"CURRENT_RATIO":15.881571766418,"COMMON_ACS":4000000000,"CURRENTDEBT_DEBT":100,"ISSUED_COMMON_SHARES":2033290000,"HK_COMMON_SHARES":2033290000,"PER_SHARES":5000,"TOTAL_MARKET_CAP":402591420,"HKSK_MARKET_CAP":402591420,"PE_TTM":38.167559726962,"PB_TTM":1.639175834467,"REPORT_DATE_SQ":"2023-06-30 00:00:00","REPORT_TYPE_SQ":"2023年中报","OPERATE_INCOME_SQ":130824352.1,"DPS_HKD":null,"OPERATE_INCOME_QOQ_SQ":323.927090082088,"NET_PROFIT_RATIO_SQ":3.8837802874,"HOLDER_PROFIT_SQ":5120676.92,"HOLDER_PROFIT_QOQ_SQ":72.400159569281,"ROE_AVG_SQ":2.380248310384,"PE_TTM_SQ":-17.784618268149,"PB_TTM_SQ":0.603416654655,"ROA_SQ":2.00852374951,"START_DATE":"2024-01-01 00:00:00","FISCAL_YEAR":"12-31","CURRENCY":"HKD","IS_CNY_CODE":0,"DPS_HKD_LY":null,"ORG_TYPE":"证券","PREMIUM_INCOME":null,"PREMIUM_INCOME_YOY":null,"NET_INTEREST_INCOME":null,"NET_INTEREST_INCOME_YOY":null,"FEE_COMMISSION_INCOME":null,"FEE_COMMISSION_INCOME_YOY":null,"ACCOUNTS_RECE_TDAYS":2.822467453214,"INVENTORY_TDAYS":null,"CURRENT_ASSETS_TDAYS":0.216255917707,"TOTAL_ASSETS_TDAYS":0.216010991064,"PREMIUM_EXPENSE":null,"LOAN_DEPOSIT":null,"LOAN_EQUITY":null,"LOAN_ASSETS":null,"DEPOSIT_EQUITY":null,"DEPOSIT_ASSETS":null,"EQUITY_MULTIPLIER":1.067144125144,"EQUITY_RATIO":0.067144125144},{"SECUCODE":"06877.HK","SECURITY_CODE":"06877","SECURITY_NAME_ABBR":"CLSA PREMIUM","ORG_CODE":"10312570","STD_REPORT_DATE":"2023-12-31 00:00:00","REPORT_DATE":"2023-12-31 00:00:00","DATE_TYPE_CODE":"001","REPORT_TYPE":"2023年年报","PER_NETCASH_OPERATE":0.000812495542,"PER_OI":0.088997008917,"BPS":0.106905783386,"BASIC_EPS":0.004349856,"DILUTED_EPS":0.004349856,"OPERATE_INCOME":180956728.26,"OPERATE_INCOME_YOY":410.371884984,"GROSS_PROFIT":null,"GROSS_PROFIT_YOY":null,"HOLDER_PROFIT":8919017.24,"HOLDER_PROFIT_YOY":131.6952209197,"GROSS_PROFIT_RATIO":null,"EPS_TTM":0.004386495404,"OPERATE_INCOME_QOQ":11.024407394516,"NET_PROFIT_RATIO":4.9288121673,"ROE_AVG":4.18216778388,"GROSS_PROFIT_QOQ":null,"ROA":3.671805777069,"HOLDER_PROFIT_QOQ":216.503267524998,"ROE_YEARLY":4.18216778388,"ROIC_YEARLY":20.400887175342,"TOTAL_ASSETS":228163540.5,"TOTAL_LIABILITIES":10793080.2,"TAX_EBT":11.972555746141,"OCF_SALES":0.912947021028,"TOTAL_PARENT_EQUITY":217370460.3,"DEBT_ASSET_RATIO":4.7304140602,"OPERATE_PROFIT":13208156.5,"PRETAX_PROFIT":13208156.5,"NETCASH_OPERATE":1652039.06,"NETCASH_INVEST":8735054.58,"NETCASH_FINANCE":-906.22,"END_CASH":201530640.92,"DIVI_RATIO":null,"DIVIDEND_RATE":null,"CURRENT_RATIO":21.107220822838,"COMMON_ACS":4000000000,"CURRENTDEBT_DEBT":100,"ISSUED_COMMON_SHARES":2033290000,"HK_COMMON_SHARES":2033290000,"PER_SHARES":5000,"TOTAL_MARKET_CAP":213495450,"HKSK_MARKET_CAP":213495450,"PE_TTM":20.24037258248,"PB_TTM":0.869259912217,"REPORT_DATE_SQ":"2022-12-31 00:00:00","REPORT_TYPE_SQ":"2022年年报","OPERATE_INCOME_SQ":34949188.75,"DPS_HKD":null,"OPERATE_INCOME_QOQ_SQ":254.102587458651,"NET_PROFIT_RATIO_SQ":-72.1451639135,"HOLDER_PROFIT_SQ":-27737820.04,"HOLDER_PROFIT_QOQ_SQ":23.468570409062,"ROE_AVG_SQ":-12.431814587725,"PE_TTM_SQ":-17.784618268149,"PB_TTM_SQ":0.603416654655,"ROA_SQ":-10.099426597672,"START_DATE":"2023-01-01 00:00:00","FISCAL_YEAR":"12-31","CURRENCY":"HKD","IS_CNY_CODE":0,"DPS_HKD_LY":null,"ORG_TYPE":"证券","PREMIUM_INCOME":null,"PREMIUM_INCOME_YOY":null,"NET_INTEREST_INCOME":null,"NET_INTEREST_INCOME_YOY":null,"FEE_COMMISSION_INCOME":null,"FEE_COMMISSION_INCOME_YOY":null,"ACCOUNTS_RECE_TDAYS":12.895253471101,"INVENTORY_TDAYS":null,"CURRENT_ASSETS_TDAYS":0.746685064279,"TOTAL_ASSETS_TDAYS":0.744967682364,"PREMIUM_EXPENSE":null,"LOAN_DEPOSIT":null,"LOAN_EQUITY":null,"LOAN_ASSETS":null,"DEPOSIT_EQUITY":null,"DEPOSIT_ASSETS":null,"EQUITY_MULTIPLIER":1.049652929773,"EQUITY_RATIO":0.049652929773},{"SECUCODE":"06877.HK","SECURITY_CODE":"06877","SECURITY_NAME_ABBR":"CLSA PREMIUM","ORG_CODE":"10312570","STD_REPORT_DATE":"2023-06-30 00:00:00","REPORT_DATE":"2023-06-30 00:00:00","DATE_TYPE_CODE":"002","REPORT_TYPE":"2023年中报","PER_NETCASH_OPERATE":-0.001202529378,"PER_OI":0.064341216501,"BPS":0.106955284549,"BASIC_EPS":0.002489346,"DILUTED_EPS":0.002489346,"OPERATE_INCOME":130824352.1,"OPERATE_INCOME_YOY":1573.747659176,"GROSS_PROFIT":null,"GROSS_PROFIT_YOY":null,"HOLDER_PROFIT":5120676.92,"HOLDER_PROFIT_YOY":131.7462132038,"GROSS_PROFIT_RATIO":null,"EPS_TTM":-0.003765126504,"OPERATE_INCOME_QOQ":323.927090082088,"NET_PROFIT_RATIO":3.8837802874,"ROE_AVG":2.380248310384,"GROSS_PROFIT_QOQ":null,"ROA":2.00852374951,"HOLDER_PROFIT_QOQ":72.400159569281,"ROE_YEARLY":4.760496620767,"ROIC_YEARLY":18.304509388724,"TOTAL_ASSETS":247766451.34,"TOTAL_LIABILITIES":30295340.82,"TAX_EBT":15.83292860612,"OCF_SALES":-1.854480612566,"TOTAL_PARENT_EQUITY":217471110.52,"DEBT_ASSET_RATIO":12.2273781039,"OPERATE_PROFIT":7593427.28,"PRETAX_PROFIT":7593427.28,"NETCASH_OPERATE":-2445090.96,"NETCASH_INVEST":4317632.34,"NETCASH_FINANCE":-921.98,"END_CASH":196685993.4,"DIVI_RATIO":null,"DIVIDEND_RATE":null,"CURRENT_RATIO":8.159895310265,"COMMON_ACS":4000000000,"CURRENTDEBT_DEBT":100,"ISSUED_COMMON_SHARES":2033290000,"HK_COMMON_SHARES":2033290000,"PER_SHARES":5000,"TOTAL_MARKET_CAP":213495450,"HKSK_MARKET_CAP":213495450,"PE_TTM":20.24037258248,"PB_TTM":0.869259912217,"REPORT_DATE_SQ":"2022-06-30 00:00:00","REPORT_TYPE_SQ":"2022年中报","OPERATE_INCOME_SQ":7306743.36,"DPS_HKD":null,"OPERATE_INCOME_QOQ_SQ":62.346083145135,"NET_PROFIT_RATIO_SQ":-204.0233236152,"HOLDER_PROFIT_SQ":-14961549.05,"HOLDER_PROFIT_QOQ_SQ":21.599207771602,"ROE_AVG_SQ":-6.803699937194,"PE_TTM_SQ":-17.784618268149,"PB_TTM_SQ":0.603416654655,"ROA_SQ":-5.692059422563,"START_DATE":"2023-01-01 00:00:00","FISCAL_YEAR":"12-31","CURRENCY":"HKD","IS_CNY_CODE":0,"DPS_HKD_LY":null,"ORG_TYPE":"证券","PREMIUM_INCOME":null,"PREMIUM_INCOME_YOY":null,"NET_INTEREST_INCOME":null,"NET_INTEREST_INCOME_YOY":null,"FEE_COMMISSION_INCOME":null,"FEE_COMMISSION_INCOME_YOY":null,"ACCOUNTS_RECE_TDAYS":5.131733603371,"INVENTORY_TDAYS":null,"CURRENT_ASSETS_TDAYS":0.518518249935,"TOTAL_ASSETS_TDAYS":0.517156893768,"PREMIUM_EXPENSE":null,"LOAN_DEPOSIT":null,"LOAN_EQUITY":null,"LOAN_ASSETS":null,"DEPOSIT_EQUITY":null,"DEPOSIT_ASSETS":null,"EQUITY_MULTIPLIER":1.139307426846,"EQUITY_RATIO":0.139307426847},{"SECUCODE":"06877.HK","SECURITY_CODE":"06877","SECURITY_NAME_ABBR":"CLSA PREMIUM","ORG_CODE":"10312570","STD_REPORT_DATE":"2022-12-31 00:00:00","REPORT_DATE":"2022-12-31 00:00:00","DATE_TYPE_CODE":"001","REPORT_TYPE":"2022年年报","PER_NETCASH_OPERATE":-0.007376663717,"PER_OI":0.017188491927,"BPS":0.101395627776,"BASIC_EPS":-0.013667031,"DILUTED_EPS":-0.013667031,"OPERATE_INCOME":34949188.75,"OPERATE_INCOME_YOY":376.6973086721,"GROSS_PROFIT":null,"GROSS_PROFIT_YOY":null,"HOLDER_PROFIT":-27737820.04,"HOLDER_PROFIT_YOY":45.0815323123,"GROSS_PROFIT_RATIO":null,"EPS_TTM":-0.013641841567,"OPERATE_INCOME_QOQ":254.102587458651,"NET_PROFIT_RATIO":-72.1451639135,"ROE_AVG":-12.431814587725,"GROSS_PROFIT_QOQ":null,"ROA":-10.099426597672,"HOLDER_PROFIT_QOQ":23.468570409062,"ROE_YEARLY":-12.431814587725,"ROIC_YEARLY":-49.600268351317,"TOTAL_ASSETS":253965593.7,"TOTAL_LIABILITIES":47798877.7,"TAX_EBT":-0.888197051552,"OCF_SALES":-39.011640064125,"TOTAL_PARENT_EQUITY":206166716,"DEBT_ASSET_RATIO":18.8210052408,"OPERATE_PROFIT":-9634810.22,"PRETAX_PROFIT":-9755401.67,"NETCASH_OPERATE":-14998896.57,"NETCASH_INVEST":1586447.52,"NETCASH_FINANCE":-1893732.4,"END_CASH":189186546.57,"DIVI_RATIO":null,"DIVIDEND_RATE":null,"CURRENT_RATIO":5.297421042796,"COMMON_ACS":4000000000,"CURRENTDEBT_DEBT":100,"ISSUED_COMMON_SHARES":2033290000,"HK_COMMON_SHARES":2033290000,"PER_SHARES":5000,"TOTAL_MARKET_CAP":213495450,"HKSK_MARKET_CAP":213495450,"PE_TTM":20.24037258248,"PB_TTM":0.869259912217,"REPORT_DATE_SQ":"2021-12-31 00:00:00","REPORT_TYPE_SQ":"2021年年报","OPERATE_INCOME_SQ":7382110.4,"DPS_HKD":null,"OPERATE_INCOME_QOQ_SQ":-6.636592561062,"NET_PROFIT_RATIO_SQ":-691.2224938875,"HOLDER_PROFIT_SQ":-46228739.2,"HOLDER_PROFIT_QOQ_SQ":29.819879543691,"ROE_AVG_SQ":-18.790554541029,"PE_TTM_SQ":-17.784618268149,"PB_TTM_SQ":0.603416654655,"ROA_SQ":-14.858905830351,"START_DATE":"2022-01-01 00:00:00","FISCAL_YEAR":"12-31","CURRENCY":"HKD","IS_CNY_CODE":0,"DPS_HKD_LY":null,"ORG_TYPE":"证券","PREMIUM_INCOME":null,"PREMIUM_INCOME_YOY":null,"NET_INTEREST_INCOME":null,"NET_INTEREST_INCOME_YOY":null,"FEE_COMMISSION_INCOME":null,"FEE_COMMISSION_INCOME_YOY":null,"ACCOUNTS_RECE_TDAYS":2.174698460341,"INVENTORY_TDAYS":null,"CURRENT_ASSETS_TDAYS":0.142938744334,"TOTAL_ASSETS_TDAYS":0.139987575741,"PREMIUM_EXPENSE":null,"LOAN_DEPOSIT":null,"LOAN_EQUITY":null,"LOAN_ASSETS":null,"DEPOSIT_EQUITY":null,"DEPOSIT_ASSETS":null,"EQUITY_MULTIPLIER":1.2318457539,"EQUITY_RATIO":0.231845753899},{"SECUCODE":"06877.HK","SECURITY_CODE":"06877","SECURITY_NAME_ABBR":"CLSA PREMIUM","ORG_CODE":"10312570","STD_REPORT_DATE":"2022-06-30 00:00:00","REPORT_DATE":"2022-06-30 00:00:00","DATE_TYPE_CODE":"002","REPORT_TYPE":"2022年中报","PER_NETCASH_OPERATE":-0.003172542121,"PER_OI":0.003593556925,"BPS":0.103265131477,"BASIC_EPS":-0.007354634,"DILUTED_EPS":-0.007354634,"OPERATE_INCOME":7306743.36,"OPERATE_INCOME_YOY":125.5391899001,"GROSS_PROFIT":null,"GROSS_PROFIT_YOY":null,"HOLDER_PROFIT":-14961549.05,"HOLDER_PROFIT_YOY":41.6463760382,"GROSS_PROFIT_RATIO":null,"EPS_TTM":-0.017825149275,"OPERATE_INCOME_QOQ":62.346083145135,"NET_PROFIT_RATIO":-204.0233236152,"ROE_AVG":-6.803699937194,"GROSS_PROFIT_QOQ":null,"ROA":-5.692059422563,"HOLDER_PROFIT_QOQ":21.599207771602,"ROE_YEARLY":-13.607399874387,"ROIC_YEARLY":-73.107540586281,"TOTAL_ASSETS":242959479,"TOTAL_LIABILITIES":32991519.82,"TAX_EBT":-1.330023053733,"OCF_SALES":-87.96501457726,"TOTAL_PARENT_EQUITY":209967959.18,"DEBT_ASSET_RATIO":13.5790214713,"OPERATE_PROFIT":-14325287.69,"PRETAX_PROFIT":-14467249.23,"NETCASH_OPERATE":-6450698.17,"NETCASH_INVEST":147947.87,"NETCASH_FINANCE":-1316992.6,"END_CASH":189233022.44,"DIVI_RATIO":null,"DIVIDEND_RATE":null,"CURRENT_RATIO":7.302555860853,"COMMON_ACS":4000000000,"CURRENTDEBT_DEBT":100,"ISSUED_COMMON_SHARES":2033290000,"HK_COMMON_SHARES":2033290000,"PER_SHARES":5000,"TOTAL_MARKET_CAP":213495450,"HKSK_MARKET_CAP":213495450,"PE_TTM":20.24037258248,"PB_TTM":0.869259912217,"REPORT_DATE_SQ":"2021-06-30 00:00:00","REPORT_TYPE_SQ":"2021年中报","OPERATE_INCOME_SQ":3163568.16,"DPS_HKD":null,"OPERATE_INCOME_QOQ_SQ":-28.229981836024,"NET_PROFIT_RATIO_SQ":-788.5586533403,"HOLDER_PROFIT_SQ":-24946590.48,"HOLDER_PROFIT_QOQ_SQ":-9.254729038509,"ROE_AVG_SQ":-9.515919907701,"PE_TTM_SQ":-17.784618268149,"PB_TTM_SQ":0.603416654655,"ROA_SQ":-7.329744372078,"START_DATE":"2022-01-01 00:00:00","FISCAL_YEAR":"12-31","CURRENCY":"HKD","IS_CNY_CODE":0,"DPS_HKD_LY":null,"ORG_TYPE":"证券","PREMIUM_INCOME":null,"PREMIUM_INCOME_YOY":null,"NET_INTEREST_INCOME":null,"NET_INTEREST_INCOME_YOY":null,"FEE_COMMISSION_INCOME":null,"FEE_COMMISSION_INCOME_YOY":null,"ACCOUNTS_RECE_TDAYS":0.753439153439,"INVENTORY_TDAYS":null,"CURRENT_ASSETS_TDAYS":0.028560342258,"TOTAL_ASSETS_TDAYS":0.027899062331,"PREMIUM_EXPENSE":null,"LOAN_DEPOSIT":null,"LOAN_EQUITY":null,"LOAN_ASSETS":null,"DEPOSIT_EQUITY":null,"DEPOSIT_ASSETS":null,"EQUITY_MULTIPLIER":1.157126448953,"EQUITY_RATIO":0.157126448954},{"SECUCODE":"06877.HK","SECURITY_CODE":"06877","SECURITY_NAME_ABBR":"CLSA PREMIUM","ORG_CODE":"10312570","STD_REPORT_DATE":"2021-12-31 00:00:00","REPORT_DATE":"2021-12-31 00:00:00","DATE_TYPE_CODE":"001","REPORT_TYPE":"2021年年报","PER_NETCASH_OPERATE":-0.015787522291,"PER_OI":0.003630623472,"BPS":0.108069052226,"BASIC_EPS":-0.02272928,"DILUTED_EPS":-0.02272928,"OPERATE_INCOME":7382110.4,"OPERATE_INCOME_YOY":-31.0344827586,"GROSS_PROFIT":null,"GROSS_PROFIT_YOY":null,"HOLDER_PROFIT":-46228739.2,"HOLDER_PROFIT_YOY":21.0704115249,"GROSS_PROFIT_RATIO":null,"EPS_TTM":-0.022735930044,"OPERATE_INCOME_QOQ":-6.636592561062,"NET_PROFIT_RATIO":-691.2224938875,"ROE_AVG":-18.790554541029,"GROSS_PROFIT_QOQ":null,"ROA":-14.858905830351,"HOLDER_PROFIT_QOQ":29.819879543691,"ROE_YEARLY":-18.790554541029,"ROIC_YEARLY":-82.504523434308,"TOTAL_ASSETS":270311641.6,"TOTAL_LIABILITIES":50575918.4,"TAX_EBT":null,"OCF_SALES":-479.975550122249,"TOTAL_PARENT_EQUITY":219735723.2,"DEBT_ASSET_RATIO":18.7102257604,"OPERATE_PROFIT":-39803220.8,"PRETAX_PROFIT":-40038689.6,"NETCASH_OPERATE":-32100611.2,"NETCASH_INVEST":1810984,"NETCASH_FINANCE":-8292916.8,"END_CASH":191700219.2,"DIVI_RATIO":null,"DIVIDEND_RATE":null,"CURRENT_RATIO":5.731224941117,"COMMON_ACS":4000000000,"CURRENTDEBT_DEBT":89.912543041433,"ISSUED_COMMON_SHARES":2033290000,"HK_COMMON_SHARES":2033290000,"PER_SHARES":5000,"TOTAL_MARKET_CAP":213495450,"HKSK_MARKET_CAP":213495450,"PE_TTM":20.24037258248,"PB_TTM":0.869259912217,"REPORT_DATE_SQ":"2020-12-31 00:00:00","REPORT_TYPE_SQ":"2020年年报","OPERATE_INCOME_SQ":9982692.04,"DPS_HKD":null,"OPERATE_INCOME_QOQ_SQ":-30.626204362545,"NET_PROFIT_RATIO_SQ":-604.0644236445,"HOLDER_PROFIT_SQ":-60291723.04,"HOLDER_PROFIT_QOQ_SQ":46.536193608541,"ROE_AVG_SQ":-19.787939014166,"PE_TTM_SQ":-17.784618268149,"PB_TTM_SQ":0.603416654655,"ROA_SQ":-15.328454658279,"START_DATE":"2021-01-01 00:00:00","FISCAL_YEAR":"12-31","CURRENCY":"HKD","IS_CNY_CODE":0,"DPS_HKD_LY":null,"ORG_TYPE":"证券","PREMIUM_INCOME":null,"PREMIUM_INCOME_YOY":null,"NET_INTEREST_INCOME":null,"NET_INTEREST_INCOME_YOY":null,"FEE_COMMISSION_INCOME":3270.4,"FEE_COMMISSION_INCOME_YOY":-95.604395604396,"ACCOUNTS_RECE_TDAYS":null,"INVENTORY_TDAYS":null,"CURRENT_ASSETS_TDAYS":0.022273867824,"TOTAL_ASSETS_TDAYS":0.021496560025,"PREMIUM_EXPENSE":null,"LOAN_DEPOSIT":null,"LOAN_EQUITY":null,"LOAN_ASSETS":null,"DEPOSIT_EQUITY":null,"DEPOSIT_ASSETS":null,"EQUITY_MULTIPLIER":1.230167028208,"EQUITY_RATIO":0.230167028208},{"SECUCODE":"06877.HK","SECURITY_CODE":"06877","SECURITY_NAME_ABBR":"CLSA PREMIUM","ORG_CODE":"10312570","STD_REPORT_DATE":"2021-06-30 00:00:00","REPORT_DATE":"2021-06-30 00:00:00","DATE_TYPE_CODE":"002","REPORT_TYPE":"2021年中报","PER_NETCASH_OPERATE":-0.008973150982,"PER_OI":0.001555886352,"BPS":0.12156825114,"BASIC_EPS":-0.012231576,"DILUTED_EPS":-0.012231576,"OPERATE_INCOME":3163568.16,"OPERATE_INCOME_YOY":-41.9364691509,"GROSS_PROFIT":null,"GROSS_PROFIT_YOY":null,"HOLDER_PROFIT":-24946590.48,"HOLDER_PROFIT_YOY":-41.4064710876,"GROSS_PROFIT_RATIO":null,"EPS_TTM":-0.03239653893,"OPERATE_INCOME_QOQ":-28.229981836024,"NET_PROFIT_RATIO":-788.5586533403,"ROE_AVG":-9.515919907701,"GROSS_PROFIT_QOQ":null,"ROA":-7.329744372078,"HOLDER_PROFIT_QOQ":-9.254729038509,"ROE_YEARLY":-19.031839815401,"ROIC_YEARLY":-79.016933517823,"TOTAL_ASSETS":322537506.24,"TOTAL_LIABILITIES":75353996.88,"TAX_EBT":4.415609258433,"OCF_SALES":-576.722777485534,"TOTAL_PARENT_EQUITY":247183509.36,"DEBT_ASSET_RATIO":23.3628633638,"OPERATE_PROFIT":-25990850.88,"PRETAX_PROFIT":-26099021.28,"NETCASH_OPERATE":-18245018.16,"NETCASH_INVEST":-618235.44,"NETCASH_FINANCE":-5103146.64,"END_CASH":210827437.92,"DIVI_RATIO":null,"DIVIDEND_RATE":null,"CURRENT_RATIO":4.232444765986,"COMMON_ACS":4000000000,"CURRENTDEBT_DEBT":99.209372688022,"ISSUED_COMMON_SHARES":2033290000,"HK_COMMON_SHARES":2033290000,"PER_SHARES":5000,"TOTAL_MARKET_CAP":213495450,"HKSK_MARKET_CAP":213495450,"PE_TTM":20.24037258248,"PB_TTM":0.869259912217,"REPORT_DATE_SQ":"2020-06-30 00:00:00","REPORT_TYPE_SQ":"2020年中报","OPERATE_INCOME_SQ":5981205.12,"DPS_HKD":null,"OPERATE_INCOME_QOQ_SQ":-0.06106495496,"NET_PROFIT_RATIO_SQ":-176.6097459392,"HOLDER_PROFIT_SQ":-19366754.88,"HOLDER_PROFIT_QOQ_SQ":30.05560674953,"ROE_AVG_SQ":-5.608238041957,"PE_TTM_SQ":-17.784618268149,"PB_TTM_SQ":0.603416654655,"ROA_SQ":-4.481026650083,"START_DATE":"2021-01-01 00:00:00","FISCAL_YEAR":"12-31","CURRENCY":"HKD","IS_CNY_CODE":0,"DPS_HKD_LY":null,"ORG_TYPE":"证券","PREMIUM_INCOME":null,"PREMIUM_INCOME_YOY":null,"NET_INTEREST_INCOME":null,"NET_INTEREST_INCOME_YOY":null,"FEE_COMMISSION_INCOME":23298.24,"FEE_COMMISSION_INCOME_YOY":-36.363636363636,"ACCOUNTS_RECE_TDAYS":null,"INVENTORY_TDAYS":null,"CURRENT_ASSETS_TDAYS":0.009552859828,"TOTAL_ASSETS_TDAYS":0.009295116275,"PREMIUM_EXPENSE":null,"LOAN_DEPOSIT":null,"LOAN_EQUITY":null,"LOAN_ASSETS":null,"DEPOSIT_EQUITY":null,"DEPOSIT_ASSETS":null,"EQUITY_MULTIPLIER":1.304850420948,"EQUITY_RATIO":0.304850420949},{"SECUCODE":"06877.HK","SECURITY_CODE":"06877","SECURITY_NAME_ABBR":"CLSA PREMIUM","ORG_CODE":"10312570","STD_REPORT_DATE":"2020-12-31 00:00:00","REPORT_DATE":"2020-12-31 00:00:00","DATE_TYPE_CODE":"001","REPORT_TYPE":"2020年年报","PER_NETCASH_OPERATE":-0.00243018381,"PER_OI":0.004909625307,"BPS":0.137861914356,"BASIC_EPS":-0.029625728,"DILUTED_EPS":-0.029625728,"OPERATE_INCOME":9982692.04,"OPERATE_INCOME_YOY":-34.1824841825,"GROSS_PROFIT":null,"GROSS_PROFIT_YOY":null,"HOLDER_PROFIT":-60291723.04,"HOLDER_PROFIT_YOY":60.1995688601,"GROSS_PROFIT_RATIO":null,"EPS_TTM":-0.029652299003,"OPERATE_INCOME_QOQ":-30.626204362545,"NET_PROFIT_RATIO":-604.0644236445,"ROE_AVG":-19.787939014166,"GROSS_PROFIT_QOQ":null,"ROA":-15.328454658279,"HOLDER_PROFIT_QOQ":46.536193608541,"ROE_YEARLY":-19.787939014166,"ROIC_YEARLY":-89.178809513436,"TOTAL_ASSETS":362272155.04,"TOTAL_LIABILITIES":81958903.2,"TAX_EBT":11.732669607432,"OCF_SALES":-49.506703769289,"TOTAL_PARENT_EQUITY":280313251.84,"DEBT_ASSET_RATIO":22.6235723778,"OPERATE_PROFIT":-67806726.6,"PRETAX_PROFIT":-68305819.12,"NETCASH_OPERATE":-4941268.44,"NETCASH_INVEST":-2173114.48,"NETCASH_FINANCE":-10390887.44,"END_CASH":241628952.52,"DIVI_RATIO":null,"DIVIDEND_RATE":null,"CURRENT_RATIO":4.431926484228,"COMMON_ACS":4000000000,"CURRENTDEBT_DEBT":96.326761141918,"ISSUED_COMMON_SHARES":2033290000,"HK_COMMON_SHARES":2033290000,"PER_SHARES":5000,"TOTAL_MARKET_CAP":213495450,"HKSK_MARKET_CAP":213495450,"PE_TTM":20.24037258248,"PB_TTM":0.869259912217,"REPORT_DATE_SQ":"2019-12-31 00:00:00","REPORT_TYPE_SQ":"2019年年报","OPERATE_INCOME_SQ":16140164.04,"DPS_HKD":null,"OPERATE_INCOME_QOQ_SQ":-91.305510016634,"NET_PROFIT_RATIO_SQ":-1119.9551988053,"HOLDER_PROFIT_SQ":-161229650.64,"HOLDER_PROFIT_QOQ_SQ":-245.944443179481,"ROE_AVG_SQ":-37.392839001669,"PE_TTM_SQ":-17.784618268149,"PB_TTM_SQ":0.603416654655,"ROA_SQ":-21.903198445256,"START_DATE":"2020-01-01 00:00:00","FISCAL_YEAR":"12-31","CURRENCY":"HKD","IS_CNY_CODE":0,"DPS_HKD_LY":null,"ORG_TYPE":"证券","PREMIUM_INCOME":null,"PREMIUM_INCOME_YOY":null,"NET_INTEREST_INCOME":null,"NET_INTEREST_INCOME_YOY":null,"FEE_COMMISSION_INCOME":76589.24,"FEE_COMMISSION_INCOME_YOY":-97.241588360109,"ACCOUNTS_RECE_TDAYS":null,"INVENTORY_TDAYS":null,"CURRENT_ASSETS_TDAYS":0.026635551802,"TOTAL_ASSETS_TDAYS":0.025375529593,"PREMIUM_EXPENSE":null,"LOAN_DEPOSIT":null,"LOAN_EQUITY":null,"LOAN_ASSETS":null,"DEPOSIT_EQUITY":null,"DEPOSIT_ASSETS":null,"EQUITY_MULTIPLIER":1.292383262875,"EQUITY_RATIO":0.292383262875},{"SECUCODE":"06877.HK","SECURITY_CODE":"06877","SECURITY_NAME_ABBR":"CLSA PREMIUM","ORG_CODE":"10312570","STD_REPORT_DATE":"2020-06-30 00:00:00","REPORT_DATE":"2020-06-30 00:00:00","DATE_TYPE_CODE":"002","REPORT_TYPE":"2020年中报","PER_NETCASH_OPERATE":0.017470136931,"PER_OI":0.002941638979,"BPS":0.164027820055,"BASIC_EPS":-0.009499776,"DILUTED_EPS":-0.009499776,"OPERATE_INCOME":5981205.12,"OPERATE_INCOME_YOY":-3.7752484771,"GROSS_PROFIT":null,"GROSS_PROFIT_YOY":null,"HOLDER_PROFIT":-19366754.88,"HOLDER_PROFIT_YOY":72.5020751193,"GROSS_PROFIT_RATIO":null,"EPS_TTM":-0.055462379139,"OPERATE_INCOME_QOQ":-0.06106495496,"NET_PROFIT_RATIO":-176.6097459392,"ROE_AVG":-5.608238041957,"GROSS_PROFIT_QOQ":null,"ROA":-4.481026650083,"HOLDER_PROFIT_QOQ":30.05560674953,"ROE_YEARLY":-11.216476083915,"ROIC_YEARLY":-53.682065045385,"TOTAL_ASSETS":403792546.08,"TOTAL_LIABILITIES":70276419.84,"TAX_EBT":24.042560813958,"OCF_SALES":323.93169512703,"TOTAL_PARENT_EQUITY":333516126.24,"DEBT_ASSET_RATIO":17.4040904227,"OPERATE_PROFIT":-25150656.96,"PRETAX_PROFIT":-25496850.72,"NETCASH_OPERATE":35521854.72,"NETCASH_INVEST":626619.84,"NETCASH_FINANCE":-5704432.8,"END_CASH":297226981.92,"DIVI_RATIO":null,"DIVIDEND_RATE":null,"CURRENT_RATIO":6.202016176644,"COMMON_ACS":4000000000,"CURRENTDEBT_DEBT":88.062805448685,"ISSUED_COMMON_SHARES":2033290000,"HK_COMMON_SHARES":2033290000,"PER_SHARES":5000,"TOTAL_MARKET_CAP":213495450,"HKSK_MARKET_CAP":213495450,"PE_TTM":20.24037258248,"PB_TTM":0.869259912217,"REPORT_DATE_SQ":"2019-06-30 00:00:00","REPORT_TYPE_SQ":"2019年中报","OPERATE_INCOME_SQ":10974638.16,"DPS_HKD":null,"OPERATE_INCOME_QOQ_SQ":-59.888060848066,"NET_PROFIT_RATIO_SQ":-618.0185957038,"HOLDER_PROFIT_SQ":-67825304.64,"HOLDER_PROFIT_QOQ_SQ":-255.305705055466,"ROE_AVG_SQ":-14.459042339731,"PE_TTM_SQ":-17.784618268149,"PB_TTM_SQ":0.603416654655,"ROA_SQ":-8.808573690578,"START_DATE":"2020-01-01 00:00:00","FISCAL_YEAR":"12-31","CURRENCY":"HKD","IS_CNY_CODE":0,"DPS_HKD_LY":null,"ORG_TYPE":"证券","PREMIUM_INCOME":null,"PREMIUM_INCOME_YOY":null,"NET_INTEREST_INCOME":null,"NET_INTEREST_INCOME_YOY":null,"FEE_COMMISSION_INCOME":40191.36,"FEE_COMMISSION_INCOME_YOY":-98.671096345515,"ACCOUNTS_RECE_TDAYS":null,"INVENTORY_TDAYS":null,"CURRENT_ASSETS_TDAYS":0.0268287641,"TOTAL_ASSETS_TDAYS":0.025372476622,"PREMIUM_EXPENSE":null,"LOAN_DEPOSIT":null,"LOAN_EQUITY":null,"LOAN_ASSETS":null,"DEPOSIT_EQUITY":null,"DEPOSIT_ASSETS":null,"EQUITY_MULTIPLIER":1.210713708606,"EQUITY_RATIO":0.210713708606}],"count":38},"success":true,"message":"ok","code":0}