{"version":"6ecea1583bb77dd7bc014f2b04fb583d","result":{"pages":4,"data":[{"SECUCODE":"06878.HK","SECURITY_CODE":"06878","SECURITY_NAME_ABBR":"鼎丰集团汽车","ORG_CODE":"10357101","STD_REPORT_DATE":"2024-06-30 00:00:00","REPORT_DATE":"2024-06-30 00:00:00","DATE_TYPE_CODE":"002","REPORT_TYPE":"2024年中报","PER_NETCASH_OPERATE":0.045649249485,"PER_OI":0.203229854079,"BPS":0.064715188005,"BASIC_EPS":-0.142,"DILUTED_EPS":-0.142,"OPERATE_INCOME":190919000,"OPERATE_INCOME_YOY":-82.3729436378,"GROSS_PROFIT":null,"GROSS_PROFIT_YOY":null,"HOLDER_PROFIT":-131821000,"HOLDER_PROFIT_YOY":3.9296568109,"GROSS_PROFIT_RATIO":null,"EPS_TTM":-2.679237524431,"OPERATE_INCOME_QOQ":-39.624523615058,"NET_PROFIT_RATIO":-68.9276604214,"ROE_AVG":-115.651731428922,"GROSS_PROFIT_QOQ":null,"ROA":-2.168782551749,"HOLDER_PROFIT_QOQ":0.21377043149,"ROE_YEARLY":-231.303462857845,"ROIC_YEARLY":-4.354830783716,"TOTAL_ASSETS":6153804000,"TOTAL_LIABILITIES":6093009000,"TAX_EBT":2.632552495672,"OCF_SALES":22.461881740424,"TOTAL_PARENT_EQUITY":60795000,"DEBT_ASSET_RATIO":99.0120744827,"OPERATE_PROFIT":-85432000,"PRETAX_PROFIT":-135154000,"NETCASH_OPERATE":42884000,"NETCASH_INVEST":-2210000,"NETCASH_FINANCE":-40960000,"END_CASH":30631000,"DIVI_RATIO":null,"DIVIDEND_RATE":null,"CURRENT_RATIO":0.814287516747,"COMMON_ACS":10000000000,"CURRENTDEBT_DEBT":94.046488360677,"ISSUED_COMMON_SHARES":939423988,"HK_COMMON_SHARES":939423988,"PER_SHARES":10000,"TOTAL_MARKET_CAP":62941407.196,"HKSK_MARKET_CAP":62941407.196,"PE_TTM":-0.022649237357,"PB_TTM":0.944902763708,"REPORT_DATE_SQ":"2023-06-30 00:00:00","REPORT_TYPE_SQ":"2023年中报","OPERATE_INCOME_SQ":1083102000,"DPS_HKD":null,"OPERATE_INCOME_QOQ_SQ":66.171721963002,"NET_PROFIT_RATIO_SQ":-12.6748911921,"HOLDER_PROFIT_SQ":-137213000,"HOLDER_PROFIT_QOQ_SQ":-120.86290613468,"ROE_AVG_SQ":-5.413643891339,"PE_TTM_SQ":-0.767112062025,"PB_TTM_SQ":0.123651777636,"ROA_SQ":-1.550426137527,"START_DATE":"2024-01-01 00:00:00","FISCAL_YEAR":"12-31","CURRENCY":"HKD","IS_CNY_CODE":0,"DPS_HKD_LY":null,"ORG_TYPE":"证券","PREMIUM_INCOME":null,"PREMIUM_INCOME_YOY":null,"NET_INTEREST_INCOME":null,"NET_INTEREST_INCOME_YOY":null,"FEE_COMMISSION_INCOME":null,"FEE_COMMISSION_INCOME_YOY":null,"ACCOUNTS_RECE_TDAYS":null,"INVENTORY_TDAYS":null,"CURRENT_ASSETS_TDAYS":0.041848658614,"TOTAL_ASSETS_TDAYS":0.03141091298,"PREMIUM_EXPENSE":null,"LOAN_DEPOSIT":null,"LOAN_EQUITY":null,"LOAN_ASSETS":null,"DEPOSIT_EQUITY":null,"DEPOSIT_ASSETS":null,"EQUITY_MULTIPLIER":101.222205772455,"EQUITY_RATIO":100.222205773501},{"SECUCODE":"06878.HK","SECURITY_CODE":"06878","SECURITY_NAME_ABBR":"鼎丰集团汽车","ORG_CODE":"10357101","STD_REPORT_DATE":"2023-12-31 00:00:00","REPORT_DATE":"2023-12-31 00:00:00","DATE_TYPE_CODE":"001","REPORT_TYPE":"2023年年报","PER_NETCASH_OPERATE":-0.085888516084,"PER_OI":0.250758205139,"BPS":0.177946275734,"BASIC_EPS":-3.0746,"DILUTED_EPS":-3.0746,"OPERATE_INCOME":2251593000,"OPERATE_INCOME_YOY":123.4339430914,"GROSS_PROFIT":null,"GROSS_PROFIT_YOY":null,"HOLDER_PROFIT":-2522332000,"HOLDER_PROFIT_YOY":-1299.7014511251,"GROSS_PROFIT_RATIO":null,"EPS_TTM":-0.280910202281,"OPERATE_INCOME_QOQ":34.459666453475,"NET_PROFIT_RATIO":-112.0275733669,"ROE_AVG":-187.381355929056,"GROSS_PROFIT_QOQ":null,"ROA":-34.04589949386,"HOLDER_PROFIT_QOQ":-533.742204891384,"ROE_YEARLY":-187.381355929056,"ROIC_YEARLY":-34.146507547558,"TOTAL_ASSETS":6002417000,"TOTAL_LIABILITIES":5835475000,"TAX_EBT":-7.377780540072,"OCF_SALES":-34.251527696169,"TOTAL_PARENT_EQUITY":167167000,"DEBT_ASSET_RATIO":97.218753712,"OPERATE_PROFIT":-2083809000,"PRETAX_PROFIT":-2349094000,"NETCASH_OPERATE":-771205000,"NETCASH_INVEST":-13282000,"NETCASH_FINANCE":775368000,"END_CASH":17790000,"DIVI_RATIO":null,"DIVIDEND_RATE":null,"CURRENT_RATIO":0.816020560403,"COMMON_ACS":10000000000,"CURRENTDEBT_DEBT":93.622490028661,"ISSUED_COMMON_SHARES":939423988,"HK_COMMON_SHARES":939423988,"PER_SHARES":10000,"TOTAL_MARKET_CAP":59183711.244,"HKSK_MARKET_CAP":59183711.244,"PE_TTM":-0.021297044082,"PB_TTM":0.888490658412,"REPORT_DATE_SQ":"2022-12-31 00:00:00","REPORT_TYPE_SQ":"2022年年报","OPERATE_INCOME_SQ":1007722000,"DPS_HKD":null,"OPERATE_INCOME_QOQ_SQ":-30.076409820869,"NET_PROFIT_RATIO_SQ":-17.8974955394,"HOLDER_PROFIT_SQ":-180205000,"HOLDER_PROFIT_QOQ_SQ":-138.106687305454,"ROE_AVG_SQ":-6.869642056596,"PE_TTM_SQ":-1.170855252565,"PB_TTM_SQ":0.188731660603,"ROA_SQ":-2.103395722615,"START_DATE":"2023-01-01 00:00:00","FISCAL_YEAR":"12-31","CURRENCY":"HKD","IS_CNY_CODE":0,"DPS_HKD_LY":null,"ORG_TYPE":"证券","PREMIUM_INCOME":null,"PREMIUM_INCOME_YOY":null,"NET_INTEREST_INCOME":null,"NET_INTEREST_INCOME_YOY":null,"FEE_COMMISSION_INCOME":null,"FEE_COMMISSION_INCOME_YOY":null,"ACCOUNTS_RECE_TDAYS":null,"INVENTORY_TDAYS":null,"CURRENT_ASSETS_TDAYS":0.435430996514,"TOTAL_ASSETS_TDAYS":0.303915222021,"PREMIUM_EXPENSE":null,"LOAN_DEPOSIT":null,"LOAN_EQUITY":null,"LOAN_ASSETS":null,"DEPOSIT_EQUITY":null,"DEPOSIT_ASSETS":null,"EQUITY_MULTIPLIER":35.955104167316,"EQUITY_RATIO":34.90805601584},{"SECUCODE":"06878.HK","SECURITY_CODE":"06878","SECURITY_NAME_ABBR":"鼎丰集团汽车","ORG_CODE":"10357101","STD_REPORT_DATE":"2023-06-30 00:00:00","REPORT_DATE":"2023-06-30 00:00:00","DATE_TYPE_CODE":"002","REPORT_TYPE":"2023年中报","PER_NETCASH_OPERATE":-0.028363581467,"PER_OI":0.125715222655,"BPS":2.708181856646,"BASIC_EPS":-0.18,"DILUTED_EPS":-0.18,"OPERATE_INCOME":1083102000,"OPERATE_INCOME_YOY":160.1890577143,"GROSS_PROFIT":null,"GROSS_PROFIT_YOY":null,"HOLDER_PROFIT":-137213000,"HOLDER_PROFIT_YOY":-270.2648036929,"GROSS_PROFIT_RATIO":null,"EPS_TTM":-0.0461963997,"OPERATE_INCOME_QOQ":66.171721963002,"NET_PROFIT_RATIO":-12.6748911921,"ROE_AVG":-5.413643891339,"GROSS_PROFIT_QOQ":null,"ROA":-1.550426137527,"HOLDER_PROFIT_QOQ":-120.86290613468,"ROE_YEARLY":-10.827287782678,"ROIC_YEARLY":-3.122277758888,"TOTAL_ASSETS":8885210000,"TOTAL_LIABILITIES":6341300000,"TAX_EBT":-496.982083840668,"OCF_SALES":-22.561771652162,"TOTAL_PARENT_EQUITY":2544131000,"DEBT_ASSET_RATIO":71.3691629123,"OPERATE_PROFIT":33273000,"PRETAX_PROFIT":-22996000,"NETCASH_OPERATE":-244367000,"NETCASH_INVEST":-74694000,"NETCASH_FINANCE":403154000,"END_CASH":95589000,"DIVI_RATIO":null,"DIVIDEND_RATE":null,"CURRENT_RATIO":1.080274310942,"COMMON_ACS":10000000000,"CURRENTDEBT_DEBT":93.728730701907,"ISSUED_COMMON_SHARES":939423988,"HK_COMMON_SHARES":939423988,"PER_SHARES":10000,"TOTAL_MARKET_CAP":59183711.244,"HKSK_MARKET_CAP":59183711.244,"PE_TTM":-0.021297044082,"PB_TTM":0.888490658412,"REPORT_DATE_SQ":"2022-06-30 00:00:00","REPORT_TYPE_SQ":"2022年中报","OPERATE_INCOME_SQ":416275000,"DPS_HKD":null,"OPERATE_INCOME_QOQ_SQ":8.655326476544,"NET_PROFIT_RATIO_SQ":18.7700742763,"HOLDER_PROFIT_SQ":80588000,"HOLDER_PROFIT_QOQ_SQ":7.291286167724,"ROE_AVG_SQ":2.931915762904,"PE_TTM_SQ":-1.170855252565,"PB_TTM_SQ":0.188731660603,"ROA_SQ":0.928822900115,"START_DATE":"2023-01-01 00:00:00","FISCAL_YEAR":"12-31","CURRENCY":"HKD","IS_CNY_CODE":0,"DPS_HKD_LY":null,"ORG_TYPE":"证券","PREMIUM_INCOME":null,"PREMIUM_INCOME_YOY":null,"NET_INTEREST_INCOME":null,"NET_INTEREST_INCOME_YOY":null,"FEE_COMMISSION_INCOME":null,"FEE_COMMISSION_INCOME_YOY":null,"ACCOUNTS_RECE_TDAYS":null,"INVENTORY_TDAYS":null,"CURRENT_ASSETS_TDAYS":0.176050224366,"TOTAL_ASSETS_TDAYS":0.122384150948,"PREMIUM_EXPENSE":null,"LOAN_DEPOSIT":null,"LOAN_EQUITY":null,"LOAN_ASSETS":null,"DEPOSIT_EQUITY":null,"DEPOSIT_ASSETS":null,"EQUITY_MULTIPLIER":3.492737557539,"EQUITY_RATIO":2.492521021913},{"SECUCODE":"06878.HK","SECURITY_CODE":"06878","SECURITY_NAME_ABBR":"鼎丰集团汽车","ORG_CODE":"10357101","STD_REPORT_DATE":"2022-12-31 00:00:00","REPORT_DATE":"2022-12-31 00:00:00","DATE_TYPE_CODE":"001","REPORT_TYPE":"2022年年报","PER_NETCASH_OPERATE":-0.022709377287,"PER_OI":0.139798525936,"BPS":2.687842797559,"BASIC_EPS":-0.25,"DILUTED_EPS":-0.25,"OPERATE_INCOME":1007722000,"OPERATE_INCOME_YOY":-20.0050486929,"GROSS_PROFIT":null,"GROSS_PROFIT_YOY":null,"HOLDER_PROFIT":-180205000,"HOLDER_PROFIT_YOY":-140.8851549259,"GROSS_PROFIT_RATIO":null,"EPS_TTM":-0.024999348398,"OPERATE_INCOME_QOQ":-30.076409820869,"NET_PROFIT_RATIO":-17.8974955394,"ROE_AVG":-6.869642056596,"GROSS_PROFIT_QOQ":null,"ROA":-2.103395722615,"HOLDER_PROFIT_QOQ":-138.106687305454,"ROE_YEARLY":-6.869642056596,"ROIC_YEARLY":-2.106603574744,"TOTAL_ASSETS":8814827000,"TOTAL_LIABILITIES":6289955000,"TAX_EBT":-38.944570702207,"OCF_SALES":-16.244361044018,"TOTAL_PARENT_EQUITY":2525024000,"DEBT_ASSET_RATIO":71.356533713,"OPERATE_PROFIT":-170764000,"PRETAX_PROFIT":-129805000,"NETCASH_OPERATE":-163698000,"NETCASH_INVEST":-98129000,"NETCASH_FINANCE":187817000,"END_CASH":26244000,"DIVI_RATIO":null,"DIVIDEND_RATE":null,"CURRENT_RATIO":1.02320366701,"COMMON_ACS":10000000000,"CURRENTDEBT_DEBT":91.420336075536,"ISSUED_COMMON_SHARES":939423988,"HK_COMMON_SHARES":939423988,"PER_SHARES":10000,"TOTAL_MARKET_CAP":59183711.244,"HKSK_MARKET_CAP":59183711.244,"PE_TTM":-0.021297044082,"PB_TTM":0.888490658412,"REPORT_DATE_SQ":"2021-12-31 00:00:00","REPORT_TYPE_SQ":"2021年年报","OPERATE_INCOME_SQ":1259732000,"DPS_HKD":null,"OPERATE_INCOME_QOQ_SQ":-64.273293116656,"NET_PROFIT_RATIO_SQ":33.0469384955,"HOLDER_PROFIT_SQ":440759000,"HOLDER_PROFIT_QOQ_SQ":15.221772875924,"ROE_AVG_SQ":17.534188483008,"PE_TTM_SQ":-1.170855252565,"PB_TTM_SQ":0.188731660603,"ROA_SQ":5.352805204314,"START_DATE":"2022-01-01 00:00:00","FISCAL_YEAR":"12-31","CURRENCY":"HKD","IS_CNY_CODE":0,"DPS_HKD_LY":0.005,"ORG_TYPE":"证券","PREMIUM_INCOME":null,"PREMIUM_INCOME_YOY":null,"NET_INTEREST_INCOME":null,"NET_INTEREST_INCOME_YOY":null,"FEE_COMMISSION_INCOME":null,"FEE_COMMISSION_INCOME_YOY":null,"ACCOUNTS_RECE_TDAYS":null,"INVENTORY_TDAYS":null,"CURRENT_ASSETS_TDAYS":0.169588813744,"TOTAL_ASSETS_TDAYS":0.117623714347,"PREMIUM_EXPENSE":null,"LOAN_DEPOSIT":null,"LOAN_EQUITY":null,"LOAN_ASSETS":null,"DEPOSIT_EQUITY":null,"DEPOSIT_ASSETS":null,"EQUITY_MULTIPLIER":3.491197573577,"EQUITY_RATIO":2.491047609845},{"SECUCODE":"06878.HK","SECURITY_CODE":"06878","SECURITY_NAME_ABBR":"鼎丰集团汽车","ORG_CODE":"10357101","STD_REPORT_DATE":"2022-06-30 00:00:00","REPORT_DATE":"2022-06-30 00:00:00","DATE_TYPE_CODE":"002","REPORT_TYPE":"2022年中报","PER_NETCASH_OPERATE":0.001939407289,"PER_OI":0.057748695954,"BPS":2.954896868143,"BASIC_EPS":0.0112,"DILUTED_EPS":0.0112,"OPERATE_INCOME":416275000,"OPERATE_INCOME_YOY":36.4982625476,"GROSS_PROFIT":null,"GROSS_PROFIT_YOY":null,"HOLDER_PROFIT":80588000,"HOLDER_PROFIT_YOY":66.3288683412,"GROSS_PROFIT_RATIO":null,"EPS_TTM":0.065603572931,"OPERATE_INCOME_QOQ":8.655326476544,"NET_PROFIT_RATIO":18.7700742763,"ROE_AVG":2.931915762904,"GROSS_PROFIT_QOQ":null,"ROA":0.928822900115,"HOLDER_PROFIT_QOQ":7.291286167724,"ROE_YEARLY":5.863831525807,"ROIC_YEARLY":1.864040337733,"TOTAL_ASSETS":9032869000,"TOTAL_LIABILITIES":6256968000,"TAX_EBT":27.466157834101,"OCF_SALES":3.256137866461,"TOTAL_PARENT_EQUITY":2775901000,"DEBT_ASSET_RATIO":69.2688889875,"OPERATE_PROFIT":180795000,"PRETAX_PROFIT":111104000,"NETCASH_OPERATE":13980000,"NETCASH_INVEST":-60833000,"NETCASH_FINANCE":2940000,"END_CASH":59528000,"DIVI_RATIO":null,"DIVIDEND_RATE":null,"CURRENT_RATIO":1.209657630639,"COMMON_ACS":10000000000,"CURRENTDEBT_DEBT":88.931715808679,"ISSUED_COMMON_SHARES":939423988,"HK_COMMON_SHARES":939423988,"PER_SHARES":10000,"TOTAL_MARKET_CAP":59183711.244,"HKSK_MARKET_CAP":59183711.244,"PE_TTM":-0.021297044082,"PB_TTM":0.888490658412,"REPORT_DATE_SQ":"2021-06-30 00:00:00","REPORT_TYPE_SQ":"2021年中报","OPERATE_INCOME_SQ":314541000,"DPS_HKD":null,"OPERATE_INCOME_QOQ_SQ":-39.825286062628,"NET_PROFIT_RATIO_SQ":17.638718005,"HOLDER_PROFIT_SQ":48451000,"HOLDER_PROFIT_QOQ_SQ":7.417828510453,"ROE_AVG_SQ":2.084062776095,"PE_TTM_SQ":-1.170855252565,"PB_TTM_SQ":0.188731660603,"ROA_SQ":0.546318263003,"START_DATE":"2022-01-01 00:00:00","FISCAL_YEAR":"12-31","CURRENCY":"HKD","IS_CNY_CODE":0,"DPS_HKD_LY":0.005,"ORG_TYPE":"证券","PREMIUM_INCOME":null,"PREMIUM_INCOME_YOY":null,"NET_INTEREST_INCOME":null,"NET_INTEREST_INCOME_YOY":null,"FEE_COMMISSION_INCOME":null,"FEE_COMMISSION_INCOME_YOY":null,"ACCOUNTS_RECE_TDAYS":null,"INVENTORY_TDAYS":null,"CURRENT_ASSETS_TDAYS":0.067445116594,"TOTAL_ASSETS_TDAYS":0.049484242121,"PREMIUM_EXPENSE":null,"LOAN_DEPOSIT":null,"LOAN_EQUITY":null,"LOAN_ASSETS":null,"DEPOSIT_EQUITY":null,"DEPOSIT_ASSETS":null,"EQUITY_MULTIPLIER":3.254031393767,"EQUITY_RATIO":2.254031393771},{"SECUCODE":"06878.HK","SECURITY_CODE":"06878","SECURITY_NAME_ABBR":"鼎丰集团汽车","ORG_CODE":"10357101","STD_REPORT_DATE":"2021-12-31 00:00:00","REPORT_DATE":"2021-12-31 00:00:00","DATE_TYPE_CODE":"001","REPORT_TYPE":"2021年年报","PER_NETCASH_OPERATE":0.115524998635,"PER_OI":0.174759186238,"BPS":2.896873014488,"BASIC_EPS":0.0611,"DILUTED_EPS":0.0611,"OPERATE_INCOME":1259732000,"OPERATE_INCOME_YOY":-78.5015563337,"GROSS_PROFIT":null,"GROSS_PROFIT_YOY":null,"HOLDER_PROFIT":440759000,"HOLDER_PROFIT_YOY":23.7687263946,"GROSS_PROFIT_RATIO":null,"EPS_TTM":0.061145294529,"OPERATE_INCOME_QOQ":-64.273293116656,"NET_PROFIT_RATIO":33.0469384955,"ROE_AVG":17.534188483008,"GROSS_PROFIT_QOQ":null,"ROA":5.352805204314,"HOLDER_PROFIT_QOQ":15.221772875924,"ROE_YEARLY":17.534188483008,"ROIC_YEARLY":5.366585720035,"TOTAL_ASSETS":8319847000,"TOTAL_LIABILITIES":5598455000,"TAX_EBT":29.818994019838,"OCF_SALES":62.783875437848,"TOTAL_PARENT_EQUITY":2721392000,"DEBT_ASSET_RATIO":67.2903600271,"OPERATE_PROFIT":777496000,"PRETAX_PROFIT":624565000,"NETCASH_OPERATE":832749000,"NETCASH_INVEST":-514405000,"NETCASH_FINANCE":-306273000,"END_CASH":100006000,"DIVI_RATIO":null,"DIVIDEND_RATE":null,"CURRENT_RATIO":1.219710017194,"COMMON_ACS":10000000000,"CURRENTDEBT_DEBT":87.875512083244,"ISSUED_COMMON_SHARES":939423988,"HK_COMMON_SHARES":939423988,"PER_SHARES":10000,"TOTAL_MARKET_CAP":59183711.244,"HKSK_MARKET_CAP":59183711.244,"PE_TTM":-0.021297044082,"PB_TTM":0.888490658412,"REPORT_DATE_SQ":"2020-12-31 00:00:00","REPORT_TYPE_SQ":"2020年年报","OPERATE_INCOME_SQ":6169628000,"DPS_HKD":null,"OPERATE_INCOME_QOQ_SQ":26.523484851437,"NET_PROFIT_RATIO_SQ":5.7269255132,"HOLDER_PROFIT_SQ":356115000,"HOLDER_PROFIT_QOQ_SQ":64.118126892394,"ROE_AVG_SQ":18.2942757665,"PE_TTM_SQ":-1.170855252565,"PB_TTM_SQ":0.188731660603,"ROA_SQ":5.056150581468,"START_DATE":"2021-01-01 00:00:00","FISCAL_YEAR":"12-31","CURRENCY":"HKD","IS_CNY_CODE":0,"DPS_HKD_LY":0.005,"ORG_TYPE":"证券","PREMIUM_INCOME":null,"PREMIUM_INCOME_YOY":null,"NET_INTEREST_INCOME":null,"NET_INTEREST_INCOME_YOY":null,"FEE_COMMISSION_INCOME":null,"FEE_COMMISSION_INCOME_YOY":null,"ACCOUNTS_RECE_TDAYS":null,"INVENTORY_TDAYS":null,"CURRENT_ASSETS_TDAYS":0.226691498851,"TOTAL_ASSETS_TDAYS":0.161081716994,"PREMIUM_EXPENSE":null,"LOAN_DEPOSIT":null,"LOAN_EQUITY":null,"LOAN_ASSETS":null,"DEPOSIT_EQUITY":null,"DEPOSIT_ASSETS":null,"EQUITY_MULTIPLIER":3.05720271097,"EQUITY_RATIO":2.057202710966},{"SECUCODE":"06878.HK","SECURITY_CODE":"06878","SECURITY_NAME_ABBR":"鼎丰集团汽车","ORG_CODE":"10357101","STD_REPORT_DATE":"2021-06-30 00:00:00","REPORT_DATE":"2021-06-30 00:00:00","DATE_TYPE_CODE":"002","REPORT_TYPE":"2021年中报","PER_NETCASH_OPERATE":0.037593565234,"PER_OI":0.043635415468,"BPS":2.494758522176,"BASIC_EPS":0.0067,"DILUTED_EPS":0.0067,"OPERATE_INCOME":314541000,"OPERATE_INCOME_YOY":-88.6513376868,"GROSS_PROFIT":null,"GROSS_PROFIT_YOY":null,"HOLDER_PROFIT":48451000,"HOLDER_PROFIT_YOY":119.8820058997,"GROSS_PROFIT_RATIO":null,"EPS_TTM":0.053067482823,"OPERATE_INCOME_QOQ":-39.825286062628,"NET_PROFIT_RATIO":17.638718005,"ROE_AVG":2.084062776095,"GROSS_PROFIT_QOQ":null,"ROA":0.546318263003,"HOLDER_PROFIT_QOQ":7.417828510453,"ROE_YEARLY":4.16812555219,"ROIC_YEARLY":1.097494519295,"TOTAL_ASSETS":9588790000,"TOTAL_LIABILITIES":7208929000,"TAX_EBT":30.762991064743,"OCF_SALES":86.153792351395,"TOTAL_PARENT_EQUITY":2343636000,"DEBT_ASSET_RATIO":75.1807996629,"OPERATE_PROFIT":131680000,"PRETAX_PROFIT":80132000,"NETCASH_OPERATE":270989000,"NETCASH_INVEST":-99268000,"NETCASH_FINANCE":-137880000,"END_CASH":122879000,"DIVI_RATIO":null,"DIVIDEND_RATE":null,"CURRENT_RATIO":1.186167064394,"COMMON_ACS":10000000000,"CURRENTDEBT_DEBT":90.814890811104,"ISSUED_COMMON_SHARES":939423988,"HK_COMMON_SHARES":939423988,"PER_SHARES":10000,"TOTAL_MARKET_CAP":59183711.244,"HKSK_MARKET_CAP":59183711.244,"PE_TTM":-0.021297044082,"PB_TTM":0.888490658412,"REPORT_DATE_SQ":"2020-06-30 00:00:00","REPORT_TYPE_SQ":"2020年中报","OPERATE_INCOME_SQ":2771613000,"DPS_HKD":null,"OPERATE_INCOME_QOQ_SQ":111.503530429268,"NET_PROFIT_RATIO_SQ":0.8338826524,"HOLDER_PROFIT_SQ":22035000,"HOLDER_PROFIT_QOQ_SQ":-35.324870418446,"ROE_AVG_SQ":1.341491256107,"PE_TTM_SQ":-1.170855252565,"PB_TTM_SQ":0.188731660603,"ROA_SQ":0.349796912215,"START_DATE":"2021-01-01 00:00:00","FISCAL_YEAR":"12-31","CURRENCY":"HKD","IS_CNY_CODE":0,"DPS_HKD_LY":0.005,"ORG_TYPE":"证券","PREMIUM_INCOME":null,"PREMIUM_INCOME_YOY":null,"NET_INTEREST_INCOME":null,"NET_INTEREST_INCOME_YOY":null,"FEE_COMMISSION_INCOME":null,"FEE_COMMISSION_INCOME_YOY":null,"ACCOUNTS_RECE_TDAYS":null,"INVENTORY_TDAYS":null,"CURRENT_ASSETS_TDAYS":0.046712777331,"TOTAL_ASSETS_TDAYS":0.035466655541,"PREMIUM_EXPENSE":null,"LOAN_DEPOSIT":null,"LOAN_EQUITY":null,"LOAN_ASSETS":null,"DEPOSIT_EQUITY":null,"DEPOSIT_ASSETS":null,"EQUITY_MULTIPLIER":4.02913867658,"EQUITY_RATIO":3.075959321328},{"SECUCODE":"06878.HK","SECURITY_CODE":"06878","SECURITY_NAME_ABBR":"鼎丰集团汽车","ORG_CODE":"10357101","STD_REPORT_DATE":"2020-12-31 00:00:00","REPORT_DATE":"2020-12-31 00:00:00","DATE_TYPE_CODE":"001","REPORT_TYPE":"2020年年报","PER_NETCASH_OPERATE":-0.058302911413,"PER_OI":0.855895673583,"BPS":2.45472973807,"BASIC_EPS":0.0523,"DILUTED_EPS":0.0523,"OPERATE_INCOME":6169628000,"OPERATE_INCOME_YOY":167.6016372829,"GROSS_PROFIT":null,"GROSS_PROFIT_YOY":null,"HOLDER_PROFIT":356115000,"HOLDER_PROFIT_YOY":6.1436112345,"GROSS_PROFIT_RATIO":null,"EPS_TTM":0.049402863154,"OPERATE_INCOME_QOQ":26.523484851437,"NET_PROFIT_RATIO":5.7269255132,"ROE_AVG":18.2942757665,"GROSS_PROFIT_QOQ":null,"ROA":5.056150581468,"HOLDER_PROFIT_QOQ":64.118126892394,"ROE_YEARLY":18.2942757665,"ROIC_YEARLY":5.072855298945,"TOTAL_ASSETS":8148490000,"TOTAL_LIABILITIES":5800170000,"TAX_EBT":29.72347251532,"OCF_SALES":-6.811917995704,"TOTAL_PARENT_EQUITY":2306032000,"DEBT_ASSET_RATIO":71.1809181824,"OPERATE_PROFIT":476580000,"PRETAX_PROFIT":502771000,"NETCASH_OPERATE":-420270000,"NETCASH_INVEST":-365164000,"NETCASH_FINANCE":738295000,"END_CASH":87935000,"DIVI_RATIO":null,"DIVIDEND_RATE":null,"CURRENT_RATIO":1.128599393205,"COMMON_ACS":10000000000,"CURRENTDEBT_DEBT":87.097257494177,"ISSUED_COMMON_SHARES":939423988,"HK_COMMON_SHARES":939423988,"PER_SHARES":10000,"TOTAL_MARKET_CAP":59183711.244,"HKSK_MARKET_CAP":59183711.244,"PE_TTM":-0.021297044082,"PB_TTM":0.888490658412,"REPORT_DATE_SQ":"2019-12-31 00:00:00","REPORT_TYPE_SQ":"2019年年报","OPERATE_INCOME_SQ":2305527000,"DPS_HKD":null,"OPERATE_INCOME_QOQ_SQ":255.193732764332,"NET_PROFIT_RATIO_SQ":14.5793564768,"HOLDER_PROFIT_SQ":335503000,"HOLDER_PROFIT_QOQ_SQ":11.730051951512,"ROE_AVG_SQ":20.860424180964,"PE_TTM_SQ":-1.170855252565,"PB_TTM_SQ":0.188731660603,"ROA_SQ":6.652954366198,"START_DATE":"2020-01-01 00:00:00","FISCAL_YEAR":"12-31","CURRENCY":"HKD","IS_CNY_CODE":0,"DPS_HKD_LY":null,"ORG_TYPE":"证券","PREMIUM_INCOME":null,"PREMIUM_INCOME_YOY":null,"NET_INTEREST_INCOME":null,"NET_INTEREST_INCOME_YOY":null,"FEE_COMMISSION_INCOME":null,"FEE_COMMISSION_INCOME_YOY":null,"ACCOUNTS_RECE_TDAYS":null,"INVENTORY_TDAYS":null,"CURRENT_ASSETS_TDAYS":1.216759316215,"TOTAL_ASSETS_TDAYS":0.875968948223,"PREMIUM_EXPENSE":null,"LOAN_DEPOSIT":null,"LOAN_EQUITY":null,"LOAN_ASSETS":null,"DEPOSIT_EQUITY":null,"DEPOSIT_ASSETS":null,"EQUITY_MULTIPLIER":3.469923179125,"EQUITY_RATIO":2.515216614514},{"SECUCODE":"06878.HK","SECURITY_CODE":"06878","SECURITY_NAME_ABBR":"鼎丰集团汽车","ORG_CODE":"10357101","STD_REPORT_DATE":"2020-06-30 00:00:00","REPORT_DATE":"2020-06-30 00:00:00","DATE_TYPE_CODE":"002","REPORT_TYPE":"2020年中报","PER_NETCASH_OPERATE":-0.02846966765,"PER_OI":0.418142850144,"BPS":1.807487377042,"BASIC_EPS":0.0034,"DILUTED_EPS":0.0034,"OPERATE_INCOME":2771613000,"OPERATE_INCOME_YOY":1279.811220248,"GROSS_PROFIT":null,"GROSS_PROFIT_YOY":null,"HOLDER_PROFIT":22035000,"HOLDER_PROFIT_YOY":-84.322416774,"GROSS_PROFIT_RATIO":null,"EPS_TTM":0.032736014236,"OPERATE_INCOME_QOQ":111.503530429268,"NET_PROFIT_RATIO":0.8338826524,"ROE_AVG":1.341491256107,"GROSS_PROFIT_QOQ":null,"ROA":0.349796912215,"HOLDER_PROFIT_QOQ":-35.324870418446,"ROE_YEARLY":2.682982512214,"ROIC_YEARLY":0.701502156956,"TOTAL_ASSETS":6660821000,"TOTAL_LIABILITIES":4932649000,"TAX_EBT":50.42471042471,"OCF_SALES":-6.808598458731,"TOTAL_PARENT_EQUITY":1697997000,"DEBT_ASSET_RATIO":74.0546698372,"OPERATE_PROFIT":104045000,"PRETAX_PROFIT":46620000,"NETCASH_OPERATE":-188708000,"NETCASH_INVEST":-37164000,"NETCASH_FINANCE":217751000,"END_CASH":132332000,"DIVI_RATIO":null,"DIVIDEND_RATE":null,"CURRENT_RATIO":1.547434126505,"COMMON_ACS":10000000000,"CURRENTDEBT_DEBT":70.432682317351,"ISSUED_COMMON_SHARES":939423988,"HK_COMMON_SHARES":939423988,"PER_SHARES":10000,"TOTAL_MARKET_CAP":59183711.244,"HKSK_MARKET_CAP":59183711.244,"PE_TTM":-0.021297044082,"PB_TTM":0.888490658412,"REPORT_DATE_SQ":"2019-06-30 00:00:00","REPORT_TYPE_SQ":"2019年中报","OPERATE_INCOME_SQ":200869000,"DPS_HKD":null,"OPERATE_INCOME_QOQ_SQ":-26.872491871467,"NET_PROFIT_RATIO_SQ":69.7544170579,"HOLDER_PROFIT_SQ":140551000,"HOLDER_PROFIT_QOQ_SQ":13.646427449541,"ROE_AVG_SQ":8.246761533576,"PE_TTM_SQ":-1.170855252565,"PB_TTM_SQ":0.188731660603,"ROA_SQ":2.873278485553,"START_DATE":"2020-01-01 00:00:00","FISCAL_YEAR":"12-31","CURRENCY":"HKD","IS_CNY_CODE":0,"DPS_HKD_LY":null,"ORG_TYPE":"证券","PREMIUM_INCOME":null,"PREMIUM_INCOME_YOY":null,"NET_INTEREST_INCOME":null,"NET_INTEREST_INCOME_YOY":null,"FEE_COMMISSION_INCOME":null,"FEE_COMMISSION_INCOME_YOY":null,"ACCOUNTS_RECE_TDAYS":null,"INVENTORY_TDAYS":null,"CURRENT_ASSETS_TDAYS":0.564729031278,"TOTAL_ASSETS_TDAYS":0.439982604608,"PREMIUM_EXPENSE":null,"LOAN_DEPOSIT":null,"LOAN_EQUITY":null,"LOAN_ASSETS":null,"DEPOSIT_EQUITY":null,"DEPOSIT_ASSETS":null,"EQUITY_MULTIPLIER":3.854258140965,"EQUITY_RATIO":2.904980986421}],"count":30},"success":true,"message":"ok","code":0}