{"version":"af537c3eb61365acfb8548f401b8410c","result":{"pages":3,"data":[{"SECUCODE":"06882.HK","SECURITY_CODE":"06882","SECURITY_NAME_ABBR":"东瀛游","ORG_CODE":"10426688","STD_REPORT_DATE":"2024-06-30 00:00:00","REPORT_DATE":"2024-06-30 00:00:00","DATE_TYPE_CODE":"002","REPORT_TYPE":"2024年中报","PER_NETCASH_OPERATE":0.209953637417,"PER_OI":1.379252115514,"BPS":0.111528787581,"BASIC_EPS":0.061970972,"DILUTED_EPS":0.061970972,"OPERATE_INCOME":693005225.44,"OPERATE_INCOME_YOY":40.591503867,"GROSS_PROFIT":164509657.32,"GROSS_PROFIT_YOY":30.388049876398,"HOLDER_PROFIT":31140641.6,"HOLDER_PROFIT_YOY":64.9105848236,"GROSS_PROFIT_RATIO":23.738588293552,"EPS_TTM":0.153252825037,"OPERATE_INCOME_QOQ":15.757253211472,"NET_PROFIT_RATIO":4.5121347332,"ROE_AVG":62.71655316294,"GROSS_PROFIT_QOQ":12.452034688457,"ROA":4.117162970632,"HOLDER_PROFIT_QOQ":18.579352580055,"ROE_YEARLY":125.43310632588,"ROIC_YEARLY":11.248595779963,"TOTAL_ASSETS":729423895.48,"TOTAL_LIABILITIES":675083840.96,"TAX_EBT":23.82212340189,"OCF_SALES":15.222281340378,"TOTAL_PARENT_EQUITY":56037639.32,"DEBT_ASSET_RATIO":92.5502777114,"OPERATE_PROFIT":46980203,"PRETAX_PROFIT":41047783,"NETCASH_OPERATE":105491205.12,"NETCASH_INVEST":-33331986.28,"NETCASH_FINANCE":-60292553.48,"END_CASH":208390399.04,"DIVI_RATIO":0.357323266221,"DIVIDEND_RATE":10.169491525424,"CURRENT_RATIO":0.981693429567,"COMMON_ACS":1000000000,"CURRENTDEBT_DEBT":47.072350988006,"ISSUED_COMMON_SHARES":502450000,"HK_COMMON_SHARES":502450000,"PER_SHARES":2000,"TOTAL_MARKET_CAP":296445500,"HKSK_MARKET_CAP":296445500,"PE_TTM":3.484028112403,"PB_TTM":4.828181240737,"REPORT_DATE_SQ":"2023-06-30 00:00:00","REPORT_TYPE_SQ":"2023年中报","OPERATE_INCOME_SQ":497943880.38,"DPS_HKD":0.06,"OPERATE_INCOME_QOQ_SQ":269.564846812826,"NET_PROFIT_RATIO_SQ":3.8584952998,"HOLDER_PROFIT_SQ":19075766.2,"HOLDER_PROFIT_QOQ_SQ":101.893487437721,"ROE_AVG_SQ":78.685656696267,"PE_TTM_SQ":92.163504111322,"PB_TTM_SQ":9.880687597477,"ROA_SQ":2.236837766557,"START_DATE":"2024-01-01 00:00:00","FISCAL_YEAR":"12-31","CURRENCY":"HKD","IS_CNY_CODE":0,"DPS_HKD_LY":null,"ORG_TYPE":"一般企业","PREMIUM_INCOME":null,"PREMIUM_INCOME_YOY":null,"NET_INTEREST_INCOME":null,"NET_INTEREST_INCOME_YOY":null,"FEE_COMMISSION_INCOME":null,"FEE_COMMISSION_INCOME_YOY":null,"ACCOUNTS_RECE_TDAYS":77.310797739653,"INVENTORY_TDAYS":541.4296400187,"CURRENT_ASSETS_TDAYS":2.29190115922,"TOTAL_ASSETS_TDAYS":0.916235281625,"PREMIUM_EXPENSE":null,"LOAN_DEPOSIT":null,"LOAN_EQUITY":null,"LOAN_ASSETS":null,"DEPOSIT_EQUITY":null,"DEPOSIT_ASSETS":null,"EQUITY_MULTIPLIER":13.423319168961,"EQUITY_RATIO":12.046971449046},{"SECUCODE":"06882.HK","SECURITY_CODE":"06882","SECURITY_NAME_ABBR":"东瀛游","ORG_CODE":"10426688","STD_REPORT_DATE":"2023-12-31 00:00:00","REPORT_DATE":"2023-12-31 00:00:00","DATE_TYPE_CODE":"001","REPORT_TYPE":"2023年年报","PER_NETCASH_OPERATE":0.416752983859,"PER_OI":2.463756880088,"BPS":0.085505180137,"BASIC_EPS":0.129226972,"DILUTED_EPS":0.129226972,"OPERATE_INCOME":1237914644.4,"OPERATE_INCOME_YOY":595.2498740323,"GROSS_PROFIT":307904556.96,"GROSS_PROFIT_YOY":786.535113346532,"HOLDER_PROFIT":64937006.54,"HOLDER_PROFIT_YOY":196.4440974979,"GROSS_PROFIT_RATIO":24.872842271709,"EPS_TTM":0.129240733486,"OPERATE_INCOME_QOQ":90.853952600184,"NET_PROFIT_RATIO":5.2586345734,"ROE_AVG":203.273619562288,"GROSS_PROFIT_QOQ":84.701554643012,"ROA":8.127615483949,"HOLDER_PROFIT_QOQ":5067.30527074474,"ROE_YEARLY":203.273619562288,"ROIC_YEARLY":10.663672498746,"TOTAL_ASSETS":777755159.02,"TOTAL_LIABILITIES":736843857.12,"TAX_EBT":21.424196018377,"OCF_SALES":16.915345309732,"TOTAL_PARENT_EQUITY":42962077.76,"DEBT_ASSET_RATIO":94.7398224974,"OPERATE_PROFIT":101868190.2,"PRETAX_PROFIT":82846632.4,"NETCASH_OPERATE":209397536.74,"NETCASH_INVEST":-8963422.02,"NETCASH_FINANCE":-187095462.54,"END_CASH":199314026.8,"DIVI_RATIO":0.423711615703,"DIVIDEND_RATE":8.695652173913,"CURRENT_RATIO":0.96264576494,"COMMON_ACS":1000000000,"CURRENTDEBT_DEBT":40.984336412921,"ISSUED_COMMON_SHARES":502450000,"HK_COMMON_SHARES":502450000,"PER_SHARES":2000,"TOTAL_MARKET_CAP":346690500,"HKSK_MARKET_CAP":346690500,"PE_TTM":4.074541351793,"PB_TTM":5.646517044252,"REPORT_DATE_SQ":"2022-12-31 00:00:00","REPORT_TYPE_SQ":"2022年年报","OPERATE_INCOME_SQ":175508796.33,"DPS_HKD":0.06,"OPERATE_INCOME_QOQ_SQ":276.510411322344,"NET_PROFIT_RATIO_SQ":-38.425989546,"HOLDER_PROFIT_SQ":-66369067.73,"HOLDER_PROFIT_QOQ_SQ":43.906548713168,"ROE_AVG_SQ":-101.092576466746,"PE_TTM_SQ":88.985452245414,"PB_TTM_SQ":9.539974232047,"ROA_SQ":-8.209058702189,"START_DATE":"2023-01-01 00:00:00","FISCAL_YEAR":"12-31","CURRENCY":"HKD","IS_CNY_CODE":0,"DPS_HKD_LY":0.07,"ORG_TYPE":"一般企业","PREMIUM_INCOME":null,"PREMIUM_INCOME_YOY":null,"NET_INTEREST_INCOME":null,"NET_INTEREST_INCOME_YOY":null,"FEE_COMMISSION_INCOME":null,"FEE_COMMISSION_INCOME_YOY":null,"ACCOUNTS_RECE_TDAYS":160.698782424563,"INVENTORY_TDAYS":673.835850295469,"CURRENT_ASSETS_TDAYS":4.39297584381,"TOTAL_ASSETS_TDAYS":1.549392983712,"PREMIUM_EXPENSE":null,"LOAN_DEPOSIT":null,"LOAN_EQUITY":null,"LOAN_ASSETS":null,"DEPOSIT_EQUITY":null,"DEPOSIT_ASSETS":null,"EQUITY_MULTIPLIER":19.010765311736,"EQUITY_RATIO":17.151029362133},{"SECUCODE":"06882.HK","SECURITY_CODE":"06882","SECURITY_NAME_ABBR":"东瀛游","ORG_CODE":"10426688","STD_REPORT_DATE":"2023-06-30 00:00:00","REPORT_DATE":"2023-06-30 00:00:00","DATE_TYPE_CODE":"002","REPORT_TYPE":"2023年中报","PER_NETCASH_OPERATE":0.282390665977,"PER_OI":0.991031705404,"BPS":0.054120565469,"BASIC_EPS":0.037985576,"DILUTED_EPS":0.037985576,"OPERATE_INCOME":497943880.38,"OPERATE_INCOME_YOY":1759.8471021729,"GROSS_PROFIT":126169275.08,"GROSS_PROFIT_YOY":2274.08809834683,"HOLDER_PROFIT":19075766.2,"HOLDER_PROFIT_YOY":136.4446636487,"GROSS_PROFIT_RATIO":25.33805114418,"EPS_TTM":0.00250112441,"OPERATE_INCOME_QOQ":269.564846812826,"NET_PROFIT_RATIO":3.8584952998,"ROE_AVG":78.685656696267,"GROSS_PROFIT_QOQ":379.982485832354,"ROA":2.236837766557,"HOLDER_PROFIT_QOQ":101.893487437721,"ROE_YEARLY":157.371313392535,"ROIC_YEARLY":6.073192388696,"TOTAL_ASSETS":871157696.46,"TOTAL_LIABILITIES":846041117.3,"TAX_EBT":15.254168361122,"OCF_SALES":28.494614696684,"TOTAL_PARENT_EQUITY":27192878.12,"DEBT_ASSET_RATIO":97.1168734132,"OPERATE_PROFIT":34209145.92,"PRETAX_PROFIT":22671488.2,"NETCASH_OPERATE":141887190.12,"NETCASH_INVEST":-3913805.1,"NETCASH_FINANCE":-59642886.2,"END_CASH":265346765.98,"DIVI_RATIO":21.894472650995,"DIVIDEND_RATE":8.695652173913,"CURRENT_RATIO":1.159777209006,"COMMON_ACS":1000000000,"CURRENTDEBT_DEBT":38.191982651054,"ISSUED_COMMON_SHARES":502450000,"HK_COMMON_SHARES":502450000,"PER_SHARES":2000,"TOTAL_MARKET_CAP":346690500,"HKSK_MARKET_CAP":346690500,"PE_TTM":4.074541351793,"PB_TTM":5.646517044252,"REPORT_DATE_SQ":"2022-06-30 00:00:00","REPORT_TYPE_SQ":"2022年中报","OPERATE_INCOME_SQ":24833862.41,"DPS_HKD":0.06,"OPERATE_INCOME_QOQ_SQ":27.89702284959,"NET_PROFIT_RATIO_SQ":-196.6252281415,"HOLDER_PROFIT_SQ":-48549991.49,"HOLDER_PROFIT_QOQ_SQ":7.016604242753,"ROE_AVG_SQ":-71.214782106927,"PE_TTM_SQ":88.985452245414,"PB_TTM_SQ":9.539974232047,"ROA_SQ":-6.733598189065,"START_DATE":"2023-01-01 00:00:00","FISCAL_YEAR":"12-31","CURRENCY":"HKD","IS_CNY_CODE":0,"DPS_HKD_LY":0.07,"ORG_TYPE":"一般企业","PREMIUM_INCOME":null,"PREMIUM_INCOME_YOY":null,"NET_INTEREST_INCOME":null,"NET_INTEREST_INCOME_YOY":null,"FEE_COMMISSION_INCOME":null,"FEE_COMMISSION_INCOME_YOY":null,"ACCOUNTS_RECE_TDAYS":65.424712295578,"INVENTORY_TDAYS":255.454545454545,"CURRENT_ASSETS_TDAYS":1.526566757493,"TOTAL_ASSETS_TDAYS":0.583892497728,"PREMIUM_EXPENSE":null,"LOAN_DEPOSIT":null,"LOAN_EQUITY":null,"LOAN_ASSETS":null,"DEPOSIT_EQUITY":null,"DEPOSIT_ASSETS":null,"EQUITY_MULTIPLIER":34.684567947116,"EQUITY_RATIO":31.112599172713},{"SECUCODE":"06882.HK","SECURITY_CODE":"06882","SECURITY_NAME_ABBR":"东瀛游","ORG_CODE":"10426688","STD_REPORT_DATE":"2022-12-31 00:00:00","REPORT_DATE":"2022-12-31 00:00:00","DATE_TYPE_CODE":"001","REPORT_TYPE":"2022年年报","PER_NETCASH_OPERATE":0.138098173072,"PER_OI":0.349305993293,"BPS":0.041058952433,"BASIC_EPS":-0.132114633,"DILUTED_EPS":-0.132114633,"OPERATE_INCOME":175508796.33,"OPERATE_INCOME_YOY":340.7532863744,"GROSS_PROFIT":34731230.87,"GROSS_PROFIT_YOY":245.592383766816,"HOLDER_PROFIT":-66369067.73,"HOLDER_PROFIT_YOY":52.2607382658,"GROSS_PROFIT_RATIO":19.788883290326,"EPS_TTM":-0.132090890099,"OPERATE_INCOME_QOQ":276.510411322344,"NET_PROFIT_RATIO":-38.425989546,"ROE_AVG":-101.092576466746,"GROSS_PROFIT_QOQ":351.952288416041,"ROA":-8.209058702189,"HOLDER_PROFIT_QOQ":43.906548713168,"ROE_YEARLY":-101.092576466746,"ROIC_YEARLY":-10.040629284302,"TOTAL_ASSETS":808459373.12,"TOTAL_LIABILITIES":790175029.49,"TAX_EBT":18.110330166168,"OCF_SALES":39.535013920063,"TOTAL_PARENT_EQUITY":20630070.65,"DEBT_ASSET_RATIO":97.7383719902,"OPERATE_PROFIT":-61903611,"PRETAX_PROFIT":-82355920.92,"NETCASH_OPERATE":69387427.06,"NETCASH_INVEST":-937933.5,"NETCASH_FINANCE":-2205483.63,"END_CASH":182495061,"DIVI_RATIO":-0.414569089202,"DIVIDEND_RATE":8.695652173913,"CURRENT_RATIO":0.675982319043,"COMMON_ACS":1000000000,"CURRENTDEBT_DEBT":49.842581905454,"ISSUED_COMMON_SHARES":502450000,"HK_COMMON_SHARES":502450000,"PER_SHARES":2000,"TOTAL_MARKET_CAP":346690500,"HKSK_MARKET_CAP":346690500,"PE_TTM":4.074541351793,"PB_TTM":5.646517044252,"REPORT_DATE_SQ":"2021-12-31 00:00:00","REPORT_TYPE_SQ":"2021年年报","OPERATE_INCOME_SQ":36446972.8,"DPS_HKD":0.06,"OPERATE_INCOME_QOQ_SQ":308.105967181272,"NET_PROFIT_RATIO_SQ":-350.9017901207,"HOLDER_PROFIT_SQ":-127247176,"HOLDER_PROFIT_QOQ_SQ":-43.662356859576,"ROE_AVG_SQ":-82.679026774331,"PE_TTM_SQ":88.985452245414,"PB_TTM_SQ":9.539974232047,"ROA_SQ":-15.89226324985,"START_DATE":"2022-01-01 00:00:00","FISCAL_YEAR":"12-31","CURRENCY":"HKD","IS_CNY_CODE":0,"DPS_HKD_LY":null,"ORG_TYPE":"一般企业","PREMIUM_INCOME":null,"PREMIUM_INCOME_YOY":null,"NET_INTEREST_INCOME":null,"NET_INTEREST_INCOME_YOY":null,"FEE_COMMISSION_INCOME":null,"FEE_COMMISSION_INCOME_YOY":null,"ACCOUNTS_RECE_TDAYS":39.39033680834,"INVENTORY_TDAYS":73.046581691773,"CURRENT_ASSETS_TDAYS":0.795400353819,"TOTAL_ASSETS_TDAYS":0.217083358423,"PREMIUM_EXPENSE":null,"LOAN_DEPOSIT":null,"LOAN_EQUITY":null,"LOAN_ASSETS":null,"DEPOSIT_EQUITY":null,"DEPOSIT_ASSETS":null,"EQUITY_MULTIPLIER":44.215936293097,"EQUITY_RATIO":38.30210002165},{"SECUCODE":"06882.HK","SECURITY_CODE":"06882","SECURITY_NAME_ABBR":"东瀛游","ORG_CODE":"10426688","STD_REPORT_DATE":"2022-06-30 00:00:00","REPORT_DATE":"2022-06-30 00:00:00","DATE_TYPE_CODE":"002","REPORT_TYPE":"2022年中报","PER_NETCASH_OPERATE":-0.032144727515,"PER_OI":0.049425539676,"BPS":0.060488799701,"BASIC_EPS":-0.09663647,"DILUTED_EPS":-0.09663647,"OPERATE_INCOME":24833862.41,"OPERATE_INCOME_YOY":64.7509361171,"GROSS_PROFIT":-5803319.34,"GROSS_PROFIT_YOY":63.440410886859,"HOLDER_PROFIT":-48549991.49,"HOLDER_PROFIT_YOY":17.816091954,"GROSS_PROFIT_RATIO":-23.368573297979,"EPS_TTM":-0.235483620758,"OPERATE_INCOME_QOQ":27.89702284959,"NET_PROFIT_RATIO":-196.6252281415,"ROE_AVG":-71.214782106927,"GROSS_PROFIT_QOQ":42.214303873913,"ROA":-6.733598189065,"HOLDER_PROFIT_QOQ":7.016604242753,"ROE_YEARLY":-142.429564213854,"ROIC_YEARLY":-15.83463322216,"TOTAL_ASSETS":667976936.34,"TOTAL_LIABILITIES":638997968,"TAX_EBT":22.018574160066,"OCF_SALES":-65.036674816626,"TOTAL_PARENT_EQUITY":30392597.41,"DEBT_ASSET_RATIO":95.6616813001,"OPERATE_PROFIT":-53859866.2,"PRETAX_PROFIT":-62617011.8,"NETCASH_OPERATE":-16151118.34,"NETCASH_INVEST":59863.3,"NETCASH_FINANCE":13203278.41,"END_CASH":107092878.13,"DIVI_RATIO":-0.232546110102,"DIVIDEND_RATE":8.695652173913,"CURRENT_RATIO":1.208898261846,"COMMON_ACS":1000000000,"CURRENTDEBT_DEBT":19.672778372591,"ISSUED_COMMON_SHARES":502450000,"HK_COMMON_SHARES":502450000,"PER_SHARES":2000,"TOTAL_MARKET_CAP":346690500,"HKSK_MARKET_CAP":346690500,"PE_TTM":4.074541351793,"PB_TTM":5.646517044252,"REPORT_DATE_SQ":"2021-06-30 00:00:00","REPORT_TYPE_SQ":"2021年中报","OPERATE_INCOME_SQ":14666242.08,"DPS_HKD":0.06,"OPERATE_INCOME_QOQ_SQ":-95.751651481247,"NET_PROFIT_RATIO_SQ":-394.122319301,"HOLDER_PROFIT_SQ":-57478422.24,"HOLDER_PROFIT_QOQ_SQ":3.236938813255,"ROE_AVG_SQ":-30.08525418377,"PE_TTM_SQ":88.985452245414,"PB_TTM_SQ":9.539974232047,"ROA_SQ":-6.950269622528,"START_DATE":"2022-01-01 00:00:00","FISCAL_YEAR":"12-31","CURRENCY":"HKD","IS_CNY_CODE":0,"DPS_HKD_LY":null,"ORG_TYPE":"一般企业","PREMIUM_INCOME":null,"PREMIUM_INCOME_YOY":null,"NET_INTEREST_INCOME":null,"NET_INTEREST_INCOME_YOY":null,"FEE_COMMISSION_INCOME":null,"FEE_COMMISSION_INCOME_YOY":null,"ACCOUNTS_RECE_TDAYS":8.888582797674,"INVENTORY_TDAYS":14.631406983868,"CURRENT_ASSETS_TDAYS":0.156703712398,"TOTAL_ASSETS_TDAYS":0.03444310613,"PREMIUM_EXPENSE":null,"LOAN_DEPOSIT":null,"LOAN_EQUITY":null,"LOAN_ASSETS":null,"DEPOSIT_EQUITY":null,"DEPOSIT_ASSETS":null,"EQUITY_MULTIPLIER":23.050404296555,"EQUITY_RATIO":21.024789667689},{"SECUCODE":"06882.HK","SECURITY_CODE":"06882","SECURITY_NAME_ABBR":"东瀛游","ORG_CODE":"10426688","STD_REPORT_DATE":"2021-12-31 00:00:00","REPORT_DATE":"2021-12-31 00:00:00","DATE_TYPE_CODE":"001","REPORT_TYPE":"2021年年报","PER_NETCASH_OPERATE":-0.082547577669,"PER_OI":0.072538506916,"BPS":0.201608492785,"BASIC_EPS":-0.25329248,"DILUTED_EPS":-0.25329248,"OPERATE_INCOME":36446972.8,"OPERATE_INCOME_YOY":-82.1524516457,"GROSS_PROFIT":-23855115.2,"GROSS_PROFIT_YOY":-121.520978069965,"HOLDER_PROFIT":-127247176,"HOLDER_PROFIT_YOY":-43.0994851048,"GROSS_PROFIT_RATIO":-65.451568038046,"EPS_TTM":-0.25325341029,"OPERATE_INCOME_QOQ":308.105967181272,"NET_PROFIT_RATIO":-350.9017901207,"ROE_AVG":-82.679026774331,"GROSS_PROFIT_QOQ":-385.647350724757,"ROA":-15.89226324985,"HOLDER_PROFIT_QOQ":-43.662356859576,"ROE_YEARLY":-82.679026774331,"ROIC_YEARLY":-17.969021953415,"TOTAL_ASSETS":740022024,"TOTAL_LIABILITIES":640034449.6,"TAX_EBT":21.525788504663,"OCF_SALES":-113.798286150119,"TOTAL_PARENT_EQUITY":101298187.2,"DEBT_ASSET_RATIO":86.4885677511,"OPERATE_PROFIT":-150410601.6,"PRETAX_PROFIT":-162974660.8,"NETCASH_OPERATE":-41476030.4,"NETCASH_INVEST":-1742305.6,"NETCASH_FINANCE":69226192,"END_CASH":106396740.8,"DIVI_RATIO":-0.216229269874,"DIVIDEND_RATE":8.695652173913,"CURRENT_RATIO":0.601117976425,"COMMON_ACS":1000000000,"CURRENTDEBT_DEBT":40.99749495734,"ISSUED_COMMON_SHARES":502450000,"HK_COMMON_SHARES":502450000,"PER_SHARES":2000,"TOTAL_MARKET_CAP":346690500,"HKSK_MARKET_CAP":346690500,"PE_TTM":4.074541351793,"PB_TTM":5.646517044252,"REPORT_DATE_SQ":"2020-12-31 00:00:00","REPORT_TYPE_SQ":"2020年年报","OPERATE_INCOME_SQ":210217264.44,"DPS_HKD":0.06,"OPERATE_INCOME_QOQ_SQ":-79.356938844785,"NET_PROFIT_RATIO_SQ":-43.9098213964,"HOLDER_PROFIT_SQ":-91536766.4,"HOLDER_PROFIT_QOQ_SQ":-69.61464385133,"ROE_AVG_SQ":-36.06339942967,"PE_TTM_SQ":88.985452245414,"PB_TTM_SQ":9.539974232047,"ROA_SQ":-10.138944369581,"START_DATE":"2021-01-01 00:00:00","FISCAL_YEAR":"12-31","CURRENCY":"HKD","IS_CNY_CODE":0,"DPS_HKD_LY":null,"ORG_TYPE":"一般企业","PREMIUM_INCOME":null,"PREMIUM_INCOME_YOY":null,"NET_INTEREST_INCOME":null,"NET_INTEREST_INCOME_YOY":null,"FEE_COMMISSION_INCOME":null,"FEE_COMMISSION_INCOME_YOY":null,"ACCOUNTS_RECE_TDAYS":18.124822118317,"INVENTORY_TDAYS":37.69741886021,"CURRENT_ASSETS_TDAYS":0.20616201417,"TOTAL_ASSETS_TDAYS":0.045519665316,"PREMIUM_EXPENSE":null,"LOAN_DEPOSIT":null,"LOAN_EQUITY":null,"LOAN_ASSETS":null,"DEPOSIT_EQUITY":null,"DEPOSIT_ASSETS":null,"EQUITY_MULTIPLIER":7.401139876059,"EQUITY_RATIO":6.318320863298},{"SECUCODE":"06882.HK","SECURITY_CODE":"06882","SECURITY_NAME_ABBR":"东瀛游","ORG_CODE":"10426688","STD_REPORT_DATE":"2021-06-30 00:00:00","REPORT_DATE":"2021-06-30 00:00:00","DATE_TYPE_CODE":"002","REPORT_TYPE":"2021年中报","PER_NETCASH_OPERATE":-0.038059234869,"PER_OI":0.029189455826,"BPS":0.342191968474,"BASIC_EPS":-0.114411,"DILUTED_EPS":-0.114411,"OPERATE_INCOME":14666242.08,"OPERATE_INCOME_YOY":-92.5445293697,"GROSS_PROFIT":-15873590.16,"GROSS_PROFIT_YOY":-208.931321476754,"HOLDER_PROFIT":-57478422.24,"HOLDER_PROFIT_YOY":-4.3963185177,"GROSS_PROFIT_RATIO":-108.232157040735,"EPS_TTM":-0.176283764116,"OPERATE_INCOME_QOQ":-95.751651481247,"NET_PROFIT_RATIO":-394.122319301,"ROE_AVG":-30.08525418377,"GROSS_PROFIT_QOQ":-119.237435624972,"ROA":-6.950269622528,"HOLDER_PROFIT_QOQ":3.236938813255,"ROE_YEARLY":-60.17050836754,"ROIC_YEARLY":-15.416090843307,"TOTAL_ASSETS":777385717.44,"TOTAL_LIABILITIES":606491462.88,"TAX_EBT":20.108564396858,"OCF_SALES":-130.386928401225,"TOTAL_PARENT_EQUITY":171934354.56,"DEBT_ASSET_RATIO":78.0168003185,"OPERATE_PROFIT":-66730319.76,"PRETAX_PROFIT":-72351852.24,"NETCASH_OPERATE":-19122862.56,"NETCASH_INVEST":-822095.04,"NETCASH_FINANCE":19790190.72,"END_CASH":82235298.48,"DIVI_RATIO":-0.310640065321,"DIVIDEND_RATE":8.695652173913,"CURRENT_RATIO":1.594899052001,"COMMON_ACS":1000000000,"CURRENTDEBT_DEBT":17.294199641645,"ISSUED_COMMON_SHARES":502450000,"HK_COMMON_SHARES":502450000,"PER_SHARES":2000,"TOTAL_MARKET_CAP":346690500,"HKSK_MARKET_CAP":346690500,"PE_TTM":4.074541351793,"PB_TTM":5.646517044252,"REPORT_DATE_SQ":"2020-06-30 00:00:00","REPORT_TYPE_SQ":"2020年中报","OPERATE_INCOME_SQ":215952744.48,"DPS_HKD":0.06,"OPERATE_INCOME_QOQ_SQ":-34.224106912773,"NET_PROFIT_RATIO_SQ":-28.1143065008,"HOLDER_PROFIT_SQ":-60441411.36,"HOLDER_PROFIT_QOQ_SQ":-530.300454150029,"ROE_AVG_SQ":-20.838332782213,"PE_TTM_SQ":88.985452245414,"PB_TTM_SQ":9.539974232047,"ROA_SQ":-6.468132942326,"START_DATE":"2021-01-01 00:00:00","FISCAL_YEAR":"12-31","CURRENCY":"HKD","IS_CNY_CODE":0,"DPS_HKD_LY":null,"ORG_TYPE":"一般企业","PREMIUM_INCOME":null,"PREMIUM_INCOME_YOY":null,"NET_INTEREST_INCOME":null,"NET_INTEREST_INCOME_YOY":null,"FEE_COMMISSION_INCOME":null,"FEE_COMMISSION_INCOME_YOY":null,"ACCOUNTS_RECE_TDAYS":9.54562686163,"INVENTORY_TDAYS":23.303492063492,"CURRENT_ASSETS_TDAYS":0.080012710518,"TOTAL_ASSETS_TDAYS":0.017734365842,"PREMIUM_EXPENSE":null,"LOAN_DEPOSIT":null,"LOAN_EQUITY":null,"LOAN_ASSETS":null,"DEPOSIT_EQUITY":null,"DEPOSIT_ASSETS":null,"EQUITY_MULTIPLIER":4.548928338405,"EQUITY_RATIO":3.52745944481},{"SECUCODE":"06882.HK","SECURITY_CODE":"06882","SECURITY_NAME_ABBR":"东瀛游","ORG_CODE":"10426688","STD_REPORT_DATE":"2020-12-31 00:00:00","REPORT_DATE":"2020-12-31 00:00:00","DATE_TYPE_CODE":"001","REPORT_TYPE":"2020年年报","PER_NETCASH_OPERATE":-0.354301209991,"PER_OI":0.418384445099,"BPS":0.423094747975,"BASIC_EPS":-0.18221506,"DILUTED_EPS":-0.18221506,"OPERATE_INCOME":210217264.44,"OPERATE_INCOME_YOY":-85.5484028495,"GROSS_PROFIT":-10768783.8,"GROSS_PROFIT_YOY":-103.847024948505,"HOLDER_PROFIT":-91536766.4,"HOLDER_PROFIT_YOY":-876.8016570245,"GROSS_PROFIT_RATIO":12.146326034648,"EPS_TTM":-0.182180846651,"OPERATE_INCOME_QOQ":-79.356938844785,"NET_PROFIT_RATIO":-43.9098213964,"ROE_AVG":-36.06339942967,"GROSS_PROFIT_QOQ":-85.264168309669,"ROA":-10.138944369581,"HOLDER_PROFIT_QOQ":-69.61464385133,"ROE_YEARLY":-36.06339942967,"ROIC_YEARLY":-11.828225369238,"TOTAL_ASSETS":886676998.04,"TOTAL_LIABILITIES":674892599.92,"TAX_EBT":26.688012620405,"OCF_SALES":-84.683169783522,"TOTAL_PARENT_EQUITY":212583956.12,"DEBT_ASSET_RATIO":76.1148198737,"OPERATE_PROFIT":-119137508.56,"PRETAX_PROFIT":-125908502.36,"NETCASH_OPERATE":-178018642.96,"NETCASH_INVEST":-119676158.16,"NETCASH_FINANCE":208691371.12,"END_CASH":83143090.68,"DIVI_RATIO":-0.300584836477,"DIVIDEND_RATE":8.695652173913,"CURRENT_RATIO":0.673170690581,"COMMON_ACS":1000000000,"CURRENTDEBT_DEBT":44.374705379123,"ISSUED_COMMON_SHARES":502450000,"HK_COMMON_SHARES":502450000,"PER_SHARES":2000,"TOTAL_MARKET_CAP":346690500,"HKSK_MARKET_CAP":346690500,"PE_TTM":4.074541351793,"PB_TTM":5.646517044252,"REPORT_DATE_SQ":"2019-12-31 00:00:00","REPORT_TYPE_SQ":"2019年年报","OPERATE_INCOME_SQ":1548201655.84,"DPS_HKD":0.06,"OPERATE_INCOME_QOQ_SQ":-0.923627478961,"NET_PROFIT_RATIO_SQ":0.8461935466,"HOLDER_PROFIT_SQ":12541815.78,"HOLDER_PROFIT_QOQ_SQ":-40.674720766965,"ROE_AVG_SQ":3.968582410231,"PE_TTM_SQ":88.985452245414,"PB_TTM_SQ":9.539974232047,"ROA_SQ":1.397057209398,"START_DATE":"2020-01-01 00:00:00","FISCAL_YEAR":"12-31","CURRENCY":"HKD","IS_CNY_CODE":0,"DPS_HKD_LY":null,"ORG_TYPE":"一般企业","PREMIUM_INCOME":null,"PREMIUM_INCOME_YOY":null,"NET_INTEREST_INCOME":null,"NET_INTEREST_INCOME_YOY":null,"FEE_COMMISSION_INCOME":null,"FEE_COMMISSION_INCOME_YOY":null,"ACCOUNTS_RECE_TDAYS":56.42629617079,"INVENTORY_TDAYS":137.748273697426,"CURRENT_ASSETS_TDAYS":0.768053505535,"TOTAL_ASSETS_TDAYS":0.232844269413,"PREMIUM_EXPENSE":null,"LOAN_DEPOSIT":null,"LOAN_EQUITY":null,"LOAN_ASSETS":null,"DEPOSIT_EQUITY":null,"DEPOSIT_ASSETS":null,"EQUITY_MULTIPLIER":4.186696498466,"EQUITY_RATIO":3.174710887114},{"SECUCODE":"06882.HK","SECURITY_CODE":"06882","SECURITY_NAME_ABBR":"东瀛游","ORG_CODE":"10426688","STD_REPORT_DATE":"2020-06-30 00:00:00","REPORT_DATE":"2020-06-30 00:00:00","DATE_TYPE_CODE":"002","REPORT_TYPE":"2020年中报","PER_NETCASH_OPERATE":-0.358424075311,"PER_OI":0.429799471549,"BPS":0.517200290417,"BASIC_EPS":-0.120300048,"DILUTED_EPS":-0.120300048,"OPERATE_INCOME":215952744.48,"OPERATE_INCOME_YOY":-72.1153755426,"GROSS_PROFIT":14572108.32,"GROSS_PROFIT_YOY":-89.471788521403,"HOLDER_PROFIT":-60441411.36,"HOLDER_PROFIT_YOY":-1059.2490576979,"GROSS_PROFIT_RATIO":14.707487194237,"EPS_TTM":-0.107408677998,"OPERATE_INCOME_QOQ":-34.224106912773,"NET_PROFIT_RATIO":-28.1143065008,"ROE_AVG":-20.838332782213,"GROSS_PROFIT_QOQ":-38.099093776931,"ROA":-6.468132942326,"HOLDER_PROFIT_QOQ":-530.300454150029,"ROE_YEARLY":-41.676665564426,"ROIC_YEARLY":-15.087142274905,"TOTAL_ASSETS":871531372.8,"TOTAL_LIABILITIES":609671874.24,"TAX_EBT":13.942979957533,"OCF_SALES":-83.393326199047,"TOTAL_PARENT_EQUITY":259867285.92,"DEBT_ASSET_RATIO":69.9540938247,"OPERATE_PROFIT":-66836404.8,"PRETAX_PROFIT":-70550451.84,"NETCASH_OPERATE":-180090176.64,"NETCASH_INVEST":-40659954.72,"NETCASH_FINANCE":106766520.96,"END_CASH":73934747.04,"DIVI_RATIO":-0.509835899862,"DIVIDEND_RATE":8.695652173913,"CURRENT_RATIO":0.870678537336,"COMMON_ACS":1000000000,"CURRENTDEBT_DEBT":38.453298094528,"ISSUED_COMMON_SHARES":502450000,"HK_COMMON_SHARES":502450000,"PER_SHARES":2000,"TOTAL_MARKET_CAP":346690500,"HKSK_MARKET_CAP":346690500,"PE_TTM":4.074541351793,"PB_TTM":5.646517044252,"REPORT_DATE_SQ":"2019-06-30 00:00:00","REPORT_TYPE_SQ":"2019年中报","OPERATE_INCOME_SQ":745810934.4,"DPS_HKD":0.06,"OPERATE_INCOME_QOQ_SQ":0.383215101229,"NET_PROFIT_RATIO_SQ":0.8499245141,"HOLDER_PROFIT_SQ":6067894.68,"HOLDER_PROFIT_QOQ_SQ":-30.701149625206,"ROE_AVG_SQ":1.975013134782,"PE_TTM_SQ":88.985452245414,"PB_TTM_SQ":9.539974232047,"ROA_SQ":0.693658824038,"START_DATE":"2020-01-01 00:00:00","FISCAL_YEAR":"12-31","CURRENCY":"HKD","IS_CNY_CODE":0,"DPS_HKD_LY":null,"ORG_TYPE":"一般企业","PREMIUM_INCOME":null,"PREMIUM_INCOME_YOY":null,"NET_INTEREST_INCOME":null,"NET_INTEREST_INCOME_YOY":null,"FEE_COMMISSION_INCOME":null,"FEE_COMMISSION_INCOME_YOY":null,"ACCOUNTS_RECE_TDAYS":58.47563690329,"INVENTORY_TDAYS":110.642524005487,"CURRENT_ASSETS_TDAYS":0.74540813994,"TOTAL_ASSETS_TDAYS":0.231101661779,"PREMIUM_EXPENSE":null,"LOAN_DEPOSIT":null,"LOAN_EQUITY":null,"LOAN_ASSETS":null,"DEPOSIT_EQUITY":null,"DEPOSIT_ASSETS":null,"EQUITY_MULTIPLIER":3.328240440363,"EQUITY_RATIO":2.346089358965}],"count":25},"success":true,"message":"ok","code":0}