{"version":"6d42961d90f92b7532abaa0de74b1962","result":{"pages":5,"data":[{"SECUCODE":"06881.HK","SECURITY_CODE":"06881","SECURITY_NAME_ABBR":"中国银河","ORG_CODE":"10004876","STD_REPORT_DATE":"2024-09-30 00:00:00","REPORT_DATE":"2024-09-30 00:00:00","DATE_TYPE_CODE":"004","REPORT_TYPE":"2024年三季报","PER_NETCASH_OPERATE":5.309489936474,"PER_OI":2.477119115404,"BPS":9.770985497573,"BASIC_EPS":0.55,"DILUTED_EPS":0.55,"OPERATE_INCOME":27085816843.85,"OPERATE_INCOME_YOY":6.2886279991,"GROSS_PROFIT":null,"GROSS_PROFIT_YOY":null,"HOLDER_PROFIT":6963658334.31,"HOLDER_PROFIT_YOY":5.4571468359,"GROSS_PROFIT_RATIO":null,"EPS_TTM":0.753504482773,"OPERATE_INCOME_QOQ":3.785620397217,"NET_PROFIT_RATIO":25.7107196113,"ROE_AVG":5.213595772063,"GROSS_PROFIT_QOQ":null,"ROA":0.986966481462,"HOLDER_PROFIT_QOQ":12.443134298309,"ROE_YEARLY":6.951461029418,"ROIC_YEARLY":1.213971692966,"TOTAL_ASSETS":747918275097.78,"TOTAL_LIABILITIES":611221341991.95,"TAX_EBT":5.912400455986,"OCF_SALES":214.341325108576,"TOTAL_PARENT_EQUITY":136668208509.55,"DEBT_ASSET_RATIO":81.7230120379,"OPERATE_PROFIT":7392814782.56,"PRETAX_PROFIT":7401568811.31,"NETCASH_OPERATE":58056098739.59,"NETCASH_INVEST":-3327279046.13,"NETCASH_FINANCE":-20432342799.06,"END_CASH":157901718023.13,"DIVI_RATIO":0.40005350738,"DIVIDEND_RATE":4.239961685824,"CURRENT_RATIO":1.040772842371,"COMMON_ACS":null,"CURRENTDEBT_DEBT":92.484030863779,"ISSUED_COMMON_SHARES":10934402256,"HK_COMMON_SHARES":3690984633,"PER_SHARES":500,"TOTAL_MARKET_CAP":85616369664.48,"HKSK_MARKET_CAP":28900409676.39,"PE_TTM":9.285842266602,"PB_TTM":0.722651333558,"REPORT_DATE_SQ":"2023-09-30 00:00:00","REPORT_TYPE_SQ":"2023年三季报","OPERATE_INCOME_SQ":25483268863.05,"DPS_HKD":0.331989,"OPERATE_INCOME_QOQ_SQ":-3.788429151195,"NET_PROFIT_RATIO_SQ":25.912777635,"HOLDER_PROFIT_SQ":6603306217.97,"HOLDER_PROFIT_QOQ_SQ":-5.367014076835,"ROE_AVG_SQ":5.917687051084,"PE_TTM_SQ":5.041134363741,"PB_TTM_SQ":0.425134105761,"ROA_SQ":1.014692422481,"START_DATE":"2024-01-01 00:00:00","FISCAL_YEAR":"12-31","CURRENCY":"HKD","IS_CNY_CODE":0,"DPS_HKD_LY":0.331989,"ORG_TYPE":"证券","PREMIUM_INCOME":null,"PREMIUM_INCOME_YOY":null,"NET_INTEREST_INCOME":2625915516.96,"NET_INTEREST_INCOME_YOY":null,"FEE_COMMISSION_INCOME":4447275739.8,"FEE_COMMISSION_INCOME_YOY":-9.577821833545,"ACCOUNTS_RECE_TDAYS":1.764245528281,"INVENTORY_TDAYS":null,"CURRENT_ASSETS_TDAYS":0.046734080136,"TOTAL_ASSETS_TDAYS":0.038389007709,"PREMIUM_EXPENSE":null,"LOAN_DEPOSIT":null,"LOAN_EQUITY":null,"LOAN_ASSETS":null,"DEPOSIT_EQUITY":null,"DEPOSIT_ASSETS":null,"EQUITY_MULTIPLIER":5.47136104742,"EQUITY_RATIO":4.472300827366},{"SECUCODE":"06881.HK","SECURITY_CODE":"06881","SECURITY_NAME_ABBR":"中国银河","ORG_CODE":"10004876","STD_REPORT_DATE":"2024-06-30 00:00:00","REPORT_DATE":"2024-06-30 00:00:00","DATE_TYPE_CODE":"002","REPORT_TYPE":"2024年中报","PER_NETCASH_OPERATE":1.005092344574,"PER_OI":2.095305848788,"BPS":9.52078143484,"BASIC_EPS":0.35,"DILUTED_EPS":0.35,"OPERATE_INCOME":22910917000,"OPERATE_INCOME_YOY":-0.4169022307,"GROSS_PROFIT":null,"GROSS_PROFIT_YOY":null,"HOLDER_PROFIT":4387820000,"HOLDER_PROFIT_YOY":-11.163741982,"GROSS_PROFIT_RATIO":null,"EPS_TTM":0.670120490215,"OPERATE_INCOME_QOQ":3.191082738856,"NET_PROFIT_RATIO":19.1526598433,"ROE_AVG":3.319092986787,"GROSS_PROFIT_QOQ":null,"ROA":0.613889583764,"HOLDER_PROFIT_QOQ":0.911709799494,"ROE_YEARLY":6.638185973573,"ROIC_YEARLY":1.532225425468,"TOTAL_ASSETS":766309103000,"TOTAL_LIABILITIES":632348071000,"TAX_EBT":3.397068966618,"OCF_SALES":47.96876528338,"TOTAL_PARENT_EQUITY":133932377000,"DEBT_ASSET_RATIO":82.5186688406,"OPERATE_PROFIT":4552397000,"PRETAX_PROFIT":4542357000,"NETCASH_OPERATE":10990084000,"NETCASH_INVEST":-2849189000,"NETCASH_FINANCE":-8421887000,"END_CASH":26071712000,"DIVI_RATIO":0.449832702569,"DIVIDEND_RATE":4.585483425414,"CURRENT_RATIO":1.193259811069,"COMMON_ACS":null,"CURRENTDEBT_DEBT":88.136348881185,"ISSUED_COMMON_SHARES":10934402256,"HK_COMMON_SHARES":3690984633,"PER_SHARES":500,"TOTAL_MARKET_CAP":79165072333.44,"HKSK_MARKET_CAP":26722728742.92,"PE_TTM":8.586142785466,"PB_TTM":0.668198678795,"REPORT_DATE_SQ":"2023-06-30 00:00:00","REPORT_TYPE_SQ":"2023年中报","OPERATE_INCOME_SQ":23006833000,"DPS_HKD":0.331989,"OPERATE_INCOME_QOQ_SQ":-3.327607086563,"NET_PROFIT_RATIO_SQ":21.4694043287,"HOLDER_PROFIT_SQ":4939222000,"HOLDER_PROFIT_QOQ_SQ":-0.917262171334,"ROE_AVG_SQ":4.486802351591,"PE_TTM_SQ":4.974452617927,"PB_TTM_SQ":0.419510632484,"ROA_SQ":0.750809221842,"START_DATE":"2024-01-01 00:00:00","FISCAL_YEAR":"12-31","CURRENCY":"HKD","IS_CNY_CODE":0,"DPS_HKD_LY":0.331989,"ORG_TYPE":"证券","PREMIUM_INCOME":null,"PREMIUM_INCOME_YOY":null,"NET_INTEREST_INCOME":7121625000,"NET_INTEREST_INCOME_YOY":null,"FEE_COMMISSION_INCOME":3575747000,"FEE_COMMISSION_INCOME_YOY":-5.435465320314,"ACCOUNTS_RECE_TDAYS":1.62069078503,"INVENTORY_TDAYS":null,"CURRENT_ASSETS_TDAYS":0.037077071143,"TOTAL_ASSETS_TDAYS":0.032054125513,"PREMIUM_EXPENSE":null,"LOAN_DEPOSIT":null,"LOAN_EQUITY":null,"LOAN_ASSETS":null,"DEPOSIT_EQUITY":null,"DEPOSIT_ASSETS":null,"EQUITY_MULTIPLIER":5.720388172283,"EQUITY_RATIO":4.721398105254},{"SECUCODE":"06881.HK","SECURITY_CODE":"06881","SECURITY_NAME_ABBR":"中国银河","ORG_CODE":"10004876","STD_REPORT_DATE":"2024-03-31 00:00:00","REPORT_DATE":"2024-03-31 00:00:00","DATE_TYPE_CODE":"003","REPORT_TYPE":"2024年一季报","PER_NETCASH_OPERATE":7.530768919801,"PER_OI":0.659759315976,"BPS":9.43601656265,"BASIC_EPS":0.12,"DILUTED_EPS":0.12,"OPERATE_INCOME":7214073753.02,"OPERATE_INCOME_YOY":-17.0551368967,"GROSS_PROFIT":null,"GROSS_PROFIT_YOY":null,"HOLDER_PROFIT":1631459082.73,"HOLDER_PROFIT_YOY":-27.4604615694,"GROSS_PROFIT_RATIO":null,"EPS_TTM":0.664066134195,"OPERATE_INCOME_QOQ":-3.299131002578,"NET_PROFIT_RATIO":22.6162631061,"ROE_AVG":1.238431250964,"GROSS_PROFIT_QOQ":null,"ROA":0.227848577408,"HOLDER_PROFIT_QOQ":-7.838823096984,"ROE_YEARLY":4.953725003856,"ROIC_YEARLY":1.124108723718,"TOTAL_ASSETS":768850238558.42,"TOTAL_LIABILITIES":635816195801.24,"TAX_EBT":8.17741104417,"OCF_SALES":1141.44184666283,"TOTAL_PARENT_EQUITY":133005523431.83,"DEBT_ASSET_RATIO":82.69701483,"OPERATE_PROFIT":1785705275.88,"PRETAX_PROFIT":1776854605.39,"NETCASH_OPERATE":82344456666.09,"NETCASH_INVEST":-35287430011.27,"NETCASH_FINANCE":-4920927200.03,"END_CASH":165703371976.48,"DIVI_RATIO":0.453933871399,"DIVIDEND_RATE":4.462217741935,"CURRENT_RATIO":0.977135703648,"COMMON_ACS":null,"CURRENTDEBT_DEBT":92.657252155621,"ISSUED_COMMON_SHARES":10934402256,"HK_COMMON_SHARES":3690984633,"PER_SHARES":500,"TOTAL_MARKET_CAP":81351952784.64,"HKSK_MARKET_CAP":27460925669.52,"PE_TTM":8.823329050258,"PB_TTM":0.686657205833,"REPORT_DATE_SQ":"2023-03-31 00:00:00","REPORT_TYPE_SQ":"2023年一季报","OPERATE_INCOME_SQ":8697432828.4,"DPS_HKD":0.331989,"OPERATE_INCOME_QOQ_SQ":3.107155427425,"NET_PROFIT_RATIO_SQ":25.8561170112,"HOLDER_PROFIT_SQ":2249061846.86,"HOLDER_PROFIT_QOQ_SQ":8.887652313034,"ROE_AVG_SQ":2.160801044996,"PE_TTM_SQ":4.998957310626,"PB_TTM_SQ":0.421577187324,"ROA_SQ":0.351062343641,"START_DATE":"2024-01-01 00:00:00","FISCAL_YEAR":"12-31","CURRENCY":"HKD","IS_CNY_CODE":0,"DPS_HKD_LY":0.331989,"ORG_TYPE":"证券","PREMIUM_INCOME":null,"PREMIUM_INCOME_YOY":null,"NET_INTEREST_INCOME":929909823.62,"NET_INTEREST_INCOME_YOY":null,"FEE_COMMISSION_INCOME":1474789382.75,"FEE_COMMISSION_INCOME_YOY":-3.268991224953,"ACCOUNTS_RECE_TDAYS":0.530427207671,"INVENTORY_TDAYS":null,"CURRENT_ASSETS_TDAYS":0.012584782305,"TOTAL_ASSETS_TDAYS":0.01007513127,"PREMIUM_EXPENSE":null,"LOAN_DEPOSIT":null,"LOAN_EQUITY":null,"LOAN_ASSETS":null,"DEPOSIT_EQUITY":null,"DEPOSIT_ASSETS":null,"EQUITY_MULTIPLIER":5.779349575666,"EQUITY_RATIO":4.780374373904},{"SECUCODE":"06881.HK","SECURITY_CODE":"06881","SECURITY_NAME_ABBR":"中国银河","ORG_CODE":"10004876","STD_REPORT_DATE":"2023-12-31 00:00:00","REPORT_DATE":"2023-12-31 00:00:00","DATE_TYPE_CODE":"001","REPORT_TYPE":"2023年年报","PER_NETCASH_OPERATE":-2.761297443894,"PER_OI":4.11198654918,"BPS":9.203798766849,"BASIC_EPS":0.67,"DILUTED_EPS":0.65,"OPERATE_INCOME":44962115000,"OPERATE_INCOME_YOY":2.6976602275,"GROSS_PROFIT":null,"GROSS_PROFIT_YOY":null,"HOLDER_PROFIT":7878769000,"HOLDER_PROFIT_YOY":1.4318414429,"GROSS_PROFIT_RATIO":null,"EPS_TTM":0.720548669743,"OPERATE_INCOME_QOQ":7.088286477653,"NET_PROFIT_RATIO":17.5347823384,"ROE_AVG":6.761003204225,"GROSS_PROFIT_QOQ":null,"ROA":1.223011557804,"HOLDER_PROFIT_QOQ":-0.563226086988,"ROE_YEARLY":6.761003204225,"ROIC_YEARLY":1.488316870142,"TOTAL_ASSETS":663205297156.44,"TOTAL_LIABILITIES":532710510748.47,"TAX_EBT":3.069225141139,"OCF_SALES":-67.152394855091,"TOTAL_PARENT_EQUITY":130466361900.54,"DEBT_ASSET_RATIO":80.3236212693,"OPERATE_PROFIT":8135965000,"PRETAX_PROFIT":8133649000,"NETCASH_OPERATE":-30193137000,"NETCASH_INVEST":12623505000,"NETCASH_FINANCE":17031013000,"END_CASH":26334956000,"DIVI_RATIO":0.418350798243,"DIVIDEND_RATE":4.585483425414,"CURRENT_RATIO":1.251536065198,"COMMON_ACS":null,"CURRENTDEBT_DEBT":91.476317188269,"ISSUED_COMMON_SHARES":10934402256,"HK_COMMON_SHARES":3690984633,"PER_SHARES":500,"TOTAL_MARKET_CAP":79165072333.44,"HKSK_MARKET_CAP":26722728742.92,"PE_TTM":8.586142785466,"PB_TTM":0.668198678795,"REPORT_DATE_SQ":"2022-12-31 00:00:00","REPORT_TYPE_SQ":"2022年年报","OPERATE_INCOME_SQ":43781051000,"DPS_HKD":0.331989,"OPERATE_INCOME_QOQ_SQ":-5.750691998689,"NET_PROFIT_RATIO_SQ":17.7279343979,"HOLDER_PROFIT_SQ":7767550000,"HOLDER_PROFIT_QOQ_SQ":-18.051386977902,"ROE_AVG_SQ":7.701033837464,"PE_TTM_SQ":4.974452617927,"PB_TTM_SQ":0.419510632484,"ROA_SQ":1.309408873984,"START_DATE":"2023-01-01 00:00:00","FISCAL_YEAR":"12-31","CURRENCY":"HKD","IS_CNY_CODE":0,"DPS_HKD_LY":0.245202,"ORG_TYPE":"证券","PREMIUM_INCOME":null,"PREMIUM_INCOME_YOY":null,"NET_INTEREST_INCOME":14448369000,"NET_INTEREST_INCOME_YOY":null,"FEE_COMMISSION_INCOME":7581992000,"FEE_COMMISSION_INCOME_YOY":-10.946654969838,"ACCOUNTS_RECE_TDAYS":3.838876657471,"INVENTORY_TDAYS":null,"CURRENT_ASSETS_TDAYS":0.081493811714,"TOTAL_ASSETS_TDAYS":0.069794134475,"PREMIUM_EXPENSE":null,"LOAN_DEPOSIT":null,"LOAN_EQUITY":null,"LOAN_ASSETS":null,"DEPOSIT_EQUITY":null,"DEPOSIT_ASSETS":null,"EQUITY_MULTIPLIER":5.082235982985,"EQUITY_RATIO":4.083125358815},{"SECUCODE":"06881.HK","SECURITY_CODE":"06881","SECURITY_NAME_ABBR":"中国银河","ORG_CODE":"10004876","STD_REPORT_DATE":"2023-09-30 00:00:00","REPORT_DATE":"2023-09-30 00:00:00","DATE_TYPE_CODE":"004","REPORT_TYPE":"2023年三季报","PER_NETCASH_OPERATE":-2.669376224475,"PER_OI":2.414978526524,"BPS":8.72013124745,"BASIC_EPS":0.6,"DILUTED_EPS":0.57,"OPERATE_INCOME":25483268863.05,"OPERATE_INCOME_YOY":-6.5804177854,"GROSS_PROFIT":null,"GROSS_PROFIT_YOY":null,"HOLDER_PROFIT":6603306217.97,"HOLDER_PROFIT_YOY":2.5285735498,"GROSS_PROFIT_RATIO":null,"EPS_TTM":0.750878170664,"OPERATE_INCOME_QOQ":-3.788429151195,"NET_PROFIT_RATIO":25.912777635,"ROE_AVG":5.917687051084,"GROSS_PROFIT_QOQ":null,"ROA":1.014692422481,"HOLDER_PROFIT_QOQ":-5.367014076835,"ROE_YEARLY":7.890249401445,"ROIC_YEARLY":1.209833335858,"TOTAL_ASSETS":676322766219.97,"TOTAL_LIABILITIES":555726328135.22,"TAX_EBT":1.830673174747,"OCF_SALES":-110.534159834425,"TOTAL_PARENT_EQUITY":120573136958.2,"DEBT_ASSET_RATIO":82.168803993,"OPERATE_PROFIT":6800155425.1,"PRETAX_PROFIT":6726564201.01,"NETCASH_OPERATE":-28167717136.12,"NETCASH_INVEST":2830761172.35,"NETCASH_FINANCE":2088257615.28,"END_CASH":111586875566.41,"DIVI_RATIO":0.401452756169,"DIVIDEND_RATE":4.462217741935,"CURRENT_RATIO":1.004326732455,"COMMON_ACS":null,"CURRENTDEBT_DEBT":91.539198729208,"ISSUED_COMMON_SHARES":10934402256,"HK_COMMON_SHARES":3690984633,"PER_SHARES":500,"TOTAL_MARKET_CAP":81351952784.64,"HKSK_MARKET_CAP":27460925669.52,"PE_TTM":8.823329050258,"PB_TTM":0.686657205833,"REPORT_DATE_SQ":"2022-09-30 00:00:00","REPORT_TYPE_SQ":"2022年三季报","OPERATE_INCOME_SQ":27278294613.33,"DPS_HKD":0.331989,"OPERATE_INCOME_QOQ_SQ":-5.137041221568,"NET_PROFIT_RATIO_SQ":23.6123338825,"HOLDER_PROFIT_SQ":6440454586.8,"HOLDER_PROFIT_QOQ_SQ":-9.82291294866,"ROE_AVG_SQ":6.373304595997,"PE_TTM_SQ":4.998957310626,"PB_TTM_SQ":0.421577187324,"ROA_SQ":1.089325323982,"START_DATE":"2023-01-01 00:00:00","FISCAL_YEAR":"12-31","CURRENCY":"HKD","IS_CNY_CODE":0,"DPS_HKD_LY":0.245202,"ORG_TYPE":"证券","PREMIUM_INCOME":null,"PREMIUM_INCOME_YOY":null,"NET_INTEREST_INCOME":3320288122.31,"NET_INTEREST_INCOME_YOY":null,"FEE_COMMISSION_INCOME":4918346173.45,"FEE_COMMISSION_INCOME_YOY":-16.40811708452,"ACCOUNTS_RECE_TDAYS":2.280046445578,"INVENTORY_TDAYS":null,"CURRENT_ASSETS_TDAYS":0.048839991559,"TOTAL_ASSETS_TDAYS":0.039158686515,"PREMIUM_EXPENSE":null,"LOAN_DEPOSIT":null,"LOAN_EQUITY":null,"LOAN_ASSETS":null,"DEPOSIT_EQUITY":null,"DEPOSIT_ASSETS":null,"EQUITY_MULTIPLIER":5.608148772564,"EQUITY_RATIO":4.609039311367},{"SECUCODE":"06881.HK","SECURITY_CODE":"06881","SECURITY_NAME_ABBR":"中国银河","ORG_CODE":"10004876","STD_REPORT_DATE":"2023-06-30 00:00:00","REPORT_DATE":"2023-06-30 00:00:00","DATE_TYPE_CODE":"002","REPORT_TYPE":"2023年中报","PER_NETCASH_OPERATE":1.137544193016,"PER_OI":2.223501746628,"BPS":8.426880852078,"BASIC_EPS":0.45,"DILUTED_EPS":0.43,"OPERATE_INCOME":23006833000,"OPERATE_INCOME_YOY":-0.6124901808,"GROSS_PROFIT":null,"GROSS_PROFIT_YOY":null,"HOLDER_PROFIT":4939222000,"HOLDER_PROFIT_YOY":14.1487999893,"GROSS_PROFIT_RATIO":null,"EPS_TTM":0.809187998826,"OPERATE_INCOME_QOQ":-3.327607086563,"NET_PROFIT_RATIO":21.4694043287,"ROE_AVG":4.486802351591,"GROSS_PROFIT_QOQ":null,"ROA":0.750809221842,"HOLDER_PROFIT_QOQ":-0.917262171334,"ROE_YEARLY":8.973604703182,"ROIC_YEARLY":1.810632016322,"TOTAL_ASSETS":690490545000,"TOTAL_LIABILITIES":572899193000,"TAX_EBT":4.204678105121,"OCF_SALES":51.160031456742,"TOTAL_PARENT_EQUITY":117567959000,"DEBT_ASSET_RATIO":82.9698823754,"OPERATE_PROFIT":5163479000,"PRETAX_PROFIT":5156233000,"NETCASH_OPERATE":11770303000,"NETCASH_INVEST":-7377385000,"NETCASH_FINANCE":2101973000,"END_CASH":33433000000,"DIVI_RATIO":0.37252419907,"DIVIDEND_RATE":4.585483425414,"CURRENT_RATIO":1.242920162739,"COMMON_ACS":null,"CURRENTDEBT_DEBT":84.946410807739,"ISSUED_COMMON_SHARES":10934402256,"HK_COMMON_SHARES":3690984633,"PER_SHARES":500,"TOTAL_MARKET_CAP":79165072333.44,"HKSK_MARKET_CAP":26722728742.92,"PE_TTM":8.586142785466,"PB_TTM":0.668198678795,"REPORT_DATE_SQ":"2022-06-30 00:00:00","REPORT_TYPE_SQ":"2022年中报","OPERATE_INCOME_SQ":23148616000,"DPS_HKD":0.331989,"OPERATE_INCOME_QOQ_SQ":8.734093355724,"NET_PROFIT_RATIO_SQ":18.6918086161,"HOLDER_PROFIT_SQ":4327003000,"HOLDER_PROFIT_QOQ_SQ":5.011505420216,"ROE_AVG_SQ":4.332671032674,"PE_TTM_SQ":4.974452617927,"PB_TTM_SQ":0.419510632484,"ROA_SQ":0.735930116984,"START_DATE":"2023-01-01 00:00:00","FISCAL_YEAR":"12-31","CURRENCY":"HKD","IS_CNY_CODE":0,"DPS_HKD_LY":0.245202,"ORG_TYPE":"证券","PREMIUM_INCOME":null,"PREMIUM_INCOME_YOY":null,"NET_INTEREST_INCOME":7299315000,"NET_INTEREST_INCOME_YOY":null,"FEE_COMMISSION_INCOME":3781277000,"FEE_COMMISSION_INCOME_YOY":-11.651023509013,"ACCOUNTS_RECE_TDAYS":1.987439055573,"INVENTORY_TDAYS":null,"CURRENT_ASSETS_TDAYS":0.040451261991,"TOTAL_ASSETS_TDAYS":0.034972597672,"PREMIUM_EXPENSE":null,"LOAN_DEPOSIT":null,"LOAN_EQUITY":null,"LOAN_ASSETS":null,"DEPOSIT_EQUITY":null,"DEPOSIT_ASSETS":null,"EQUITY_MULTIPLIER":5.871950047811,"EQUITY_RATIO":4.872919440576},{"SECUCODE":"06881.HK","SECURITY_CODE":"06881","SECURITY_NAME_ABBR":"中国银河","ORG_CODE":"10004876","STD_REPORT_DATE":"2023-03-31 00:00:00","REPORT_DATE":"2023-03-31 00:00:00","DATE_TYPE_CODE":"003","REPORT_TYPE":"2023年一季报","PER_NETCASH_OPERATE":0.533128018148,"PER_OI":0.857964639782,"BPS":8.197508796266,"BASIC_EPS":0.21,"DILUTED_EPS":0.19,"OPERATE_INCOME":8697432828.4,"OPERATE_INCOME_YOY":18.540671588,"GROSS_PROFIT":null,"GROSS_PROFIT_YOY":null,"HOLDER_PROFIT":2249061846.86,"HOLDER_PROFIT_YOY":44.2324219928,"GROSS_PROFIT_RATIO":null,"EPS_TTM":0.8335834925,"OPERATE_INCOME_QOQ":3.107155427425,"NET_PROFIT_RATIO":25.8561170112,"ROE_AVG":2.160801044996,"GROSS_PROFIT_QOQ":null,"ROA":0.351062343641,"HOLDER_PROFIT_QOQ":8.887652313034,"ROE_YEARLY":8.643204179985,"ROIC_YEARLY":1.707974333511,"TOTAL_ASSETS":656073418853.59,"TOTAL_LIABILITIES":550479936879.23,"TAX_EBT":12.214648249895,"OCF_SALES":62.138693534403,"TOTAL_PARENT_EQUITY":105570540862.22,"DEBT_ASSET_RATIO":83.9052339357,"OPERATE_PROFIT":2574510339.23,"PRETAX_PROFIT":2561723982.7,"NETCASH_OPERATE":5404471130.6,"NETCASH_INVEST":-14312653182.83,"NETCASH_FINANCE":-4746143462.41,"END_CASH":120934342774.54,"DIVI_RATIO":0.361621977729,"DIVIDEND_RATE":4.462217741935,"CURRENT_RATIO":0.923974222213,"COMMON_ACS":null,"CURRENTDEBT_DEBT":94.363832403457,"ISSUED_COMMON_SHARES":10934402256,"HK_COMMON_SHARES":3690984633,"PER_SHARES":500,"TOTAL_MARKET_CAP":81351952784.64,"HKSK_MARKET_CAP":27460925669.52,"PE_TTM":8.823329050258,"PB_TTM":0.686657205833,"REPORT_DATE_SQ":"2022-03-31 00:00:00","REPORT_TYPE_SQ":"2022年一季报","OPERATE_INCOME_SQ":7337087526.07,"DPS_HKD":0.331989,"OPERATE_INCOME_QOQ_SQ":-0.535667840307,"NET_PROFIT_RATIO_SQ":21.1977410364,"HOLDER_PROFIT_SQ":1559331678.54,"HOLDER_PROFIT_QOQ_SQ":-4.121053643742,"ROE_AVG_SQ":1.551927045348,"PE_TTM_SQ":4.998957310626,"PB_TTM_SQ":0.421577187324,"ROA_SQ":0.273471242271,"START_DATE":"2023-01-01 00:00:00","FISCAL_YEAR":"12-31","CURRENCY":"HKD","IS_CNY_CODE":0,"DPS_HKD_LY":0.245202,"ORG_TYPE":"证券","PREMIUM_INCOME":null,"PREMIUM_INCOME_YOY":null,"NET_INTEREST_INCOME":1118894373.32,"NET_INTEREST_INCOME_YOY":null,"FEE_COMMISSION_INCOME":1524629383.51,"FEE_COMMISSION_INCOME_YOY":-25.839386123461,"ACCOUNTS_RECE_TDAYS":0.763729029441,"INVENTORY_TDAYS":null,"CURRENT_ASSETS_TDAYS":0.017178507706,"TOTAL_ASSETS_TDAYS":0.013576065757,"PREMIUM_EXPENSE":null,"LOAN_DEPOSIT":null,"LOAN_EQUITY":null,"LOAN_ASSETS":null,"DEPOSIT_EQUITY":null,"DEPOSIT_ASSETS":null,"EQUITY_MULTIPLIER":6.213199968269,"EQUITY_RATIO":5.214332827921},{"SECUCODE":"06881.HK","SECURITY_CODE":"06881","SECURITY_NAME_ABBR":"中国银河","ORG_CODE":"10004876","STD_REPORT_DATE":"2022-12-31 00:00:00","REPORT_DATE":"2022-12-31 00:00:00","DATE_TYPE_CODE":"001","REPORT_TYPE":"2022年年报","PER_NETCASH_OPERATE":2.843518470566,"PER_OI":4.318816526652,"BPS":7.924897947892,"BASIC_EPS":0.7,"DILUTED_EPS":0.67,"OPERATE_INCOME":43781051000,"OPERATE_INCOME_YOY":-3.3041256078,"GROSS_PROFIT":null,"GROSS_PROFIT_YOY":null,"HOLDER_PROFIT":7767550000,"HOLDER_PROFIT_YOY":-25.5957150738,"GROSS_PROFIT_RATIO":null,"EPS_TTM":0.765545022732,"OPERATE_INCOME_QOQ":-5.750691998689,"NET_PROFIT_RATIO":17.7279343979,"ROE_AVG":7.701033837464,"GROSS_PROFIT_QOQ":null,"ROA":1.309408873984,"HOLDER_PROFIT_QOQ":-18.051386977902,"ROE_YEARLY":7.701033837464,"ROIC_YEARLY":1.624272549316,"TOTAL_ASSETS":625222928000,"TOTAL_LIABILITIES":522601017000,"TAX_EBT":2.539058800003,"OCF_SALES":65.840223890468,"TOTAL_PARENT_EQUITY":102598726000,"DEBT_ASSET_RATIO":83.5876011973,"OPERATE_PROFIT":7969995000,"PRETAX_PROFIT":7970867000,"NETCASH_OPERATE":28825542000,"NETCASH_INVEST":-24811024000,"NETCASH_FINANCE":2458105000,"END_CASH":26779084000,"DIVI_RATIO":0.393761440816,"DIVIDEND_RATE":4.585483425414,"CURRENT_RATIO":1.187123227491,"COMMON_ACS":null,"CURRENTDEBT_DEBT":85.854231125616,"ISSUED_COMMON_SHARES":10934402256,"HK_COMMON_SHARES":3690984633,"PER_SHARES":500,"TOTAL_MARKET_CAP":79165072333.44,"HKSK_MARKET_CAP":26722728742.92,"PE_TTM":8.586142785466,"PB_TTM":0.668198678795,"REPORT_DATE_SQ":"2021-12-31 00:00:00","REPORT_TYPE_SQ":"2021年年报","OPERATE_INCOME_SQ":45277062000,"DPS_HKD":0.331989,"OPERATE_INCOME_QOQ_SQ":15.240403177591,"NET_PROFIT_RATIO_SQ":23.2280111285,"HOLDER_PROFIT_SQ":10430238000,"HOLDER_PROFIT_QOQ_SQ":15.973303136206,"ROE_AVG_SQ":11.575627277169,"PE_TTM_SQ":4.974452617927,"PB_TTM_SQ":0.419510632484,"ROA_SQ":2.073883757439,"START_DATE":"2022-01-01 00:00:00","FISCAL_YEAR":"12-31","CURRENCY":"HKD","IS_CNY_CODE":0,"DPS_HKD_LY":0.363192,"ORG_TYPE":"证券","PREMIUM_INCOME":null,"PREMIUM_INCOME_YOY":null,"NET_INTEREST_INCOME":14289720000,"NET_INTEREST_INCOME_YOY":null,"FEE_COMMISSION_INCOME":8513989000,"FEE_COMMISSION_INCOME_YOY":-19.786419052531,"ACCOUNTS_RECE_TDAYS":4.243965653203,"INVENTORY_TDAYS":null,"CURRENT_ASSETS_TDAYS":0.087378464884,"TOTAL_ASSETS_TDAYS":0.073870203805,"PREMIUM_EXPENSE":null,"LOAN_DEPOSIT":null,"LOAN_EQUITY":null,"LOAN_ASSETS":null,"DEPOSIT_EQUITY":null,"DEPOSIT_ASSETS":null,"EQUITY_MULTIPLIER":6.092954552356,"EQUITY_RATIO":5.09364041226},{"SECUCODE":"06881.HK","SECURITY_CODE":"06881","SECURITY_NAME_ABBR":"中国银河","ORG_CODE":"10004876","STD_REPORT_DATE":"2022-09-30 00:00:00","REPORT_DATE":"2022-09-30 00:00:00","DATE_TYPE_CODE":"004","REPORT_TYPE":"2022年三季报","PER_NETCASH_OPERATE":2.356503354578,"PER_OI":2.6908928772,"BPS":7.976150458219,"BASIC_EPS":0.59,"DILUTED_EPS":0.56,"OPERATE_INCOME":27278294613.33,"OPERATE_INCOME_YOY":4.5026388563,"GROSS_PROFIT":null,"GROSS_PROFIT_YOY":null,"HOLDER_PROFIT":6440454586.8,"HOLDER_PROFIT_YOY":-12.974897933,"GROSS_PROFIT_RATIO":null,"EPS_TTM":0.934178249903,"OPERATE_INCOME_QOQ":-5.137041221568,"NET_PROFIT_RATIO":23.6123338825,"ROE_AVG":6.373304595997,"GROSS_PROFIT_QOQ":null,"ROA":1.089325323982,"HOLDER_PROFIT_QOQ":-9.82291294866,"ROE_YEARLY":8.497739461329,"ROIC_YEARLY":1.331842346095,"TOTAL_ASSETS":622324167791.97,"TOTAL_LIABILITIES":519151139192.26,"TAX_EBT":10.8528333515,"OCF_SALES":87.573287459534,"TOTAL_PARENT_EQUITY":103150147604.28,"DEBT_ASSET_RATIO":83.42133667,"OPERATE_PROFIT":7217141997.06,"PRETAX_PROFIT":7225224390.75,"NETCASH_OPERATE":23888499355.79,"NETCASH_INVEST":-41885787084.06,"NETCASH_FINANCE":9309398481.22,"END_CASH":114580772911.62,"DIVI_RATIO":0.322681577302,"DIVIDEND_RATE":4.462217741935,"CURRENT_RATIO":0.969423656097,"COMMON_ACS":null,"CURRENTDEBT_DEBT":95.572228501643,"ISSUED_COMMON_SHARES":10934402256,"HK_COMMON_SHARES":3690984633,"PER_SHARES":500,"TOTAL_MARKET_CAP":81351952784.64,"HKSK_MARKET_CAP":27460925669.52,"PE_TTM":8.823329050258,"PB_TTM":0.686657205833,"REPORT_DATE_SQ":"2021-09-30 00:00:00","REPORT_TYPE_SQ":"2021年三季报","OPERATE_INCOME_SQ":26102972051.11,"DPS_HKD":0.331989,"OPERATE_INCOME_QOQ_SQ":8.520405211579,"NET_PROFIT_RATIO_SQ":28.6149583494,"HOLDER_PROFIT_SQ":7400639134.02,"HOLDER_PROFIT_QOQ_SQ":13.183237045817,"ROE_AVG_SQ":8.343547321025,"PE_TTM_SQ":4.998957310626,"PB_TTM_SQ":0.421577187324,"ROA_SQ":1.51824137531,"START_DATE":"2022-01-01 00:00:00","FISCAL_YEAR":"12-31","CURRENCY":"HKD","IS_CNY_CODE":0,"DPS_HKD_LY":0.363192,"ORG_TYPE":"证券","PREMIUM_INCOME":null,"PREMIUM_INCOME_YOY":null,"NET_INTEREST_INCOME":4013761848.72,"NET_INTEREST_INCOME_YOY":null,"FEE_COMMISSION_INCOME":5883760482.37,"FEE_COMMISSION_INCOME_YOY":-14.548420959099,"ACCOUNTS_RECE_TDAYS":2.318860452008,"INVENTORY_TDAYS":null,"CURRENT_ASSETS_TDAYS":0.057400047745,"TOTAL_ASSETS_TDAYS":0.046138242394,"PREMIUM_EXPENSE":null,"LOAN_DEPOSIT":null,"LOAN_EQUITY":null,"LOAN_ASSETS":null,"DEPOSIT_EQUITY":null,"DEPOSIT_ASSETS":null,"EQUITY_MULTIPLIER":6.031849372262,"EQUITY_RATIO":5.032965548279}],"count":45},"success":true,"message":"ok","code":0}