{"version":"29999e6a2623abcc81dd64d778062c6d","result":{"pages":3,"data":[{"SECUCODE":"06888.HK","SECURITY_CODE":"06888","SECURITY_NAME_ABBR":"英达公路再生科技","ORG_CODE":"10332030","STD_REPORT_DATE":"2024-06-30 00:00:00","REPORT_DATE":"2024-06-30 00:00:00","DATE_TYPE_CODE":"002","REPORT_TYPE":"2024年中报","PER_NETCASH_OPERATE":0.00494826506,"PER_OI":0.131511351585,"BPS":0.583584847488,"BASIC_EPS":-0.00775778,"DILUTED_EPS":-0.00775778,"OPERATE_INCOME":141900748.36,"OPERATE_INCOME_YOY":-5.2218016008,"GROSS_PROFIT":34768544.6,"GROSS_PROFIT_YOY":29.670367380397,"HOLDER_PROFIT":-7764168.76,"HOLDER_PROFIT_YOY":-473.6056214317,"GROSS_PROFIT_RATIO":24.502016375412,"EPS_TTM":0.000665814384,"OPERATE_INCOME_QOQ":-1.898450043658,"NET_PROFIT_RATIO":-5.1660374203,"ROE_AVG":-1.210706648782,"GROSS_PROFIT_QOQ":7.513070860007,"ROA":-0.722628543275,"HOLDER_PROFIT_QOQ":-93.210939250375,"ROE_YEARLY":-2.421413297564,"ROIC_YEARLY":-1.879460044628,"TOTAL_ASSETS":1020572466.2,"TOTAL_LIABILITIES":348224839.88,"TAX_EBT":-21.549636803874,"OCF_SALES":3.762614405989,"TOTAL_PARENT_EQUITY":629688050.44,"DEBT_ASSET_RATIO":34.1205403254,"OPERATE_PROFIT":-1937619.64,"PRETAX_PROFIT":-6030989.44,"NETCASH_OPERATE":5339178,"NETCASH_INVEST":-40282957.16,"NETCASH_FINANCE":-198051.56,"END_CASH":184870635.44,"DIVI_RATIO":null,"DIVIDEND_RATE":null,"CURRENT_RATIO":2.306446606955,"COMMON_ACS":10000000000,"CURRENTDEBT_DEBT":95.424344958995,"ISSUED_COMMON_SHARES":1079000000,"HK_COMMON_SHARES":1079000000,"PER_SHARES":1000,"TOTAL_MARKET_CAP":183430000,"HKSK_MARKET_CAP":183430000,"PE_TTM":205.408734602464,"PB_TTM":0.265866395722,"REPORT_DATE_SQ":"2023-06-30 00:00:00","REPORT_TYPE_SQ":"2023年中报","OPERATE_INCOME_SQ":151244365.14,"DPS_HKD":null,"OPERATE_INCOME_QOQ_SQ":-0.809585303422,"NET_PROFIT_RATIO_SQ":13.0801070451,"HOLDER_PROFIT_SQ":2099348.46,"HOLDER_PROFIT_QOQ_SQ":35.977898644928,"ROE_AVG_SQ":0.321829267948,"PE_TTM_SQ":-7.756136919315,"PB_TTM_SQ":0.228962707832,"ROA_SQ":0.190611484488,"START_DATE":"2024-01-01 00:00:00","FISCAL_YEAR":"12-31","CURRENCY":"HKD","IS_CNY_CODE":0,"DPS_HKD_LY":null,"ORG_TYPE":"一般企业","PREMIUM_INCOME":null,"PREMIUM_INCOME_YOY":null,"NET_INTEREST_INCOME":null,"NET_INTEREST_INCOME_YOY":null,"FEE_COMMISSION_INCOME":null,"FEE_COMMISSION_INCOME_YOY":null,"ACCOUNTS_RECE_TDAYS":1.841566332846,"INVENTORY_TDAYS":0.664406357544,"CURRENT_ASSETS_TDAYS":0.174658719175,"TOTAL_ASSETS_TDAYS":0.132070198687,"PREMIUM_EXPENSE":null,"LOAN_DEPOSIT":null,"LOAN_EQUITY":null,"LOAN_ASSETS":null,"DEPOSIT_EQUITY":null,"DEPOSIT_ASSETS":null,"EQUITY_MULTIPLIER":1.517923803473,"EQUITY_RATIO":0.553011669249},{"SECUCODE":"06888.HK","SECURITY_CODE":"06888","SECURITY_NAME_ABBR":"英达公路再生科技","ORG_CODE":"10332030","STD_REPORT_DATE":"2023-12-31 00:00:00","REPORT_DATE":"2023-12-31 00:00:00","DATE_TYPE_CODE":"001","REPORT_TYPE":"2023年年报","PER_NETCASH_OPERATE":-0.018204187674,"PER_OI":0.456136052512,"BPS":0.600811261946,"BASIC_EPS":0.01042153,"DILUTED_EPS":0.01042153,"OPERATE_INCOME":492170800.66,"OPERATE_INCOME_YOY":13.5588187941,"GROSS_PROFIT":105889088.34,"GROSS_PROFIT_YOY":20.586105955309,"HOLDER_PROFIT":10581930.94,"HOLDER_PROFIT_YOY":135.9546756166,"GROSS_PROFIT_RATIO":21.514703472454,"EPS_TTM":0.009807164912,"OPERATE_INCOME_QOQ":16.145410831352,"NET_PROFIT_RATIO":5.2258963769,"ROE_AVG":1.624454318569,"GROSS_PROFIT_QOQ":9.676980454028,"ROA":0.930173277333,"HOLDER_PROFIT_QOQ":156.973951863081,"ROE_YEARLY":1.624454318569,"ROIC_YEARLY":1.209142763653,"TOTAL_ASSETS":1120309943.9,"TOTAL_LIABILITIES":428578624.6,"TAX_EBT":7.883548083477,"OCF_SALES":-3.990955675075,"TOTAL_PARENT_EQUITY":648275351.64,"DEBT_ASSET_RATIO":38.2553620035,"OPERATE_PROFIT":34779817.38,"PRETAX_PROFIT":27921544.42,"NETCASH_OPERATE":-19642318.5,"NETCASH_INVEST":18931842.02,"NETCASH_FINANCE":1055746.3,"END_CASH":223553599.36,"DIVI_RATIO":null,"DIVIDEND_RATE":null,"CURRENT_RATIO":2.067665239297,"COMMON_ACS":10000000000,"CURRENTDEBT_DEBT":96.190979637579,"ISSUED_COMMON_SHARES":1079000000,"HK_COMMON_SHARES":1079000000,"PER_SHARES":1000,"TOTAL_MARKET_CAP":201773000,"HKSK_MARKET_CAP":201773000,"PE_TTM":225.94960806271,"PB_TTM":0.292453035295,"REPORT_DATE_SQ":"2022-12-31 00:00:00","REPORT_TYPE_SQ":"2022年年报","OPERATE_INCOME_SQ":427212630.39,"DPS_HKD":null,"OPERATE_INCOME_QOQ_SQ":-7.987099674117,"NET_PROFIT_RATIO_SQ":-8.1868116933,"HOLDER_PROFIT_SQ":-29010729.79,"HOLDER_PROFIT_QOQ_SQ":-278.009210594417,"ROE_AVG_SQ":-4.214303093218,"PE_TTM_SQ":-10.394278728606,"PB_TTM_SQ":0.306841179884,"ROA_SQ":-2.484149463541,"START_DATE":"2023-01-01 00:00:00","FISCAL_YEAR":"12-31","CURRENCY":"HKD","IS_CNY_CODE":0,"DPS_HKD_LY":null,"ORG_TYPE":"一般企业","PREMIUM_INCOME":null,"PREMIUM_INCOME_YOY":null,"NET_INTEREST_INCOME":null,"NET_INTEREST_INCOME_YOY":null,"FEE_COMMISSION_INCOME":null,"FEE_COMMISSION_INCOME_YOY":null,"ACCOUNTS_RECE_TDAYS":5.8610240278,"INVENTORY_TDAYS":2.34937869798,"CURRENT_ASSETS_TDAYS":0.5726796112,"TOTAL_ASSETS_TDAYS":0.432628155725,"PREMIUM_EXPENSE":null,"LOAN_DEPOSIT":null,"LOAN_EQUITY":null,"LOAN_ASSETS":null,"DEPOSIT_EQUITY":null,"DEPOSIT_ASSETS":null,"EQUITY_MULTIPLIER":1.61957383256,"EQUITY_RATIO":0.661105845712},{"SECUCODE":"06888.HK","SECURITY_CODE":"06888","SECURITY_NAME_ABBR":"英达公路再生科技","ORG_CODE":"10332030","STD_REPORT_DATE":"2023-06-30 00:00:00","REPORT_DATE":"2023-06-30 00:00:00","DATE_TYPE_CODE":"002","REPORT_TYPE":"2023年中报","PER_NETCASH_OPERATE":-0.013210204634,"PER_OI":0.140170866673,"BPS":0.591935085338,"BASIC_EPS":0.002028356,"DILUTED_EPS":0.002028356,"OPERATE_INCOME":151244365.14,"OPERATE_INCOME_YOY":-9.3179066772,"GROSS_PROFIT":26813022.36,"GROSS_PROFIT_YOY":48.312642723765,"HOLDER_PROFIT":2099348.46,"HOLDER_PROFIT_YOY":123.3538461538,"GROSS_PROFIT_RATIO":17.728278561109,"EPS_TTM":-0.017213418749,"OPERATE_INCOME_QOQ":-0.809585303422,"NET_PROFIT_RATIO":13.0801070451,"ROE_AVG":0.321829267948,"GROSS_PROFIT_QOQ":9.946595407825,"ROA":0.190611484488,"HOLDER_PROFIT_QOQ":35.977898644928,"ROE_YEARLY":0.643658535896,"ROIC_YEARLY":0.495640561552,"TOTAL_ASSETS":1027715432.34,"TOTAL_LIABILITIES":343831235.46,"TAX_EBT":1.771653543307,"OCF_SALES":-9.424358247533,"TOTAL_PARENT_EQUITY":638697957.08,"DEBT_ASSET_RATIO":33.4558793845,"OPERATE_PROFIT":23732687.18,"PRETAX_PROFIT":20139731.12,"NETCASH_OPERATE":-14253810.8,"NETCASH_INVEST":-11408580.52,"NETCASH_FINANCE":2909768.88,"END_CASH":200897598.04,"DIVI_RATIO":null,"DIVIDEND_RATE":null,"CURRENT_RATIO":2.269395702725,"COMMON_ACS":10000000000,"CURRENTDEBT_DEBT":95.296934788846,"ISSUED_COMMON_SHARES":1079000000,"HK_COMMON_SHARES":1079000000,"PER_SHARES":1000,"TOTAL_MARKET_CAP":188825000,"HKSK_MARKET_CAP":188825000,"PE_TTM":211.450167973124,"PB_TTM":0.273685995597,"REPORT_DATE_SQ":"2022-06-30 00:00:00","REPORT_TYPE_SQ":"2022年中报","OPERATE_INCOME_SQ":154703015.81,"DPS_HKD":null,"OPERATE_INCOME_QOQ_SQ":10.996124765517,"NET_PROFIT_RATIO_SQ":-4.5483944079,"HOLDER_PROFIT_SQ":-8338102.5,"HOLDER_PROFIT_QOQ_SQ":-37.607610119012,"ROE_AVG_SQ":-1.222798226378,"PE_TTM_SQ":-9.761124694377,"PB_TTM_SQ":0.288150346592,"ROA_SQ":-0.734926100354,"START_DATE":"2023-01-01 00:00:00","FISCAL_YEAR":"12-31","CURRENCY":"HKD","IS_CNY_CODE":0,"DPS_HKD_LY":null,"ORG_TYPE":"一般企业","PREMIUM_INCOME":null,"PREMIUM_INCOME_YOY":null,"NET_INTEREST_INCOME":null,"NET_INTEREST_INCOME_YOY":null,"FEE_COMMISSION_INCOME":null,"FEE_COMMISSION_INCOME_YOY":null,"ACCOUNTS_RECE_TDAYS":2.213282962863,"INVENTORY_TDAYS":0.720055060115,"CURRENT_ASSETS_TDAYS":0.186136468079,"TOTAL_ASSETS_TDAYS":0.13732314339,"PREMIUM_EXPENSE":null,"LOAN_DEPOSIT":null,"LOAN_EQUITY":null,"LOAN_ASSETS":null,"DEPOSIT_EQUITY":null,"DEPOSIT_ASSETS":null,"EQUITY_MULTIPLIER":1.502762363903,"EQUITY_RATIO":0.538331509673},{"SECUCODE":"06888.HK","SECURITY_CODE":"06888","SECURITY_NAME_ABBR":"英达公路再生科技","ORG_CODE":"10332030","STD_REPORT_DATE":"2022-12-31 00:00:00","REPORT_DATE":"2022-12-31 00:00:00","DATE_TYPE_CODE":"001","REPORT_TYPE":"2022年年报","PER_NETCASH_OPERATE":-0.001458704115,"PER_OI":0.395933855783,"BPS":0.597961064226,"BASIC_EPS":-0.028495313,"DILUTED_EPS":-0.028495313,"OPERATE_INCOME":427212630.39,"OPERATE_INCOME_YOY":-6.5208680678,"GROSS_PROFIT":87812014.08,"GROSS_PROFIT_YOY":-16.475094789509,"HOLDER_PROFIT":-29010729.79,"HOLDER_PROFIT_YOY":-201.6558157005,"GROSS_PROFIT_RATIO":20.554639032989,"EPS_TTM":-0.026886681918,"OPERATE_INCOME_QOQ":-7.987099674117,"NET_PROFIT_RATIO":-8.1868116933,"ROE_AVG":-4.214303093218,"GROSS_PROFIT_QOQ":-11.073408154178,"ROA":-2.484149463541,"HOLDER_PROFIT_QOQ":-278.009210594417,"ROE_YEARLY":-4.214303093218,"ROIC_YEARLY":-3.235208858597,"TOTAL_ASSETS":1138445816.9,"TOTAL_LIABILITIES":463908161.99,"TAX_EBT":-8.562080629956,"OCF_SALES":-0.36842116268,"TOTAL_PARENT_EQUITY":645199988.3,"DEBT_ASSET_RATIO":40.7492526305,"OPERATE_PROFIT":-20899838.19,"PRETAX_PROFIT":-32216675.82,"NETCASH_OPERATE":-1573941.74,"NETCASH_INVEST":8537874.66,"NETCASH_FINANCE":-3269368.2,"END_CASH":224907520.6,"DIVI_RATIO":null,"DIVIDEND_RATE":null,"CURRENT_RATIO":1.915068262667,"COMMON_ACS":10000000000,"CURRENTDEBT_DEBT":96.131798812717,"ISSUED_COMMON_SHARES":1079000000,"HK_COMMON_SHARES":1079000000,"PER_SHARES":1000,"TOTAL_MARKET_CAP":201773000,"HKSK_MARKET_CAP":201773000,"PE_TTM":225.94960806271,"PB_TTM":0.292453035295,"REPORT_DATE_SQ":"2021-12-31 00:00:00","REPORT_TYPE_SQ":"2021年年报","OPERATE_INCOME_SQ":418299694.4,"DPS_HKD":null,"OPERATE_INCOME_QOQ_SQ":-9.263549464082,"NET_PROFIT_RATIO_SQ":8.6511642453,"HOLDER_PROFIT_SQ":26120684.8,"HOLDER_PROFIT_QOQ_SQ":-47.950861857967,"ROE_AVG_SQ":4.00707396305,"PE_TTM_SQ":-10.394278728606,"PB_TTM_SQ":0.306841179884,"ROA_SQ":2.388968630018,"START_DATE":"2022-01-01 00:00:00","FISCAL_YEAR":"12-31","CURRENCY":"HKD","IS_CNY_CODE":0,"DPS_HKD_LY":null,"ORG_TYPE":"一般企业","PREMIUM_INCOME":null,"PREMIUM_INCOME_YOY":null,"NET_INTEREST_INCOME":null,"NET_INTEREST_INCOME_YOY":null,"FEE_COMMISSION_INCOME":null,"FEE_COMMISSION_INCOME_YOY":null,"ACCOUNTS_RECE_TDAYS":5.357541336201,"INVENTORY_TDAYS":2.072141250256,"CURRENT_ASSETS_TDAYS":0.493554474149,"TOTAL_ASSETS_TDAYS":0.365816383898,"PREMIUM_EXPENSE":null,"LOAN_DEPOSIT":null,"LOAN_EQUITY":null,"LOAN_ASSETS":null,"DEPOSIT_EQUITY":null,"DEPOSIT_ASSETS":null,"EQUITY_MULTIPLIER":1.687742424182,"EQUITY_RATIO":0.719014523252},{"SECUCODE":"06888.HK","SECURITY_CODE":"06888","SECURITY_NAME_ABBR":"英达公路再生科技","ORG_CODE":"10332030","STD_REPORT_DATE":"2022-06-30 00:00:00","REPORT_DATE":"2022-06-30 00:00:00","DATE_TYPE_CODE":"002","REPORT_TYPE":"2022年中报","PER_NETCASH_OPERATE":-0.02434160823,"PER_OI":0.143376288981,"BPS":0.614815826154,"BASIC_EPS":-0.008209824,"DILUTED_EPS":-0.008209824,"OPERATE_INCOME":154703015.81,"OPERATE_INCOME_YOY":38.4671320535,"GROSS_PROFIT":18078716.6,"GROSS_PROFIT_YOY":-26.103198643451,"HOLDER_PROFIT":-8338102.5,"HOLDER_PROFIT_YOY":-646.218487395,"GROSS_PROFIT_RATIO":11.686078972244,"EPS_TTM":0.015104095922,"OPERATE_INCOME_QOQ":10.996124765517,"NET_PROFIT_RATIO":-4.5483944079,"ROE_AVG":-1.222798226378,"GROSS_PROFIT_QOQ":-6.074320991292,"ROA":-0.734926100354,"HOLDER_PROFIT_QOQ":-37.607610119012,"ROE_YEARLY":-2.445596452756,"ROIC_YEARLY":-1.94076969931,"TOTAL_ASSETS":1122915781.4,"TOTAL_LIABILITIES":422504053.93,"TAX_EBT":-8.049901510177,"OCF_SALES":-16.977429394303,"TOTAL_PARENT_EQUITY":663386276.42,"DEBT_ASSET_RATIO":37.6256225915,"OPERATE_PROFIT":-2632274.82,"PRETAX_PROFIT":-6512271.85,"NETCASH_OPERATE":-26264595.28,"NETCASH_INVEST":15950148.69,"NETCASH_FINANCE":9861195.89,"END_CASH":231726558.35,"DIVI_RATIO":null,"DIVIDEND_RATE":null,"CURRENT_RATIO":2.08241818287,"COMMON_ACS":10000000000,"CURRENTDEBT_DEBT":94.460850890705,"ISSUED_COMMON_SHARES":1079000000,"HK_COMMON_SHARES":1079000000,"PER_SHARES":1000,"TOTAL_MARKET_CAP":201773000,"HKSK_MARKET_CAP":201773000,"PE_TTM":225.94960806271,"PB_TTM":0.292453035295,"REPORT_DATE_SQ":"2021-06-30 00:00:00","REPORT_TYPE_SQ":"2021年中报","OPERATE_INCOME_SQ":108706259.52,"DPS_HKD":null,"OPERATE_INCOME_QOQ_SQ":1.076786618446,"NET_PROFIT_RATIO_SQ":6.5177122562,"HOLDER_PROFIT_SQ":1485262.8,"HOLDER_PROFIT_QOQ_SQ":88.4790488071,"ROE_AVG_SQ":0.229583027062,"PE_TTM_SQ":-10.394278728606,"PB_TTM_SQ":0.306841179884,"ROA_SQ":0.141698717567,"START_DATE":"2022-01-01 00:00:00","FISCAL_YEAR":"12-31","CURRENCY":"HKD","IS_CNY_CODE":0,"DPS_HKD_LY":null,"ORG_TYPE":"一般企业","PREMIUM_INCOME":null,"PREMIUM_INCOME_YOY":null,"NET_INTEREST_INCOME":null,"NET_INTEREST_INCOME_YOY":null,"FEE_COMMISSION_INCOME":null,"FEE_COMMISSION_INCOME_YOY":null,"ACCOUNTS_RECE_TDAYS":1.862720163105,"INVENTORY_TDAYS":0.821617479538,"CURRENT_ASSETS_TDAYS":0.185182076241,"TOTAL_ASSETS_TDAYS":0.136356304234,"PREMIUM_EXPENSE":null,"LOAN_DEPOSIT":null,"LOAN_EQUITY":null,"LOAN_ASSETS":null,"DEPOSIT_EQUITY":null,"DEPOSIT_ASSETS":null,"EQUITY_MULTIPLIER":1.603222415273,"EQUITY_RATIO":0.636889952276},{"SECUCODE":"06888.HK","SECURITY_CODE":"06888","SECURITY_NAME_ABBR":"英达公路再生科技","ORG_CODE":"10332030","STD_REPORT_DATE":"2021-12-31 00:00:00","REPORT_DATE":"2021-12-31 00:00:00","DATE_TYPE_CODE":"001","REPORT_TYPE":"2021年年报","PER_NETCASH_OPERATE":0.04334947025,"PER_OI":0.387673488786,"BPS":0.620576585728,"BASIC_EPS":0.02559088,"DILUTED_EPS":0.02518208,"OPERATE_INCOME":418299694.4,"OPERATE_INCOME_YOY":-5.5898477794,"GROSS_PROFIT":105132731.2,"GROSS_PROFIT_YOY":5.732197997901,"HOLDER_PROFIT":26120684.8,"HOLDER_PROFIT_YOY":0.9862182324,"GROSS_PROFIT_RATIO":25.133351185159,"EPS_TTM":0.024208234291,"OPERATE_INCOME_QOQ":-9.263549464082,"NET_PROFIT_RATIO":8.6511642453,"ROE_AVG":4.00707396305,"GROSS_PROFIT_QOQ":-9.842767957976,"ROA":2.388968630018,"HOLDER_PROFIT_QOQ":-47.950861857967,"ROE_YEARLY":4.00707396305,"ROIC_YEARLY":3.085359223001,"TOTAL_ASSETS":1095803116.8,"TOTAL_LIABILITIES":389555331.2,"TAX_EBT":11.163518856753,"OCF_SALES":11.181953758559,"TOTAL_PARENT_EQUITY":669602136,"DEBT_ASSET_RATIO":35.5497557205,"OPERATE_PROFIT":46414334.4,"PRETAX_PROFIT":40735284.8,"NETCASH_OPERATE":46763449.6,"NETCASH_INVEST":-8589705.6,"NETCASH_FINANCE":-17877641.6,"END_CASH":219930312,"DIVI_RATIO":null,"DIVIDEND_RATE":null,"CURRENT_RATIO":2.188847525635,"COMMON_ACS":10000000000,"CURRENTDEBT_DEBT":94.152314350357,"ISSUED_COMMON_SHARES":1079000000,"HK_COMMON_SHARES":1079000000,"PER_SHARES":1000,"TOTAL_MARKET_CAP":201773000,"HKSK_MARKET_CAP":201773000,"PE_TTM":225.94960806271,"PB_TTM":0.292453035295,"REPORT_DATE_SQ":"2020-12-31 00:00:00","REPORT_TYPE_SQ":"2020年年报","OPERATE_INCOME_SQ":456093974.04,"DPS_HKD":null,"OPERATE_INCOME_QOQ_SQ":4.645901635691,"NET_PROFIT_RATIO_SQ":6.0902989605,"HOLDER_PROFIT_SQ":26626123.04,"HOLDER_PROFIT_QOQ_SQ":240.021071912332,"ROE_AVG_SQ":4.294180405528,"PE_TTM_SQ":-10.394278728606,"PB_TTM_SQ":0.306841179884,"ROA_SQ":2.471397418376,"START_DATE":"2021-01-01 00:00:00","FISCAL_YEAR":"12-31","CURRENCY":"HKD","IS_CNY_CODE":0,"DPS_HKD_LY":null,"ORG_TYPE":"一般企业","PREMIUM_INCOME":null,"PREMIUM_INCOME_YOY":null,"NET_INTEREST_INCOME":null,"NET_INTEREST_INCOME_YOY":null,"FEE_COMMISSION_INCOME":null,"FEE_COMMISSION_INCOME_YOY":null,"ACCOUNTS_RECE_TDAYS":4.507398254726,"INVENTORY_TDAYS":3.253561205161,"CURRENT_ASSETS_TDAYS":0.562801273406,"TOTAL_ASSETS_TDAYS":0.38257222409,"PREMIUM_EXPENSE":null,"LOAN_DEPOSIT":null,"LOAN_EQUITY":null,"LOAN_ASSETS":null,"DEPOSIT_EQUITY":null,"DEPOSIT_ASSETS":null,"EQUITY_MULTIPLIER":1.551584499297,"EQUITY_RATIO":0.581771338913},{"SECUCODE":"06888.HK","SECURITY_CODE":"06888","SECURITY_NAME_ABBR":"英达公路再生科技","ORG_CODE":"10332030","STD_REPORT_DATE":"2021-06-30 00:00:00","REPORT_DATE":"2021-06-30 00:00:00","DATE_TYPE_CODE":"002","REPORT_TYPE":"2021年中报","PER_NETCASH_OPERATE":0.000992480964,"PER_OI":0.100747228471,"BPS":0.601039377053,"BASIC_EPS":0.001497744,"DILUTED_EPS":0.001414536,"OPERATE_INCOME":108706259.52,"OPERATE_INCOME_YOY":14.9721466853,"GROSS_PROFIT":24464816.16,"GROSS_PROFIT_YOY":235.712799004409,"HOLDER_PROFIT":1485262.8,"HOLDER_PROFIT_YOY":107.3867163253,"GROSS_PROFIT_RATIO":22.505434616209,"EPS_TTM":0.046510346098,"OPERATE_INCOME_QOQ":1.076786618446,"NET_PROFIT_RATIO":6.5177122562,"ROE_AVG":0.229583027062,"GROSS_PROFIT_QOQ":17.275337322488,"ROA":0.141698717567,"HOLDER_PROFIT_QOQ":88.4790488071,"ROE_YEARLY":0.459166054124,"ROIC_YEARLY":0.363696562966,"TOTAL_ASSETS":986073877.68,"TOTAL_LIABILITIES":305205279.84,"TAX_EBT":-10.627517214499,"OCF_SALES":0.985119867732,"TOTAL_PARENT_EQUITY":648521487.84,"DEBT_ASSET_RATIO":30.9515632397,"OPERATE_PROFIT":10154704.32,"PRETAX_PROFIT":6404519.76,"NETCASH_OPERATE":1070886.96,"NETCASH_INVEST":-34413996.72,"NETCASH_FINANCE":-14721159.36,"END_CASH":151470179.04,"DIVI_RATIO":null,"DIVIDEND_RATE":null,"CURRENT_RATIO":2.475698861115,"COMMON_ACS":10000000000,"CURRENTDEBT_DEBT":92.162443633826,"ISSUED_COMMON_SHARES":1079000000,"HK_COMMON_SHARES":1079000000,"PER_SHARES":1000,"TOTAL_MARKET_CAP":188825000,"HKSK_MARKET_CAP":188825000,"PE_TTM":211.450167973124,"PB_TTM":0.273685995597,"REPORT_DATE_SQ":"2020-06-30 00:00:00","REPORT_TYPE_SQ":"2020年中报","OPERATE_INCOME_SQ":103795100.64,"DPS_HKD":null,"OPERATE_INCOME_QOQ_SQ":-0.157869611323,"NET_PROFIT_RATIO_SQ":-30.1132613459,"HOLDER_PROFIT_SQ":-22073277.6,"HOLDER_PROFIT_QOQ_SQ":110.899818397918,"ROE_AVG_SQ":-3.558276065679,"PE_TTM_SQ":-9.761124694377,"PB_TTM_SQ":0.288150346592,"ROA_SQ":-2.139432760368,"START_DATE":"2021-01-01 00:00:00","FISCAL_YEAR":"12-31","CURRENCY":"HKD","IS_CNY_CODE":0,"DPS_HKD_LY":null,"ORG_TYPE":"一般企业","PREMIUM_INCOME":null,"PREMIUM_INCOME_YOY":null,"NET_INTEREST_INCOME":null,"NET_INTEREST_INCOME_YOY":null,"FEE_COMMISSION_INCOME":null,"FEE_COMMISSION_INCOME_YOY":null,"ACCOUNTS_RECE_TDAYS":0.974489795918,"INVENTORY_TDAYS":0.818285788183,"CURRENT_ASSETS_TDAYS":0.156169143792,"TOTAL_ASSETS_TDAYS":0.103709172313,"PREMIUM_EXPENSE":null,"LOAN_DEPOSIT":null,"LOAN_EQUITY":null,"LOAN_ASSETS":null,"DEPOSIT_EQUITY":null,"DEPOSIT_ASSETS":null,"EQUITY_MULTIPLIER":1.448258710724,"EQUITY_RATIO":0.470617065992},{"SECUCODE":"06888.HK","SECURITY_CODE":"06888","SECURITY_NAME_ABBR":"英达公路再生科技","ORG_CODE":"10332030","STD_REPORT_DATE":"2020-12-31 00:00:00","REPORT_DATE":"2020-12-31 00:00:00","DATE_TYPE_CODE":"001","REPORT_TYPE":"2020年年报","PER_NETCASH_OPERATE":0.042542990955,"PER_OI":0.42270062469,"BPS":0.604978476182,"BASIC_EPS":0.025165036,"DILUTED_EPS":0.024660052,"OPERATE_INCOME":456093974.04,"OPERATE_INCOME_YOY":11.201605506,"GROSS_PROFIT":99433032.88,"GROSS_PROFIT_YOY":7.364125349262,"HOLDER_PROFIT":26626123.04,"HOLDER_PROFIT_YOY":663.2328106152,"GROSS_PROFIT_RATIO":21.800996842655,"EPS_TTM":0.024676666395,"OPERATE_INCOME_QOQ":4.645901635691,"NET_PROFIT_RATIO":6.0902989605,"ROE_AVG":4.294180405528,"GROSS_PROFIT_QOQ":21.076472123397,"ROA":2.471397418376,"HOLDER_PROFIT_QOQ":240.021071912332,"ROE_YEARLY":4.294180405528,"ROIC_YEARLY":3.078939928263,"TOTAL_ASSETS":1123049908.76,"TOTAL_LIABILITIES":443660426.32,"TAX_EBT":14.23968402453,"OCF_SALES":10.064567798033,"TOTAL_PARENT_EQUITY":652771775.8,"DEBT_ASSET_RATIO":39.5049608089,"OPERATE_PROFIT":37022901.96,"PRETAX_PROFIT":32389673.76,"NETCASH_OPERATE":45903887.24,"NETCASH_INVEST":15319531.28,"NETCASH_FINANCE":-22002994.52,"END_CASH":199721172,"DIVI_RATIO":null,"DIVIDEND_RATE":null,"CURRENT_RATIO":1.672558565622,"COMMON_ACS":10000000000,"CURRENTDEBT_DEBT":94.842716707959,"ISSUED_COMMON_SHARES":1079000000,"HK_COMMON_SHARES":1079000000,"PER_SHARES":1000,"TOTAL_MARKET_CAP":201773000,"HKSK_MARKET_CAP":201773000,"PE_TTM":225.94960806271,"PB_TTM":0.292453035295,"REPORT_DATE_SQ":"2019-12-31 00:00:00","REPORT_TYPE_SQ":"2019年年报","OPERATE_INCOME_SQ":436534196.94,"DPS_HKD":null,"OPERATE_INCOME_QOQ_SQ":5.358428270725,"NET_PROFIT_RATIO_SQ":1.8611885751,"HOLDER_PROFIT_SQ":3713008.1,"HOLDER_PROFIT_QOQ_SQ":102.329252190698,"ROE_AVG_SQ":0.591923000029,"PE_TTM_SQ":-10.394278728606,"PB_TTM_SQ":0.306841179884,"ROA_SQ":0.337164563964,"START_DATE":"2020-01-01 00:00:00","FISCAL_YEAR":"12-31","CURRENCY":"HKD","IS_CNY_CODE":0,"DPS_HKD_LY":null,"ORG_TYPE":"一般企业","PREMIUM_INCOME":null,"PREMIUM_INCOME_YOY":null,"NET_INTEREST_INCOME":null,"NET_INTEREST_INCOME_YOY":null,"FEE_COMMISSION_INCOME":null,"FEE_COMMISSION_INCOME_YOY":null,"ACCOUNTS_RECE_TDAYS":4.496776227896,"INVENTORY_TDAYS":8.602525324293,"CURRENT_ASSETS_TDAYS":0.693557748485,"TOTAL_ASSETS_TDAYS":0.423339690982,"PREMIUM_EXPENSE":null,"LOAN_DEPOSIT":null,"LOAN_EQUITY":null,"LOAN_ASSETS":null,"DEPOSIT_EQUITY":null,"DEPOSIT_ASSETS":null,"EQUITY_MULTIPLIER":1.653028105067,"EQUITY_RATIO":0.679656263901},{"SECUCODE":"06888.HK","SECURITY_CODE":"06888","SECURITY_NAME_ABBR":"英达公路再生科技","ORG_CODE":"10332030","STD_REPORT_DATE":"2020-06-30 00:00:00","REPORT_DATE":"2020-06-30 00:00:00","DATE_TYPE_CODE":"002","REPORT_TYPE":"2020年中报","PER_NETCASH_OPERATE":-0.009374823503,"PER_OI":0.096195644708,"BPS":0.559070147766,"BASIC_EPS":-0.020826432,"DILUTED_EPS":-0.020826432,"OPERATE_INCOME":103795100.64,"OPERATE_INCOME_YOY":-4.3332940444,"GROSS_PROFIT":7287424.32,"GROSS_PROFIT_YOY":-59.004529011776,"HOLDER_PROFIT":-22073277.6,"HOLDER_PROFIT_YOY":18.8385839995,"GROSS_PROFIT_RATIO":7.02097138985,"EPS_TTM":0.007257393272,"OPERATE_INCOME_QOQ":-0.157869611323,"NET_PROFIT_RATIO":-30.1132613459,"ROE_AVG":-3.558276065679,"GROSS_PROFIT_QOQ":-11.325360355858,"ROA":-2.139432760368,"HOLDER_PROFIT_QOQ":110.899818397918,"ROE_YEARLY":-7.116552131358,"ROIC_YEARLY":-5.183506090057,"TOTAL_ASSETS":943764381.12,"TOTAL_LIABILITIES":321875246.88,"TAX_EBT":-8.625123011968,"OCF_SALES":-9.745579991376,"TOTAL_PARENT_EQUITY":603236689.44,"DEBT_ASSET_RATIO":34.105466716,"OPERATE_PROFIT":-24069144,"PRETAX_PROFIT":-28774273.44,"NETCASH_OPERATE":-10115434.56,"NETCASH_INVEST":-7940533.92,"NETCASH_FINANCE":-26575623.36,"END_CASH":113968081.92,"DIVI_RATIO":null,"DIVIDEND_RATE":null,"CURRENT_RATIO":1.703981054591,"COMMON_ACS":10000000000,"CURRENTDEBT_DEBT":92.391671420098,"ISSUED_COMMON_SHARES":1079000000,"HK_COMMON_SHARES":1079000000,"PER_SHARES":1000,"TOTAL_MARKET_CAP":188825000,"HKSK_MARKET_CAP":188825000,"PE_TTM":211.450167973124,"PB_TTM":0.273685995597,"REPORT_DATE_SQ":"2019-06-30 00:00:00","REPORT_TYPE_SQ":"2019年中报","OPERATE_INCOME_SQ":104484255.48,"DPS_HKD":null,"OPERATE_INCOME_QOQ_SQ":-9.48612935811,"NET_PROFIT_RATIO_SQ":-36.9260300729,"HOLDER_PROFIT_SQ":-26190996.84,"HOLDER_PROFIT_QOQ_SQ":-30.763142817942,"ROE_AVG_SQ":-4.333776793174,"PE_TTM_SQ":-9.761124694377,"PB_TTM_SQ":0.288150346592,"ROA_SQ":-2.52646406191,"START_DATE":"2020-01-01 00:00:00","FISCAL_YEAR":"12-31","CURRENCY":"HKD","IS_CNY_CODE":0,"DPS_HKD_LY":null,"ORG_TYPE":"一般企业","PREMIUM_INCOME":null,"PREMIUM_INCOME_YOY":null,"NET_INTEREST_INCOME":null,"NET_INTEREST_INCOME_YOY":null,"FEE_COMMISSION_INCOME":null,"FEE_COMMISSION_INCOME_YOY":null,"ACCOUNTS_RECE_TDAYS":1.038005672761,"INVENTORY_TDAYS":2.252969399723,"CURRENT_ASSETS_TDAYS":0.177373835131,"TOTAL_ASSETS_TDAYS":0.100602476306,"PREMIUM_EXPENSE":null,"LOAN_DEPOSIT":null,"LOAN_EQUITY":null,"LOAN_ASSETS":null,"DEPOSIT_EQUITY":null,"DEPOSIT_ASSETS":null,"EQUITY_MULTIPLIER":1.517576572991,"EQUITY_RATIO":0.533580354966}],"count":27},"success":true,"message":"ok","code":0}