{"version":"1a80d66e57964adc54ffb9c6e7143b94","result":{"pages":4,"data":[{"SECUCODE":"06889.HK","SECURITY_CODE":"06889","SECURITY_NAME_ABBR":"DYNAM JAPAN","ORG_CODE":"10277003","STD_REPORT_DATE":"2024-06-30 00:00:00","REPORT_DATE":"2024-09-30 00:00:00","DATE_TYPE_CODE":"002","REPORT_TYPE":"2024年中报","PER_NETCASH_OPERATE":1.714840454101,"PER_OI":4.492550789821,"BPS":9.039996205232,"BASIC_EPS":0.1521387,"DILUTED_EPS":0.1521387,"OPERATE_INCOME":3128805981,"OPERATE_INCOME_YOY":-0.9662135922,"GROSS_PROFIT":197044155,"GROSS_PROFIT_YOY":5.886305955426,"HOLDER_PROFIT":107478630,"HOLDER_PROFIT_YOY":16.924719701,"GROSS_PROFIT_RATIO":6.297742851317,"EPS_TTM":0.229139570651,"OPERATE_INCOME_QOQ":0,"NET_PROFIT_RATIO":3.4351324644,"ROE_AVG":1.686106940755,"GROSS_PROFIT_QOQ":0,"ROA":0.609060822649,"HOLDER_PROFIT_QOQ":0,"ROE_YEARLY":3.372213881511,"ROIC_YEARLY":1.39023565764,"TOTAL_ASSETS":17328843315,"TOTAL_LIABILITIES":11032853139,"TAX_EBT":38.758389261745,"OCF_SALES":38.17075274889,"TOTAL_PARENT_EQUITY":6295842945,"DEBT_ASSET_RATIO":63.6675682182,"OPERATE_PROFIT":296621388,"PRETAX_PROFIT":175499352,"NETCASH_OPERATE":1194288795,"NETCASH_INVEST":-1097116335,"NETCASH_FINANCE":-635056380,"END_CASH":1909880532,"DIVI_RATIO":0.990819247655,"DIVIDEND_RATE":7.342105263158,"CURRENT_RATIO":0.952899102115,"COMMON_ACS":2520000000,"CURRENTDEBT_DEBT":23.38361349958,"ISSUED_COMMON_SHARES":696443096,"HK_COMMON_SHARES":696443096,"PER_SHARES":200,"TOTAL_MARKET_CAP":2381835388.32,"HKSK_MARKET_CAP":2381835388.32,"PE_TTM":12.125613264111,"PB_TTM":0.341164066438,"REPORT_DATE_SQ":"2023-06-30 00:00:00","REPORT_TYPE_SQ":"2023年中报","OPERATE_INCOME_SQ":3115621250,"DPS_HKD":0.2511,"OPERATE_INCOME_QOQ_SQ":0,"NET_PROFIT_RATIO_SQ":2.9110679612,"HOLDER_PROFIT_SQ":90649454,"HOLDER_PROFIT_QOQ_SQ":0,"ROE_AVG_SQ":1.436035835726,"PE_TTM_SQ":19.078850761226,"PB_TTM_SQ":0.384485387908,"ROA_SQ":0.551105226378,"START_DATE":"2024-04-01 00:00:00","FISCAL_YEAR":"3-31","CURRENCY":"HKD","IS_CNY_CODE":0,"DPS_HKD_LY":0.2511,"ORG_TYPE":"一般企业","PREMIUM_INCOME":null,"PREMIUM_INCOME_YOY":null,"NET_INTEREST_INCOME":null,"NET_INTEREST_INCOME_YOY":null,"FEE_COMMISSION_INCOME":null,"FEE_COMMISSION_INCOME_YOY":null,"ACCOUNTS_RECE_TDAYS":142.464804469274,"INVENTORY_TDAYS":20.016083095996,"CURRENT_ASSETS_TDAYS":1.147978752138,"TOTAL_ASSETS_TDAYS":0.177303445782,"PREMIUM_EXPENSE":null,"LOAN_DEPOSIT":null,"LOAN_EQUITY":null,"LOAN_ASSETS":null,"DEPOSIT_EQUITY":null,"DEPOSIT_ASSETS":null,"EQUITY_MULTIPLIER":2.752361873286,"EQUITY_RATIO":1.752402853023},{"SECUCODE":"06889.HK","SECURITY_CODE":"06889","SECURITY_NAME_ABBR":"DYNAM JAPAN","ORG_CODE":"10277003","STD_REPORT_DATE":"2023-12-31 00:00:00","REPORT_DATE":"2024-03-31 00:00:00","DATE_TYPE_CODE":"001","REPORT_TYPE":"2023年年报","PER_NETCASH_OPERATE":4.37853280199,"PER_OI":8.798166864464,"BPS":8.903196349584,"BASIC_EPS":0.2263584,"DILUTED_EPS":0.2263584,"OPERATE_INCOME":6147658354,"OPERATE_INCOME_YOY":11.2255345289,"GROSS_PROFIT":398013520,"GROSS_PROFIT_YOY":57.51970520405,"HOLDER_PROFIT":159582672,"HOLDER_PROFIT_YOY":87.3754152824,"GROSS_PROFIT_RATIO":6.474229651051,"EPS_TTM":0.178070864522,"OPERATE_INCOME_QOQ":0,"NET_PROFIT_RATIO":2.5965956598,"ROE_AVG":2.603978300181,"GROSS_PROFIT_QOQ":0,"ROA":0.978525358814,"HOLDER_PROFIT_QOQ":0,"ROE_YEARLY":2.603978300181,"ROIC_YEARLY":1.163018486633,"TOTAL_ASSETS":17261950110,"TOTAL_LIABILITIES":11061239006,"TAX_EBT":37.71849126035,"OCF_SALES":49.76642145394,"TOTAL_PARENT_EQUITY":6200569630,"DEBT_ASSET_RATIO":64.0787334891,"OPERATE_PROFIT":423620314,"PRETAX_PROFIT":256303730,"NETCASH_OPERATE":3059469566,"NETCASH_INVEST":-3943729224,"NETCASH_FINANCE":411500708,"END_CASH":2363040222,"DIVI_RATIO":1.947464078034,"DIVIDEND_RATE":11.705521472393,"CURRENT_RATIO":1.011059342409,"COMMON_ACS":2520000000,"CURRENTDEBT_DEBT":25.712726544081,"ISSUED_COMMON_SHARES":696443096,"HK_COMMON_SHARES":696443096,"PER_SHARES":200,"TOTAL_MARKET_CAP":2270404492.96,"HKSK_MARKET_CAP":2270404492.96,"PE_TTM":11.558333111404,"PB_TTM":0.325203174441,"REPORT_DATE_SQ":"2022-12-31 00:00:00","REPORT_TYPE_SQ":"2022年年报","OPERATE_INCOME_SQ":6058729758,"DPS_HKD":0.3816,"OPERATE_INCOME_QOQ_SQ":0,"NET_PROFIT_RATIO_SQ":1.5340511578,"HOLDER_PROFIT_SQ":93357558,"HOLDER_PROFIT_QOQ_SQ":0,"ROE_AVG_SQ":1.39211136891,"PE_TTM_SQ":21.983242740625,"PB_TTM_SQ":0.443015971894,"ROA_SQ":0.583494472795,"START_DATE":"2023-04-01 00:00:00","FISCAL_YEAR":"3-31","CURRENCY":"HKD","IS_CNY_CODE":0,"DPS_HKD_LY":0.2728,"ORG_TYPE":"一般企业","PREMIUM_INCOME":null,"PREMIUM_INCOME_YOY":null,"NET_INTEREST_INCOME":null,"NET_INTEREST_INCOME_YOY":null,"FEE_COMMISSION_INCOME":null,"FEE_COMMISSION_INCOME_YOY":null,"ACCOUNTS_RECE_TDAYS":301.766203703704,"INVENTORY_TDAYS":55.381785146491,"CURRENT_ASSETS_TDAYS":2.003365502828,"TOTAL_ASSETS_TDAYS":0.376960701392,"PREMIUM_EXPENSE":null,"LOAN_DEPOSIT":null,"LOAN_EQUITY":null,"LOAN_ASSETS":null,"DEPOSIT_EQUITY":null,"DEPOSIT_ASSETS":null,"EQUITY_MULTIPLIER":2.783866208327,"EQUITY_RATIO":1.783906909533},{"SECUCODE":"06889.HK","SECURITY_CODE":"06889","SECURITY_NAME_ABBR":"DYNAM JAPAN","ORG_CODE":"10277003","STD_REPORT_DATE":"2023-06-30 00:00:00","REPORT_DATE":"2023-09-30 00:00:00","DATE_TYPE_CODE":"002","REPORT_TYPE":"2023年中报","PER_NETCASH_OPERATE":2.237177121769,"PER_OI":4.409757714991,"BPS":9.203112175011,"BASIC_EPS":0.1258348,"DILUTED_EPS":0.1258348,"OPERATE_INCOME":3115621250,"OPERATE_INCOME_YOY":14.5564552006,"GROSS_PROFIT":186090310,"GROSS_PROFIT_YOY":15.136883289545,"HOLDER_PROFIT":90649454,"HOLDER_PROFIT_YOY":57.7927548441,"GROSS_PROFIT_RATIO":5.972815533981,"EPS_TTM":0.130847023304,"OPERATE_INCOME_QOQ":0,"NET_PROFIT_RATIO":2.9110679612,"ROE_AVG":1.436035835726,"GROSS_PROFIT_QOQ":0,"ROA":0.551105226378,"HOLDER_PROFIT_QOQ":0,"ROE_YEARLY":2.872071671452,"ROIC_YEARLY":1.300637993143,"TOTAL_ASSETS":17138554566,"TOTAL_LIABILITIES":10728965436,"TAX_EBT":35.909712722298,"OCF_SALES":50.732427184466,"TOTAL_PARENT_EQUITY":6409443936,"DEBT_ASSET_RATIO":62.6013436237,"OPERATE_PROFIT":212951200,"PRETAX_PROFIT":141515752,"NETCASH_OPERATE":1580630282,"NETCASH_INVEST":-2554204450,"NETCASH_FINANCE":205788296,"END_CASH":2133867820,"DIVI_RATIO":2.650320987383,"DIVIDEND_RATE":11.705521472393,"CURRENT_RATIO":0.923844915574,"COMMON_ACS":2520000000,"CURRENTDEBT_DEBT":26.341335787299,"ISSUED_COMMON_SHARES":696443096,"HK_COMMON_SHARES":696443096,"PER_SHARES":200,"TOTAL_MARKET_CAP":2270404492.96,"HKSK_MARKET_CAP":2270404492.96,"PE_TTM":11.558333111404,"PB_TTM":0.325203174441,"REPORT_DATE_SQ":"2022-06-30 00:00:00","REPORT_TYPE_SQ":"2022年中报","OPERATE_INCOME_SQ":2769064820,"DPS_HKD":0.3816,"OPERATE_INCOME_QOQ_SQ":0,"NET_PROFIT_RATIO_SQ":2.1051694991,"HOLDER_PROFIT_SQ":58490612,"HOLDER_PROFIT_QOQ_SQ":0,"ROE_AVG_SQ":0.89931055383,"PE_TTM_SQ":21.983242740625,"PB_TTM_SQ":0.443015971894,"ROA_SQ":0.399100930171,"START_DATE":"2023-04-01 00:00:00","FISCAL_YEAR":"3-31","CURRENCY":"HKD","IS_CNY_CODE":0,"DPS_HKD_LY":0.2728,"ORG_TYPE":"一般企业","PREMIUM_INCOME":null,"PREMIUM_INCOME_YOY":null,"NET_INTEREST_INCOME":null,"NET_INTEREST_INCOME_YOY":null,"FEE_COMMISSION_INCOME":null,"FEE_COMMISSION_INCOME_YOY":null,"ACCOUNTS_RECE_TDAYS":152.547393364929,"INVENTORY_TDAYS":30.725888324873,"CURRENT_ASSETS_TDAYS":1.045787203626,"TOTAL_ASSETS_TDAYS":0.189414836883,"PREMIUM_EXPENSE":null,"LOAN_DEPOSIT":null,"LOAN_EQUITY":null,"LOAN_ASSETS":null,"DEPOSIT_EQUITY":null,"DEPOSIT_ASSETS":null,"EQUITY_MULTIPLIER":2.673892853096,"EQUITY_RATIO":1.673930772019},{"SECUCODE":"06889.HK","SECURITY_CODE":"06889","SECURITY_NAME_ABBR":"DYNAM JAPAN","ORG_CODE":"10277003","STD_REPORT_DATE":"2022-12-31 00:00:00","REPORT_DATE":"2023-03-31 00:00:00","DATE_TYPE_CODE":"001","REPORT_TYPE":"2022年年报","PER_NETCASH_OPERATE":3.955813937548,"PER_OI":8.482347756389,"BPS":9.532255489543,"BASIC_EPS":0.1292325,"DILUTED_EPS":0.1292325,"OPERATE_INCOME":6058729758,"OPERATE_INCOME_YOY":11.475066815,"GROSS_PROFIT":252675384,"GROSS_PROFIT_YOY":-52.469063742148,"HOLDER_PROFIT":93357558,"HOLDER_PROFIT_YOY":-63.858314989,"GROSS_PROFIT_RATIO":4.170434960668,"EPS_TTM":0.167568640298,"OPERATE_INCOME_QOQ":0,"NET_PROFIT_RATIO":1.5340511578,"ROE_AVG":1.39211136891,"GROSS_PROFIT_QOQ":0,"ROA":0.583494472795,"HOLDER_PROFIT_QOQ":0,"ROE_YEARLY":1.39211136891,"ROIC_YEARLY":0.718135710153,"TOTAL_ASSETS":16831654344,"TOTAL_LIABILITIES":10192877433,"TAX_EBT":54.330708661417,"OCF_SALES":46.635837755746,"TOTAL_PARENT_EQUITY":6638673525,"DEBT_ASSET_RATIO":60.557787278,"OPERATE_PROFIT":349651452,"PRETAX_PROFIT":203515341,"NETCASH_OPERATE":2825539380,"NETCASH_INVEST":-3359734842,"NETCASH_FINANCE":657121416,"END_CASH":3081161265,"DIVI_RATIO":2.069519758485,"DIVIDEND_RATE":11.705521472393,"CURRENT_RATIO":1.284658246657,"COMMON_ACS":2520000000,"CURRENTDEBT_DEBT":27.304862030317,"ISSUED_COMMON_SHARES":696443096,"HK_COMMON_SHARES":696443096,"PER_SHARES":200,"TOTAL_MARKET_CAP":2270404492.96,"HKSK_MARKET_CAP":2270404492.96,"PE_TTM":11.558333111404,"PB_TTM":0.325203174441,"REPORT_DATE_SQ":"2021-12-31 00:00:00","REPORT_TYPE_SQ":"2021年年报","OPERATE_INCOME_SQ":5463652065,"DPS_HKD":0.3816,"OPERATE_INCOME_QOQ_SQ":0,"NET_PROFIT_RATIO_SQ":4.7336433932,"HOLDER_PROFIT_SQ":259669105,"HOLDER_PROFIT_QOQ_SQ":0,"ROE_AVG_SQ":3.799393252789,"PE_TTM_SQ":21.983242740625,"PB_TTM_SQ":0.443015971894,"ROA_SQ":1.681093501364,"START_DATE":"2022-04-01 00:00:00","FISCAL_YEAR":"3-31","CURRENCY":"HKD","IS_CNY_CODE":0,"DPS_HKD_LY":0.2984,"ORG_TYPE":"一般企业","PREMIUM_INCOME":null,"PREMIUM_INCOME_YOY":null,"NET_INTEREST_INCOME":null,"NET_INTEREST_INCOME_YOY":null,"FEE_COMMISSION_INCOME":null,"FEE_COMMISSION_INCOME_YOY":null,"ACCOUNTS_RECE_TDAYS":317.201623815968,"INVENTORY_TDAYS":83.819402985075,"CURRENT_ASSETS_TDAYS":1.715381294227,"TOTAL_ASSETS_TDAYS":0.378676927898,"PREMIUM_EXPENSE":null,"LOAN_DEPOSIT":null,"LOAN_EQUITY":null,"LOAN_ASSETS":null,"DEPOSIT_EQUITY":null,"DEPOSIT_ASSETS":null,"EQUITY_MULTIPLIER":2.535354715133,"EQUITY_RATIO":1.535378625657},{"SECUCODE":"06889.HK","SECURITY_CODE":"06889","SECURITY_NAME_ABBR":"DYNAM JAPAN","ORG_CODE":"10277003","STD_REPORT_DATE":"2022-06-30 00:00:00","REPORT_DATE":"2022-09-30 00:00:00","DATE_TYPE_CODE":"002","REPORT_TYPE":"2022年中报","PER_NETCASH_OPERATE":1.837519671134,"PER_OI":3.859443764507,"BPS":9.40622328748,"BASIC_EPS":0.0788416,"DILUTED_EPS":0.0788416,"OPERATE_INCOME":2769064820,"OPERATE_INCOME_YOY":10.409257913,"GROSS_PROFIT":161625280,"GROSS_PROFIT_YOY":-50.548419449449,"HOLDER_PROFIT":58490612,"HOLDER_PROFIT_YOY":-65.2923976608,"GROSS_PROFIT_RATIO":5.836818222262,"EPS_TTM":0.359371027869,"OPERATE_INCOME_QOQ":0,"NET_PROFIT_RATIO":2.1051694991,"ROE_AVG":0.89931055383,"GROSS_PROFIT_QOQ":0,"ROA":0.399100930171,"HOLDER_PROFIT_QOQ":0,"ROE_YEARLY":1.79862110766,"ROIC_YEARLY":0.986185510052,"TOTAL_ASSETS":14852574816,"TOTAL_LIABILITIES":8301379892,"TAX_EBT":48.964624676445,"OCF_SALES":47.610997419699,"TOTAL_PARENT_EQUITY":6550899268,"DEBT_ASSET_RATIO":55.8918571011,"OPERATE_PROFIT":191240156,"PRETAX_PROFIT":114221768,"NETCASH_OPERATE":1318379380,"NETCASH_INVEST":-1152023604,"NETCASH_FINANCE":-215927432,"END_CASH":2805134852,"DIVI_RATIO":0.964982107925,"DIVIDEND_RATE":11.705521472393,"CURRENT_RATIO":1.332418524871,"COMMON_ACS":2520000000,"CURRENTDEBT_DEBT":29.415256400363,"ISSUED_COMMON_SHARES":696443096,"HK_COMMON_SHARES":696443096,"PER_SHARES":200,"TOTAL_MARKET_CAP":2270404492.96,"HKSK_MARKET_CAP":2270404492.96,"PE_TTM":11.558333111404,"PB_TTM":0.325203174441,"REPORT_DATE_SQ":"2021-06-30 00:00:00","REPORT_TYPE_SQ":"2021年中报","OPERATE_INCOME_SQ":2948412313,"DPS_HKD":0.3816,"OPERATE_INCOME_QOQ_SQ":0,"NET_PROFIT_RATIO_SQ":6.7115940036,"HOLDER_PROFIT_SQ":198117180,"HOLDER_PROFIT_QOQ_SQ":0,"ROE_AVG_SQ":2.597156038198,"PE_TTM_SQ":21.983242740625,"PB_TTM_SQ":0.443015971894,"ROA_SQ":1.163376103847,"START_DATE":"2022-04-01 00:00:00","FISCAL_YEAR":"3-31","CURRENCY":"HKD","IS_CNY_CODE":0,"DPS_HKD_LY":0.2984,"ORG_TYPE":"一般企业","PREMIUM_INCOME":null,"PREMIUM_INCOME_YOY":null,"NET_INTEREST_INCOME":null,"NET_INTEREST_INCOME_YOY":null,"FEE_COMMISSION_INCOME":null,"FEE_COMMISSION_INCOME_YOY":null,"ACCOUNTS_RECE_TDAYS":159.871977240398,"INVENTORY_TDAYS":40.117513267627,"CURRENT_ASSETS_TDAYS":0.84177807737,"TOTAL_ASSETS_TDAYS":0.188942517026,"PREMIUM_EXPENSE":null,"LOAN_DEPOSIT":null,"LOAN_EQUITY":null,"LOAN_ASSETS":null,"DEPOSIT_EQUITY":null,"DEPOSIT_ASSETS":null,"EQUITY_MULTIPLIER":2.2671550745,"EQUITY_RATIO":1.267212263903},{"SECUCODE":"06889.HK","SECURITY_CODE":"06889","SECURITY_NAME_ABBR":"DYNAM JAPAN","ORG_CODE":"10277003","STD_REPORT_DATE":"2021-12-31 00:00:00","REPORT_DATE":"2022-03-31 00:00:00","DATE_TYPE_CODE":"001","REPORT_TYPE":"2021年年报","PER_NETCASH_OPERATE":2.352095873793,"PER_OI":7.558351791513,"BPS":9.777306637268,"BASIC_EPS":0.353362,"DILUTED_EPS":0.353362,"OPERATE_INCOME":5463652065,"OPERATE_INCOME_YOY":6.6317113243,"GROSS_PROFIT":531601950,"GROSS_PROFIT_YOY":759.960047916876,"HOLDER_PROFIT":259669105,"HOLDER_PROFIT_YOY":111.468472281,"GROSS_PROFIT_RATIO":9.729791422946,"EPS_TTM":0.40173543591,"OPERATE_INCOME_QOQ":0,"NET_PROFIT_RATIO":4.7336433932,"ROE_AVG":3.799393252789,"GROSS_PROFIT_QOQ":0,"ROA":1.681093501364,"HOLDER_PROFIT_QOQ":0,"ROE_YEARLY":3.799393252789,"ROIC_YEARLY":2.156607604879,"TOTAL_ASSETS":15247622265,"TOTAL_LIABILITIES":8441142635,"TAX_EBT":41.508990480668,"OCF_SALES":31.119163789578,"TOTAL_PARENT_EQUITY":6809337705,"DEBT_ASSET_RATIO":55.3603866117,"OPERATE_PROFIT":553635110,"PRETAX_PROFIT":442170185,"NETCASH_OPERATE":1700242835,"NETCASH_INVEST":-2235014650,"NETCASH_FINANCE":-445080225,"END_CASH":2936438220,"DIVI_RATIO":0.863221366606,"DIVIDEND_RATE":11.705521472393,"CURRENT_RATIO":1.426062885639,"COMMON_ACS":2520000000,"CURRENTDEBT_DEBT":29.133397767777,"ISSUED_COMMON_SHARES":696443096,"HK_COMMON_SHARES":696443096,"PER_SHARES":200,"TOTAL_MARKET_CAP":2270404492.96,"HKSK_MARKET_CAP":2270404492.96,"PE_TTM":11.558333111404,"PB_TTM":0.325203174441,"REPORT_DATE_SQ":"2020-12-31 00:00:00","REPORT_TYPE_SQ":"2020年年报","OPERATE_INCOME_SQ":5872143508,"DPS_HKD":0.3816,"OPERATE_INCOME_QOQ_SQ":0,"NET_PROFIT_RATIO_SQ":2.384332975,"HOLDER_PROFIT_SQ":140726102,"HOLDER_PROFIT_QOQ_SQ":0,"ROE_AVG_SQ":1.7716432122,"PE_TTM_SQ":21.983242740625,"PB_TTM_SQ":0.443015971894,"ROA_SQ":0.81720593728,"START_DATE":"2021-04-01 00:00:00","FISCAL_YEAR":"3-31","CURRENCY":"HKD","IS_CNY_CODE":0,"DPS_HKD_LY":0.3058,"ORG_TYPE":"一般企业","PREMIUM_INCOME":null,"PREMIUM_INCOME_YOY":null,"NET_INTEREST_INCOME":null,"NET_INTEREST_INCOME_YOY":null,"FEE_COMMISSION_INCOME":null,"FEE_COMMISSION_INCOME_YOY":null,"ACCOUNTS_RECE_TDAYS":303.437229437229,"INVENTORY_TDAYS":30.8955078125,"CURRENT_ASSETS_TDAYS":1.320228281547,"TOTAL_ASSETS_TDAYS":0.353715933214,"PREMIUM_EXPENSE":null,"LOAN_DEPOSIT":null,"LOAN_EQUITY":null,"LOAN_ASSETS":null,"DEPOSIT_EQUITY":null,"DEPOSIT_ASSETS":null,"EQUITY_MULTIPLIER":2.240162770456,"EQUITY_RATIO":1.239642238452},{"SECUCODE":"06889.HK","SECURITY_CODE":"06889","SECURITY_NAME_ABBR":"DYNAM JAPAN","ORG_CODE":"10277003","STD_REPORT_DATE":"2021-06-30 00:00:00","REPORT_DATE":"2021-09-30 00:00:00","DATE_TYPE_CODE":"002","REPORT_TYPE":"2021年中报","PER_NETCASH_OPERATE":0.833014681539,"PER_OI":4.030606354812,"BPS":10.926310395932,"BASIC_EPS":0.2664734,"DILUTED_EPS":0.2664734,"OPERATE_INCOME":2948412313,"OPERATE_INCOME_YOY":10.6648982432,"GROSS_PROFIT":326835418,"GROSS_PROFIT_YOY":698.207523009825,"HOLDER_PROFIT":198117180,"HOLDER_PROFIT_YOY":389.9713467049,"GROSS_PROFIT_RATIO":11.085132719021,"EPS_TTM":0.186961418491,"OPERATE_INCOME_QOQ":0,"NET_PROFIT_RATIO":6.7115940036,"ROE_AVG":2.597156038198,"GROSS_PROFIT_QOQ":0,"ROA":1.163376103847,"HOLDER_PROFIT_QOQ":0,"ROE_YEARLY":5.194312076396,"ROIC_YEARLY":2.960372556827,"TOTAL_ASSETS":16618150159,"TOTAL_LIABILITIES":9010740092,"TAX_EBT":38.847117794486,"OCF_SALES":20.667229895672,"TOTAL_PARENT_EQUITY":7609553440,"DEBT_ASSET_RATIO":54.222281095,"OPERATE_PROFIT":388935306,"PRETAX_PROFIT":323591394,"NETCASH_OPERATE":609355151,"NETCASH_INVEST":-1339028835,"NETCASH_FINANCE":-629398585,"END_CASH":2968803321,"DIVI_RATIO":1.854856551685,"DIVIDEND_RATE":11.705521472393,"CURRENT_RATIO":1.222521795603,"COMMON_ACS":2520000000,"CURRENTDEBT_DEBT":32.667086687068,"ISSUED_COMMON_SHARES":696443096,"HK_COMMON_SHARES":696443096,"PER_SHARES":200,"TOTAL_MARKET_CAP":2270404492.96,"HKSK_MARKET_CAP":2270404492.96,"PE_TTM":11.558333111404,"PB_TTM":0.325203174441,"REPORT_DATE_SQ":"2020-06-30 00:00:00","REPORT_TYPE_SQ":"2020年中报","OPERATE_INCOME_SQ":2963218568,"DPS_HKD":0.3816,"OPERATE_INCOME_QOQ_SQ":0,"NET_PROFIT_RATIO_SQ":1.4980866238,"HOLDER_PROFIT_SQ":44971442,"HOLDER_PROFIT_QOQ_SQ":0,"ROE_AVG_SQ":0.522826860417,"PE_TTM_SQ":21.983242740625,"PB_TTM_SQ":0.443015971894,"ROA_SQ":0.243365415961,"START_DATE":"2021-04-01 00:00:00","FISCAL_YEAR":"3-31","CURRENCY":"HKD","IS_CNY_CODE":0,"DPS_HKD_LY":0.3058,"ORG_TYPE":"一般企业","PREMIUM_INCOME":null,"PREMIUM_INCOME_YOY":null,"NET_INTEREST_INCOME":null,"NET_INTEREST_INCOME_YOY":null,"FEE_COMMISSION_INCOME":null,"FEE_COMMISSION_INCOME_YOY":null,"ACCOUNTS_RECE_TDAYS":146.255747126437,"INVENTORY_TDAYS":14.41012577615,"CURRENT_ASSETS_TDAYS":0.661386524592,"TOTAL_ASSETS_TDAYS":0.173135536718,"PREMIUM_EXPENSE":null,"LOAN_DEPOSIT":null,"LOAN_EQUITY":null,"LOAN_ASSETS":null,"DEPOSIT_EQUITY":null,"DEPOSIT_ASSETS":null,"EQUITY_MULTIPLIER":2.184468828766,"EQUITY_RATIO":1.184135200974},{"SECUCODE":"06889.HK","SECURITY_CODE":"06889","SECURITY_NAME_ABBR":"DYNAM JAPAN","ORG_CODE":"10277003","STD_REPORT_DATE":"2020-12-31 00:00:00","REPORT_DATE":"2021-03-31 00:00:00","DATE_TYPE_CODE":"001","REPORT_TYPE":"2020年年报","PER_NETCASH_OPERATE":2.329382616076,"PER_OI":7.801426062644,"BPS":11.287965686144,"BASIC_EPS":0.1846174,"DILUTED_EPS":0.1846174,"OPERATE_INCOME":5872143508,"OPERATE_INCOME_YOY":-30.7973582813,"GROSS_PROFIT":61817052,"GROSS_PROFIT_YOY":-95.324518006368,"HOLDER_PROFIT":140726102,"HOLDER_PROFIT_YOY":-81.463759021,"GROSS_PROFIT_RATIO":1.052716983428,"EPS_TTM":0.407819392969,"OPERATE_INCOME_QOQ":0,"NET_PROFIT_RATIO":2.384332975,"ROE_AVG":1.7716432122,"GROSS_PROFIT_QOQ":0,"ROA":0.81720593728,"HOLDER_PROFIT_QOQ":0,"ROE_YEARLY":1.7716432122,"ROIC_YEARLY":1.023176263004,"TOTAL_ASSETS":17930101442,"TOTAL_LIABILITIES":10070640954,"TAX_EBT":45.854444956241,"OCF_SALES":29.858420721689,"TOTAL_PARENT_EQUITY":7861425770,"DEBT_ASSET_RATIO":56.1661125375,"OPERATE_PROFIT":400679312,"PRETAX_PROFIT":258583468,"NETCASH_OPERATE":1753329314,"NETCASH_INVEST":-70750152,"NETCASH_FINANCE":265432178,"END_CASH":4446361194,"DIVI_RATIO":0.850343603023,"DIVIDEND_RATE":11.705521472393,"CURRENT_RATIO":1.534641877884,"COMMON_ACS":2520000000,"CURRENTDEBT_DEBT":35.370577347266,"ISSUED_COMMON_SHARES":696443096,"HK_COMMON_SHARES":696443096,"PER_SHARES":200,"TOTAL_MARKET_CAP":2270404492.96,"HKSK_MARKET_CAP":2270404492.96,"PE_TTM":11.558333111404,"PB_TTM":0.325203174441,"REPORT_DATE_SQ":"2019-12-31 00:00:00","REPORT_TYPE_SQ":"2019年年报","OPERATE_INCOME_SQ":9338905752,"DPS_HKD":0.3816,"OPERATE_INCOME_QOQ_SQ":0,"NET_PROFIT_RATIO_SQ":8.9818840324,"HOLDER_PROFIT_SQ":835554912,"HOLDER_PROFIT_QOQ_SQ":0,"ROE_AVG_SQ":9.218509332041,"PE_TTM_SQ":21.983242740625,"PB_TTM_SQ":0.443015971894,"ROA_SQ":5.511802512479,"START_DATE":"2020-04-01 00:00:00","FISCAL_YEAR":"3-31","CURRENCY":"HKD","IS_CNY_CODE":0,"DPS_HKD_LY":0.4389,"ORG_TYPE":"一般企业","PREMIUM_INCOME":null,"PREMIUM_INCOME_YOY":null,"NET_INTEREST_INCOME":null,"NET_INTEREST_INCOME_YOY":null,"FEE_COMMISSION_INCOME":null,"FEE_COMMISSION_INCOME_YOY":null,"ACCOUNTS_RECE_TDAYS":215.52349726776,"INVENTORY_TDAYS":23.070229368645,"CURRENT_ASSETS_TDAYS":1.336179093151,"TOTAL_ASSETS_TDAYS":0.340999322165,"PREMIUM_EXPENSE":null,"LOAN_DEPOSIT":null,"LOAN_EQUITY":null,"LOAN_ASSETS":null,"DEPOSIT_EQUITY":null,"DEPOSIT_ASSETS":null,"EQUITY_MULTIPLIER":2.281339981209,"EQUITY_RATIO":1.281019658346},{"SECUCODE":"06889.HK","SECURITY_CODE":"06889","SECURITY_NAME_ABBR":"DYNAM JAPAN","ORG_CODE":"10277003","STD_REPORT_DATE":"2020-06-30 00:00:00","REPORT_DATE":"2020-09-30 00:00:00","DATE_TYPE_CODE":"002","REPORT_TYPE":"2020年中报","PER_NETCASH_OPERATE":1.133783254606,"PER_OI":3.902189586609,"BPS":12.235294314699,"BASIC_EPS":0.05863039,"DILUTED_EPS":0.05863039,"OPERATE_INCOME":2963218568,"OPERATE_INCOME_YOY":-37.892291903,"GROSS_PROFIT":-54635792,"GROSS_PROFIT_YOY":-106.480733052223,"HOLDER_PROFIT":44971442,"HOLDER_PROFIT_YOY":-91.9687032562,"GROSS_PROFIT_RATIO":-1.843798921552,"EPS_TTM":1.090822841991,"OPERATE_INCOME_QOQ":0,"NET_PROFIT_RATIO":1.4980866238,"ROE_AVG":0.522826860417,"GROSS_PROFIT_QOQ":0,"ROA":0.243365415961,"HOLDER_PROFIT_QOQ":0,"ROE_YEARLY":1.045653720834,"ROIC_YEARLY":0.601694312566,"TOTAL_ASSETS":19095724736,"TOTAL_LIABILITIES":10576406924,"TAX_EBT":53.351387948544,"OCF_SALES":29.055053052705,"TOTAL_PARENT_EQUITY":8521186253,"DEBT_ASSET_RATIO":55.3862556683,"OPERATE_PROFIT":179177049,"PRETAX_PROFIT":95161633,"NETCASH_OPERATE":860964727,"NETCASH_INVEST":-77765803,"NETCASH_FINANCE":906387172,"END_CASH":4370863360,"DIVI_RATIO":0.317912862337,"DIVIDEND_RATE":11.705521472393,"CURRENT_RATIO":1.280363096852,"COMMON_ACS":2520000000,"CURRENTDEBT_DEBT":38.185019128146,"ISSUED_COMMON_SHARES":696443096,"HK_COMMON_SHARES":696443096,"PER_SHARES":200,"TOTAL_MARKET_CAP":2270404492.96,"HKSK_MARKET_CAP":2270404492.96,"PE_TTM":11.558333111404,"PB_TTM":0.325203174441,"REPORT_DATE_SQ":"2019-06-30 00:00:00","REPORT_TYPE_SQ":"2019年中报","OPERATE_INCOME_SQ":4865142348,"DPS_HKD":0.3816,"OPERATE_INCOME_QOQ_SQ":0,"NET_PROFIT_RATIO_SQ":11.7561173449,"HOLDER_PROFIT_SQ":570990009,"HOLDER_PROFIT_QOQ_SQ":0,"ROE_AVG_SQ":6.276540428113,"PE_TTM_SQ":21.983242740625,"PB_TTM_SQ":0.443015971894,"ROA_SQ":3.779813162152,"START_DATE":"2020-04-01 00:00:00","FISCAL_YEAR":"3-31","CURRENCY":"HKD","IS_CNY_CODE":0,"DPS_HKD_LY":0.4389,"ORG_TYPE":"一般企业","PREMIUM_INCOME":null,"PREMIUM_INCOME_YOY":null,"NET_INTEREST_INCOME":null,"NET_INTEREST_INCOME_YOY":null,"FEE_COMMISSION_INCOME":null,"FEE_COMMISSION_INCOME_YOY":null,"ACCOUNTS_RECE_TDAYS":96.825263157895,"INVENTORY_TDAYS":16.85195178989,"CURRENT_ASSETS_TDAYS":0.676079526662,"TOTAL_ASSETS_TDAYS":0.160356192133,"PREMIUM_EXPENSE":null,"LOAN_DEPOSIT":null,"LOAN_EQUITY":null,"LOAN_ASSETS":null,"DEPOSIT_EQUITY":null,"DEPOSIT_ASSETS":null,"EQUITY_MULTIPLIER":2.241461717638,"EQUITY_RATIO":1.241189502257}],"count":29},"success":true,"message":"ok","code":0}