{"version":"d8fdc43d5d7b0efa23f60bb1ed9334b9","result":{"pages":2,"data":[{"SECUCODE":"06885.HK","SECURITY_CODE":"06885","SECURITY_NAME_ABBR":"金马能源","ORG_CODE":"10666448","STD_REPORT_DATE":"2024-06-30 00:00:00","REPORT_DATE":"2024-06-30 00:00:00","DATE_TYPE_CODE":"002","REPORT_TYPE":"2024年中报","PER_NETCASH_OPERATE":0.990665289557,"PER_OI":11.76547053627,"BPS":6.175570252194,"BASIC_EPS":-0.29,"DILUTED_EPS":null,"OPERATE_INCOME":6299480000,"OPERATE_INCOME_YOY":6.9395400507,"GROSS_PROFIT":70066000,"GROSS_PROFIT_YOY":-67.59084517466,"HOLDER_PROFIT":-156978000,"HOLDER_PROFIT_YOY":-463.6443661972,"GROSS_PROFIT_RATIO":1.112250534965,"EPS_TTM":-0.332116222561,"OPERATE_INCOME_QOQ":3.386155897512,"NET_PROFIT_RATIO":-3.3228139465,"ROE_AVG":-4.639539976864,"GROSS_PROFIT_QOQ":-32.583445381711,"ROA":-1.291747338473,"HOLDER_PROFIT_QOQ":-896.550797348146,"ROE_YEARLY":-9.279079953728,"ROIC_YEARLY":-3.192347217024,"TOTAL_ASSETS":11769775000,"TOTAL_LIABILITIES":7165317000,"TAX_EBT":19.702317017032,"OCF_SALES":8.420107691429,"TOTAL_PARENT_EQUITY":3306530000,"DEBT_ASSET_RATIO":60.8789632767,"OPERATE_PROFIT":-194401000,"PRETAX_PROFIT":-260680000,"NETCASH_OPERATE":530423000,"NETCASH_INVEST":-106770000,"NETCASH_FINANCE":-306365000,"END_CASH":1039886000,"DIVI_RATIO":null,"DIVIDEND_RATE":null,"CURRENT_RATIO":0.587305052379,"COMMON_ACS":null,"CURRENTDEBT_DEBT":74.032035149317,"ISSUED_COMMON_SHARES":535421000,"HK_COMMON_SHARES":535421000,"PER_SHARES":1000,"TOTAL_MARKET_CAP":315898390,"HKSK_MARKET_CAP":315898390,"PE_TTM":-1.626803174552,"PB_TTM":0.087195380833,"REPORT_DATE_SQ":"2023-06-30 00:00:00","REPORT_TYPE_SQ":"2023年中报","OPERATE_INCOME_SQ":5890693000,"DPS_HKD":null,"OPERATE_INCOME_QOQ_SQ":-5.12620491035,"NET_PROFIT_RATIO_SQ":0.5026743033,"HOLDER_PROFIT_SQ":43168000,"HOLDER_PROFIT_QOQ_SQ":-63.233795473397,"ROE_AVG_SQ":1.228936372764,"PE_TTM_SQ":3.621544226043,"PB_TTM_SQ":0.149024330663,"ROA_SQ":0.375087753704,"START_DATE":"2024-01-01 00:00:00","FISCAL_YEAR":"12-31","CURRENCY":"HKD","IS_CNY_CODE":0,"DPS_HKD_LY":null,"ORG_TYPE":"一般企业","PREMIUM_INCOME":null,"PREMIUM_INCOME_YOY":null,"NET_INTEREST_INCOME":null,"NET_INTEREST_INCOME_YOY":null,"FEE_COMMISSION_INCOME":null,"FEE_COMMISSION_INCOME_YOY":null,"ACCOUNTS_RECE_TDAYS":14.005177897116,"INVENTORY_TDAYS":8.904467375565,"CURRENT_ASSETS_TDAYS":1.799582519526,"TOTAL_ASSETS_TDAYS":0.518374327853,"PREMIUM_EXPENSE":null,"LOAN_DEPOSIT":null,"LOAN_EQUITY":null,"LOAN_ASSETS":null,"DEPOSIT_EQUITY":null,"DEPOSIT_ASSETS":null,"EQUITY_MULTIPLIER":2.556169477493,"EQUITY_RATIO":2.167020108694},{"SECUCODE":"06885.HK","SECURITY_CODE":"06885","SECURITY_NAME_ABBR":"金马能源","ORG_CODE":"10666448","STD_REPORT_DATE":"2023-12-31 00:00:00","REPORT_DATE":"2023-12-31 00:00:00","DATE_TYPE_CODE":"001","REPORT_TYPE":"2023年年报","PER_NETCASH_OPERATE":0.130715829226,"PER_OI":22.547309500375,"BPS":6.463015085325,"BASIC_EPS":0.04,"DILUTED_EPS":null,"OPERATE_INCOME":12072303000,"OPERATE_INCOME_YOY":-3.0231485453,"GROSS_PROFIT":448467000,"GROSS_PROFIT_YOY":-60.689065759717,"HOLDER_PROFIT":22324000,"HOLDER_PROFIT_YOY":-94.7093257495,"GROSS_PROFIT_RATIO":3.714842147352,"EPS_TTM":0.041694292902,"OPERATE_INCOME_QOQ":2.216688352171,"NET_PROFIT_RATIO":-0.0502223975,"ROE_AVG":0.640168386883,"GROSS_PROFIT_QOQ":-15.677916705838,"ROA":0.187864542966,"HOLDER_PROFIT_QOQ":-85.60995262191,"ROE_YEARLY":0.640168386883,"ROIC_YEARLY":0.230835420208,"TOTAL_ASSETS":12534978000,"TOTAL_LIABILITIES":7694763000,"TAX_EBT":88.101966325209,"OCF_SALES":0.579740253372,"TOTAL_PARENT_EQUITY":3460434000,"DEBT_ASSET_RATIO":61.3863303151,"OPERATE_PROFIT":67097000,"PRETAX_PROFIT":-50958000,"NETCASH_OPERATE":69988000,"NETCASH_INVEST":-898718000,"NETCASH_FINANCE":832653000,"END_CASH":917869000,"DIVI_RATIO":null,"DIVIDEND_RATE":null,"CURRENT_RATIO":0.671371693366,"COMMON_ACS":null,"CURRENTDEBT_DEBT":75.214389319073,"ISSUED_COMMON_SHARES":535421000,"HK_COMMON_SHARES":535421000,"PER_SHARES":1000,"TOTAL_MARKET_CAP":342669440,"HKSK_MARKET_CAP":342669440,"PE_TTM":-1.764667850361,"PB_TTM":0.094584819886,"REPORT_DATE_SQ":"2022-12-31 00:00:00","REPORT_TYPE_SQ":"2022年年报","OPERATE_INCOME_SQ":12448644000,"DPS_HKD":null,"OPERATE_INCOME_QOQ_SQ":14.294732945368,"NET_PROFIT_RATIO_SQ":4.585109832,"HOLDER_PROFIT_SQ":421950000,"HOLDER_PROFIT_QOQ_SQ":-8.265357590093,"ROE_AVG_SQ":12.521897369407,"PE_TTM_SQ":4.953999177134,"PB_TTM_SQ":0.203854037228,"ROA_SQ":4.271522228492,"START_DATE":"2023-01-01 00:00:00","FISCAL_YEAR":"12-31","CURRENCY":"HKD","IS_CNY_CODE":0,"DPS_HKD_LY":0.1105097,"ORG_TYPE":"一般企业","PREMIUM_INCOME":null,"PREMIUM_INCOME_YOY":null,"NET_INTEREST_INCOME":null,"NET_INTEREST_INCOME_YOY":null,"FEE_COMMISSION_INCOME":null,"FEE_COMMISSION_INCOME_YOY":null,"ACCOUNTS_RECE_TDAYS":10.229954660372,"INVENTORY_TDAYS":16.724438542145,"CURRENT_ASSETS_TDAYS":3.020893488401,"TOTAL_ASSETS_TDAYS":1.015928008261,"PREMIUM_EXPENSE":null,"LOAN_DEPOSIT":null,"LOAN_EQUITY":null,"LOAN_ASSETS":null,"DEPOSIT_EQUITY":null,"DEPOSIT_ASSETS":null,"EQUITY_MULTIPLIER":2.589756446772,"EQUITY_RATIO":2.223641023062},{"SECUCODE":"06885.HK","SECURITY_CODE":"06885","SECURITY_NAME_ABBR":"金马能源","ORG_CODE":"10666448","STD_REPORT_DATE":"2023-06-30 00:00:00","REPORT_DATE":"2023-06-30 00:00:00","DATE_TYPE_CODE":"002","REPORT_TYPE":"2023年中报","PER_NETCASH_OPERATE":-0.011123956662,"PER_OI":11.001983485892,"BPS":6.557981476259,"BASIC_EPS":0.08,"DILUTED_EPS":null,"OPERATE_INCOME":5890693000,"OPERATE_INCOME_YOY":-9.774223154,"GROSS_PROFIT":216192000,"GROSS_PROFIT_YOY":-73.800053807616,"HOLDER_PROFIT":43168000,"HOLDER_PROFIT_YOY":-86.0740750299,"GROSS_PROFIT_RATIO":3.67006055145,"EPS_TTM":0.289743958492,"OPERATE_INCOME_QOQ":-5.12620491035,"NET_PROFIT_RATIO":0.5026743033,"ROE_AVG":1.228936372764,"GROSS_PROFIT_QOQ":-53.380024894374,"ROA":0.375087753704,"HOLDER_PROFIT_QOQ":-63.233795473397,"ROE_YEARLY":2.457872745529,"ROIC_YEARLY":0.91179856957,"TOTAL_ASSETS":11786465000,"TOTAL_LIABILITIES":7113780000,"TAX_EBT":-586.393138618452,"OCF_SALES":-0.101108647149,"TOTAL_PARENT_EQUITY":3511281000,"DEBT_ASSET_RATIO":60.355500992,"OPERATE_PROFIT":59383000,"PRETAX_PROFIT":4314000,"NETCASH_OPERATE":-5956000,"NETCASH_INVEST":-540462000,"NETCASH_FINANCE":424455000,"END_CASH":792136000,"DIVI_RATIO":null,"DIVIDEND_RATE":null,"CURRENT_RATIO":0.724213440634,"COMMON_ACS":null,"CURRENTDEBT_DEBT":73.804686116242,"ISSUED_COMMON_SHARES":535421000,"HK_COMMON_SHARES":535421000,"PER_SHARES":1000,"TOTAL_MARKET_CAP":342669440,"HKSK_MARKET_CAP":342669440,"PE_TTM":-1.764667850361,"PB_TTM":0.094584819886,"REPORT_DATE_SQ":"2022-06-30 00:00:00","REPORT_TYPE_SQ":"2022年中报","OPERATE_INCOME_SQ":6528836000,"DPS_HKD":null,"OPERATE_INCOME_QOQ_SQ":47.219805738106,"NET_PROFIT_RATIO_SQ":7.414721399,"HOLDER_PROFIT_SQ":309983000,"HOLDER_PROFIT_QOQ_SQ":-5.457923793785,"ROE_AVG_SQ":9.316009614048,"PE_TTM_SQ":4.953999177134,"PB_TTM_SQ":0.203854037228,"ROA_SQ":3.299915773015,"START_DATE":"2023-01-01 00:00:00","FISCAL_YEAR":"12-31","CURRENCY":"HKD","IS_CNY_CODE":0,"DPS_HKD_LY":0.1105097,"ORG_TYPE":"一般企业","PREMIUM_INCOME":null,"PREMIUM_INCOME_YOY":null,"NET_INTEREST_INCOME":null,"NET_INTEREST_INCOME_YOY":null,"FEE_COMMISSION_INCOME":null,"FEE_COMMISSION_INCOME_YOY":null,"ACCOUNTS_RECE_TDAYS":4.724924251691,"INVENTORY_TDAYS":11.283972466675,"CURRENT_ASSETS_TDAYS":1.489567176128,"TOTAL_ASSETS_TDAYS":0.511843681692,"PREMIUM_EXPENSE":null,"LOAN_DEPOSIT":null,"LOAN_EQUITY":null,"LOAN_ASSETS":null,"DEPOSIT_EQUITY":null,"DEPOSIT_ASSETS":null,"EQUITY_MULTIPLIER":2.522418053002,"EQUITY_RATIO":2.025978553126},{"SECUCODE":"06885.HK","SECURITY_CODE":"06885","SECURITY_NAME_ABBR":"金马能源","ORG_CODE":"10666448","STD_REPORT_DATE":"2022-12-31 00:00:00","REPORT_DATE":"2022-12-31 00:00:00","DATE_TYPE_CODE":"001","REPORT_TYPE":"2022年年报","PER_NETCASH_OPERATE":1.862112244383,"PER_OI":23.250197508129,"BPS":6.563024237002,"BASIC_EPS":0.79,"DILUTED_EPS":null,"OPERATE_INCOME":12448644000,"OPERATE_INCOME_YOY":68.2644838111,"GROSS_PROFIT":1140820000,"GROSS_PROFIT_YOY":12.367607413689,"HOLDER_PROFIT":421950000,"HOLDER_PROFIT_YOY":-13.2721644653,"GROSS_PROFIT_RATIO":9.164210977517,"EPS_TTM":0.788071442846,"OPERATE_INCOME_QOQ":14.294732945368,"NET_PROFIT_RATIO":4.585109832,"ROE_AVG":12.521897369407,"GROSS_PROFIT_QOQ":-7.541912571583,"ROA":4.271522228492,"HOLDER_PROFIT_QOQ":-8.265357590093,"ROE_YEARLY":12.521897369407,"ROIC_YEARLY":5.28292442263,"TOTAL_ASSETS":11231082000,"TOTAL_LIABILITIES":6504602000,"TAX_EBT":21.515718609189,"OCF_SALES":8.009016885695,"TOTAL_PARENT_EQUITY":3513981000,"DEBT_ASSET_RATIO":57.916076118,"OPERATE_PROFIT":790990000,"PRETAX_PROFIT":727259000,"NETCASH_OPERATE":997014000,"NETCASH_INVEST":-1828031000,"NETCASH_FINANCE":1167556000,"END_CASH":913992000,"DIVI_RATIO":null,"DIVIDEND_RATE":null,"CURRENT_RATIO":0.905959051786,"COMMON_ACS":null,"CURRENTDEBT_DEBT":69.692780588267,"ISSUED_COMMON_SHARES":535421000,"HK_COMMON_SHARES":535421000,"PER_SHARES":1000,"TOTAL_MARKET_CAP":342669440,"HKSK_MARKET_CAP":342669440,"PE_TTM":-1.764667850361,"PB_TTM":0.094584819886,"REPORT_DATE_SQ":"2021-12-31 00:00:00","REPORT_TYPE_SQ":"2021年年报","OPERATE_INCOME_SQ":7398260000,"DPS_HKD":null,"OPERATE_INCOME_QOQ_SQ":8.280218420367,"NET_PROFIT_RATIO_SQ":6.8630596924,"HOLDER_PROFIT_SQ":486522000,"HOLDER_PROFIT_QOQ_SQ":-18.430653262962,"ROE_AVG_SQ":15.885029583509,"PE_TTM_SQ":4.953999177134,"PB_TTM_SQ":0.203854037228,"ROA_SQ":6.523329737731,"START_DATE":"2022-01-01 00:00:00","FISCAL_YEAR":"12-31","CURRENCY":"HKD","IS_CNY_CODE":0,"DPS_HKD_LY":0.29027982,"ORG_TYPE":"一般企业","PREMIUM_INCOME":null,"PREMIUM_INCOME_YOY":null,"NET_INTEREST_INCOME":null,"NET_INTEREST_INCOME_YOY":null,"FEE_COMMISSION_INCOME":null,"FEE_COMMISSION_INCOME_YOY":null,"ACCOUNTS_RECE_TDAYS":7.361509599094,"INVENTORY_TDAYS":21.771962674404,"CURRENT_ASSETS_TDAYS":3.343624671762,"TOTAL_ASSETS_TDAYS":1.260212337021,"PREMIUM_EXPENSE":null,"LOAN_DEPOSIT":null,"LOAN_EQUITY":null,"LOAN_ASSETS":null,"DEPOSIT_EQUITY":null,"DEPOSIT_ASSETS":null,"EQUITY_MULTIPLIER":2.376204278869,"EQUITY_RATIO":1.851063508881},{"SECUCODE":"06885.HK","SECURITY_CODE":"06885","SECURITY_NAME_ABBR":"金马能源","ORG_CODE":"10666448","STD_REPORT_DATE":"2022-06-30 00:00:00","REPORT_DATE":"2022-06-30 00:00:00","DATE_TYPE_CODE":"002","REPORT_TYPE":"2022年中报","PER_NETCASH_OPERATE":1.323808741159,"PER_OI":12.19383625222,"BPS":6.405112985856,"BASIC_EPS":0.58,"DILUTED_EPS":null,"OPERATE_INCOME":6528836000,"OPERATE_INCOME_YOY":115.0903738298,"GROSS_PROFIT":825162000,"GROSS_PROFIT_YOY":36.043894806781,"HOLDER_PROFIT":309983000,"HOLDER_PROFIT_YOY":-7.8903656953,"GROSS_PROFIT_RATIO":12.638730701767,"EPS_TTM":0.859077249492,"OPERATE_INCOME_QOQ":47.219805738106,"NET_PROFIT_RATIO":7.414721399,"ROE_AVG":9.316009614048,"GROSS_PROFIT_QOQ":21.533562437885,"ROA":3.299915773015,"HOLDER_PROFIT_QOQ":-5.457923793785,"ROE_YEARLY":18.632019228096,"ROIC_YEARLY":8.253204082844,"TOTAL_ASSETS":10261987000,"TOTAL_LIABILITIES":5593428000,"TAX_EBT":23.054853983911,"OCF_SALES":10.856376236132,"TOTAL_PARENT_EQUITY":3429432000,"DEBT_ASSET_RATIO":54.5062861608,"OPERATE_PROFIT":653606000,"PRETAX_PROFIT":629143000,"NETCASH_OPERATE":708287000,"NETCASH_INVEST":-1129929000,"NETCASH_FINANCE":713169000,"END_CASH":868732000,"DIVI_RATIO":null,"DIVIDEND_RATE":null,"CURRENT_RATIO":0.915208646561,"COMMON_ACS":null,"CURRENTDEBT_DEBT":75.484372016588,"ISSUED_COMMON_SHARES":535421000,"HK_COMMON_SHARES":535421000,"PER_SHARES":1000,"TOTAL_MARKET_CAP":342669440,"HKSK_MARKET_CAP":342669440,"PE_TTM":-1.764667850361,"PB_TTM":0.094584819886,"REPORT_DATE_SQ":"2021-06-30 00:00:00","REPORT_TYPE_SQ":"2021年中报","OPERATE_INCOME_SQ":3035392000,"DPS_HKD":null,"OPERATE_INCOME_QOQ_SQ":-4.222030643285,"NET_PROFIT_RATIO_SQ":11.2979476786,"HOLDER_PROFIT_SQ":336537000,"HOLDER_PROFIT_QOQ_SQ":22.860226748402,"ROE_AVG_SQ":11.163248456639,"PE_TTM_SQ":4.953999177134,"PB_TTM_SQ":0.203854037228,"ROA_SQ":4.99570216449,"START_DATE":"2022-01-01 00:00:00","FISCAL_YEAR":"12-31","CURRENCY":"HKD","IS_CNY_CODE":0,"DPS_HKD_LY":0.29027982,"ORG_TYPE":"一般企业","PREMIUM_INCOME":null,"PREMIUM_INCOME_YOY":null,"NET_INTEREST_INCOME":null,"NET_INTEREST_INCOME_YOY":null,"FEE_COMMISSION_INCOME":null,"FEE_COMMISSION_INCOME_YOY":null,"ACCOUNTS_RECE_TDAYS":6.236708570555,"INVENTORY_TDAYS":12.998612095508,"CURRENT_ASSETS_TDAYS":1.812702004462,"TOTAL_ASSETS_TDAYS":0.695025498038,"PREMIUM_EXPENSE":null,"LOAN_DEPOSIT":null,"LOAN_EQUITY":null,"LOAN_ASSETS":null,"DEPOSIT_EQUITY":null,"DEPOSIT_ASSETS":null,"EQUITY_MULTIPLIER":2.198105882352,"EQUITY_RATIO":1.631007117214},{"SECUCODE":"06885.HK","SECURITY_CODE":"06885","SECURITY_NAME_ABBR":"金马能源","ORG_CODE":"10666448","STD_REPORT_DATE":"2021-12-31 00:00:00","REPORT_DATE":"2021-12-31 00:00:00","DATE_TYPE_CODE":"001","REPORT_TYPE":"2021年年报","PER_NETCASH_OPERATE":2.082381901345,"PER_OI":13.81765003614,"BPS":6.024068910259,"BASIC_EPS":0.91,"DILUTED_EPS":null,"OPERATE_INCOME":7398260000,"OPERATE_INCOME_YOY":15.7361533708,"GROSS_PROFIT":1015257000,"GROSS_PROFIT_YOY":-3.077720583181,"HOLDER_PROFIT":486522000,"HOLDER_PROFIT_YOY":0.2162843583,"GROSS_PROFIT_RATIO":13.722915928881,"EPS_TTM":0.908671867558,"OPERATE_INCOME_QOQ":8.280218420367,"NET_PROFIT_RATIO":6.8630596924,"ROE_AVG":15.885029583509,"GROSS_PROFIT_QOQ":-16.490752149716,"ROA":6.523329737731,"HOLDER_PROFIT_QOQ":-18.430653262962,"ROE_YEARLY":15.885029583509,"ROIC_YEARLY":8.988833380708,"TOTAL_ASSETS":8525341000,"TOTAL_LIABILITIES":4221054000,"TAX_EBT":25.624315744596,"OCF_SALES":15.070448997467,"TOTAL_PARENT_EQUITY":3225413000,"DEBT_ASSET_RATIO":49.511849438,"OPERATE_PROFIT":718128000,"PRETAX_PROFIT":673177000,"NETCASH_OPERATE":1114951000,"NETCASH_INVEST":-2756470000,"NETCASH_FINANCE":863502000,"END_CASH":576951000,"DIVI_RATIO":null,"DIVIDEND_RATE":null,"CURRENT_RATIO":1.003891985234,"COMMON_ACS":null,"CURRENTDEBT_DEBT":78.803137794494,"ISSUED_COMMON_SHARES":535421000,"HK_COMMON_SHARES":535421000,"PER_SHARES":1000,"TOTAL_MARKET_CAP":342669440,"HKSK_MARKET_CAP":342669440,"PE_TTM":-1.764667850361,"PB_TTM":0.094584819886,"REPORT_DATE_SQ":"2020-12-31 00:00:00","REPORT_TYPE_SQ":"2020年年报","OPERATE_INCOME_SQ":6392350000,"DPS_HKD":null,"OPERATE_INCOME_QOQ_SQ":2.258218450458,"NET_PROFIT_RATIO_SQ":7.3057459663,"HOLDER_PROFIT_SQ":485472000,"HOLDER_PROFIT_QOQ_SQ":0.050491831658,"ROE_AVG_SQ":17.566877849241,"PE_TTM_SQ":4.953999177134,"PB_TTM_SQ":0.203854037228,"ROA_SQ":8.174243502112,"START_DATE":"2021-01-01 00:00:00","FISCAL_YEAR":"12-31","CURRENCY":"HKD","IS_CNY_CODE":0,"DPS_HKD_LY":0.361774,"ORG_TYPE":"一般企业","PREMIUM_INCOME":null,"PREMIUM_INCOME_YOY":null,"NET_INTEREST_INCOME":null,"NET_INTEREST_INCOME_YOY":null,"FEE_COMMISSION_INCOME":null,"FEE_COMMISSION_INCOME_YOY":null,"ACCOUNTS_RECE_TDAYS":8.156666887169,"INVENTORY_TDAYS":15.222671108896,"CURRENT_ASSETS_TDAYS":2.181396274537,"TOTAL_ASSETS_TDAYS":0.99196520333,"PREMIUM_EXPENSE":null,"LOAN_DEPOSIT":null,"LOAN_EQUITY":null,"LOAN_ASSETS":null,"DEPOSIT_EQUITY":null,"DEPOSIT_ASSETS":null,"EQUITY_MULTIPLIER":1.980662767142,"EQUITY_RATIO":1.308686360475},{"SECUCODE":"06885.HK","SECURITY_CODE":"06885","SECURITY_NAME_ABBR":"金马能源","ORG_CODE":"10666448","STD_REPORT_DATE":"2021-06-30 00:00:00","REPORT_DATE":"2021-06-30 00:00:00","DATE_TYPE_CODE":"002","REPORT_TYPE":"2021年中报","PER_NETCASH_OPERATE":0.765186647517,"PER_OI":5.669168747584,"BPS":5.844458846403,"BASIC_EPS":0.63,"DILUTED_EPS":null,"OPERATE_INCOME":3035392000,"OPERATE_INCOME_YOY":-9.0268205848,"GROSS_PROFIT":606541000,"GROSS_PROFIT_YOY":30.207351656302,"HOLDER_PROFIT":336537000,"HOLDER_PROFIT_YOY":49.2026405742,"GROSS_PROFIT_RATIO":19.982295532175,"EPS_TTM":1.113986937382,"OPERATE_INCOME_QOQ":-4.222030643285,"NET_PROFIT_RATIO":11.2979476786,"ROE_AVG":11.163248456639,"GROSS_PROFIT_QOQ":13.089333487128,"ROA":4.99570216449,"HOLDER_PROFIT_QOQ":22.860226748402,"ROE_YEARLY":22.326496913278,"ROIC_YEARLY":14.322926697022,"TOTAL_ASSETS":7082032000,"TOTAL_LIABILITIES":2802583000,"TAX_EBT":26.148139196637,"OCF_SALES":13.497334116977,"TOTAL_PARENT_EQUITY":3129246000,"DEBT_ASSET_RATIO":39.5731479327,"OPERATE_PROFIT":486276000,"PRETAX_PROFIT":463402000,"NETCASH_OPERATE":411697000,"NETCASH_INVEST":-1376091000,"NETCASH_FINANCE":99173000,"END_CASH":490032000,"DIVI_RATIO":null,"DIVIDEND_RATE":null,"CURRENT_RATIO":1.513446817128,"COMMON_ACS":null,"CURRENTDEBT_DEBT":80.348521346201,"ISSUED_COMMON_SHARES":535421000,"HK_COMMON_SHARES":535421000,"PER_SHARES":1000,"TOTAL_MARKET_CAP":342669440,"HKSK_MARKET_CAP":342669440,"PE_TTM":-1.764667850361,"PB_TTM":0.094584819886,"REPORT_DATE_SQ":"2020-06-30 00:00:00","REPORT_TYPE_SQ":"2020年中报","OPERATE_INCOME_SQ":3336579000,"DPS_HKD":null,"OPERATE_INCOME_QOQ_SQ":-7.868282191696,"NET_PROFIT_RATIO_SQ":7.1600440136,"HOLDER_PROFIT_SQ":225557000,"HOLDER_PROFIT_QOQ_SQ":-17.366255564525,"ROE_AVG_SQ":8.479501989924,"PE_TTM_SQ":4.953999177134,"PB_TTM_SQ":0.203854037228,"ROA_SQ":3.866184958342,"START_DATE":"2021-01-01 00:00:00","FISCAL_YEAR":"12-31","CURRENCY":"HKD","IS_CNY_CODE":0,"DPS_HKD_LY":0.361774,"ORG_TYPE":"一般企业","PREMIUM_INCOME":null,"PREMIUM_INCOME_YOY":null,"NET_INTEREST_INCOME":null,"NET_INTEREST_INCOME_YOY":null,"FEE_COMMISSION_INCOME":null,"FEE_COMMISSION_INCOME_YOY":null,"ACCOUNTS_RECE_TDAYS":9.176190332235,"INVENTORY_TDAYS":9.064737166209,"CURRENT_ASSETS_TDAYS":0.886011466748,"TOTAL_ASSETS_TDAYS":0.450586841402,"PREMIUM_EXPENSE":null,"LOAN_DEPOSIT":null,"LOAN_EQUITY":null,"LOAN_ASSETS":null,"DEPOSIT_EQUITY":null,"DEPOSIT_ASSETS":null,"EQUITY_MULTIPLIER":1.654893422027,"EQUITY_RATIO":0.895609677219},{"SECUCODE":"06885.HK","SECURITY_CODE":"06885","SECURITY_NAME_ABBR":"金马能源","ORG_CODE":"10666448","STD_REPORT_DATE":"2020-12-31 00:00:00","REPORT_DATE":"2020-12-31 00:00:00","DATE_TYPE_CODE":"001","REPORT_TYPE":"2020年年报","PER_NETCASH_OPERATE":2.263995995674,"PER_OI":11.938922828951,"BPS":5.416537640474,"BASIC_EPS":0.91,"DILUTED_EPS":null,"OPERATE_INCOME":6392350000,"OPERATE_INCOME_YOY":-5.7877467414,"GROSS_PROFIT":1047496000,"GROSS_PROFIT_YOY":-3.106702359303,"HOLDER_PROFIT":485472000,"HOLDER_PROFIT_YOY":-17.3245322734,"GROSS_PROFIT_RATIO":15.069711369976,"EPS_TTM":0.906710793936,"OPERATE_INCOME_QOQ":2.258218450458,"NET_PROFIT_RATIO":7.3057459663,"ROE_AVG":17.566877849241,"GROSS_PROFIT_QOQ":9.877584227918,"ROA":8.174243502112,"HOLDER_PROFIT_QOQ":0.050491831658,"ROE_YEARLY":17.566877849241,"ROIC_YEARLY":13.91129725529,"TOTAL_ASSETS":6391029000,"TOTAL_LIABILITIES":2410536000,"TAX_EBT":27.075997367333,"OCF_SALES":16.992458331581,"TOTAL_PARENT_EQUITY":2900128000,"DEBT_ASSET_RATIO":37.717494319,"OPERATE_PROFIT":794318000,"PRETAX_PROFIT":694353000,"NETCASH_OPERATE":1142191000,"NETCASH_INVEST":-1295069000,"NETCASH_FINANCE":-189312000,"END_CASH":1355149000,"DIVI_RATIO":null,"DIVIDEND_RATE":null,"CURRENT_RATIO":1.727299538505,"COMMON_ACS":null,"CURRENTDEBT_DEBT":82.709281255289,"ISSUED_COMMON_SHARES":535421000,"HK_COMMON_SHARES":535421000,"PER_SHARES":1000,"TOTAL_MARKET_CAP":342669440,"HKSK_MARKET_CAP":342669440,"PE_TTM":-1.764667850361,"PB_TTM":0.094584819886,"REPORT_DATE_SQ":"2019-12-31 00:00:00","REPORT_TYPE_SQ":"2019年年报","OPERATE_INCOME_SQ":7571945000,"DPS_HKD":null,"OPERATE_INCOME_QOQ_SQ":-6.821865419623,"NET_PROFIT_RATIO_SQ":8.1781761489,"HOLDER_PROFIT_SQ":587202000,"HOLDER_PROFIT_QOQ_SQ":-26.320504712862,"ROE_AVG_SQ":23.935062505274,"PE_TTM_SQ":4.953999177134,"PB_TTM_SQ":0.203854037228,"ROA_SQ":12.282218568572,"START_DATE":"2020-01-01 00:00:00","FISCAL_YEAR":"12-31","CURRENCY":"HKD","IS_CNY_CODE":0,"DPS_HKD_LY":0.224232,"ORG_TYPE":"一般企业","PREMIUM_INCOME":null,"PREMIUM_INCOME_YOY":null,"NET_INTEREST_INCOME":null,"NET_INTEREST_INCOME_YOY":null,"FEE_COMMISSION_INCOME":null,"FEE_COMMISSION_INCOME_YOY":null,"ACCOUNTS_RECE_TDAYS":8.213321375502,"INVENTORY_TDAYS":17.690018131863,"CURRENT_ASSETS_TDAYS":2.088611625308,"TOTAL_ASSETS_TDAYS":1.201152710579,"PREMIUM_EXPENSE":null,"LOAN_DEPOSIT":null,"LOAN_EQUITY":null,"LOAN_ASSETS":null,"DEPOSIT_EQUITY":null,"DEPOSIT_ASSETS":null,"EQUITY_MULTIPLIER":1.605587297855,"EQUITY_RATIO":0.831182623664},{"SECUCODE":"06885.HK","SECURITY_CODE":"06885","SECURITY_NAME_ABBR":"金马能源","ORG_CODE":"10666448","STD_REPORT_DATE":"2020-06-30 00:00:00","REPORT_DATE":"2020-06-30 00:00:00","DATE_TYPE_CODE":"002","REPORT_TYPE":"2020年中报","PER_NETCASH_OPERATE":0.768681093943,"PER_OI":6.23169244389,"BPS":5.029784039102,"BASIC_EPS":0.42,"DILUTED_EPS":null,"OPERATE_INCOME":3336579000,"OPERATE_INCOME_YOY":-15.0132560624,"GROSS_PROFIT":465827000,"GROSS_PROFIT_YOY":-18.119386194653,"HOLDER_PROFIT":225557000,"HOLDER_PROFIT_YOY":-31.134362444,"GROSS_PROFIT_RATIO":13.823644788236,"EPS_TTM":0.906253210091,"OPERATE_INCOME_QOQ":-7.868282191696,"NET_PROFIT_RATIO":7.1600440136,"ROE_AVG":8.479501989924,"GROSS_PROFIT_QOQ":-9.499279425612,"ROA":3.866184958342,"HOLDER_PROFIT_QOQ":-17.366255564525,"ROE_YEARLY":16.959003979848,"ROIC_YEARLY":13.040194842389,"TOTAL_ASSETS":6181134000,"TOTAL_LIABILITIES":2599989000,"TAX_EBT":26.483674136491,"OCF_SALES":12.203317864514,"TOTAL_PARENT_EQUITY":2693052000,"DEBT_ASSET_RATIO":42.0633010059,"OPERATE_PROFIT":365648000,"PRETAX_PROFIT":330396000,"NETCASH_OPERATE":411568000,"NETCASH_INVEST":-496261000,"NETCASH_FINANCE":-215070000,"END_CASH":1398239000,"DIVI_RATIO":null,"DIVIDEND_RATE":null,"CURRENT_RATIO":1.666627760789,"COMMON_ACS":null,"CURRENTDEBT_DEBT":80.734303106667,"ISSUED_COMMON_SHARES":535421000,"HK_COMMON_SHARES":535421000,"PER_SHARES":1000,"TOTAL_MARKET_CAP":342669440,"HKSK_MARKET_CAP":342669440,"PE_TTM":-1.764667850361,"PB_TTM":0.094584819886,"REPORT_DATE_SQ":"2019-06-30 00:00:00","REPORT_TYPE_SQ":"2019年中报","OPERATE_INCOME_SQ":3968373000,"DPS_HKD":null,"OPERATE_INCOME_QOQ_SQ":9.05175438985,"NET_PROFIT_RATIO_SQ":8.6191242607,"HOLDER_PROFIT_SQ":327532000,"HOLDER_PROFIT_QOQ_SQ":-4.257527558601,"ROE_AVG_SQ":13.932018392721,"PE_TTM_SQ":4.953999177134,"PB_TTM_SQ":0.203854037228,"ROA_SQ":7.823485960006,"START_DATE":"2020-01-01 00:00:00","FISCAL_YEAR":"12-31","CURRENCY":"HKD","IS_CNY_CODE":0,"DPS_HKD_LY":0.224232,"ORG_TYPE":"一般企业","PREMIUM_INCOME":null,"PREMIUM_INCOME_YOY":null,"NET_INTEREST_INCOME":null,"NET_INTEREST_INCOME_YOY":null,"FEE_COMMISSION_INCOME":null,"FEE_COMMISSION_INCOME_YOY":null,"ACCOUNTS_RECE_TDAYS":4.239453235929,"INVENTORY_TDAYS":9.442769954043,"CURRENT_ASSETS_TDAYS":0.979599323463,"TOTAL_ASSETS_TDAYS":0.578082728305,"PREMIUM_EXPENSE":null,"LOAN_DEPOSIT":null,"LOAN_EQUITY":null,"LOAN_ASSETS":null,"DEPOSIT_EQUITY":null,"DEPOSIT_ASSETS":null,"EQUITY_MULTIPLIER":1.726021705347,"EQUITY_RATIO":0.965443296305}],"count":18},"success":true,"message":"ok","code":0}