{"version":"83075c31449c8ac34ad9d46a9665efa9","result":{"pages":4,"data":[{"SECUCODE":"06880.HK","SECURITY_CODE":"06880","SECURITY_NAME_ABBR":"腾邦控股","ORG_CODE":"10184724","STD_REPORT_DATE":"2024-06-30 00:00:00","REPORT_DATE":"2024-06-30 00:00:00","DATE_TYPE_CODE":"002","REPORT_TYPE":"2024年中报","PER_NETCASH_OPERATE":0.014445637873,"PER_OI":0.14586540332,"BPS":-0.79585011975,"BASIC_EPS":-0.051018812,"DILUTED_EPS":-0.051018812,"OPERATE_INCOME":63681334.32,"OPERATE_INCOME_YOY":-2.5584448231,"GROSS_PROFIT":42526324.6,"GROSS_PROFIT_YOY":12.786083858068,"HOLDER_PROFIT":-22285820.24,"HOLDER_PROFIT_YOY":78.0583361789,"GROSS_PROFIT_RATIO":66.779889357067,"EPS_TTM":-0.114746499899,"OPERATE_INCOME_QOQ":-1.729451630707,"NET_PROFIT_RATIO":-34.995843724,"ROE_AVG":6.63301894993,"GROSS_PROFIT_QOQ":5.843641032679,"ROA":-33.446795104478,"HOLDER_PROFIT_QOQ":61.587045966306,"ROE_YEARLY":13.266037899861,"ROIC_YEARLY":-97.779557513265,"TOTAL_ASSETS":60938730.92,"TOTAL_LIABILITIES":408387792.8,"TAX_EBT":null,"OCF_SALES":9.903402413506,"TOTAL_PARENT_EQUITY":-347449061.88,"DEBT_ASSET_RATIO":670.1613024008,"OPERATE_PROFIT":-3789447.36,"PRETAX_PROFIT":-22285820.24,"NETCASH_OPERATE":6306618.8,"NETCASH_INVEST":4872798.52,"NETCASH_FINANCE":-12197055.52,"END_CASH":12069280.32,"DIVI_RATIO":null,"DIVIDEND_RATE":null,"CURRENT_RATIO":0.103054924903,"COMMON_ACS":10000000000,"CURRENTDEBT_DEBT":96.762392169133,"ISSUED_COMMON_SHARES":436576000,"HK_COMMON_SHARES":436576000,"PER_SHARES":2000,"TOTAL_MARKET_CAP":58501184,"HKSK_MARKET_CAP":58501184,"PE_TTM":-1.02559884995,"PB_TTM":-0.153671045546,"REPORT_DATE_SQ":"2023-06-30 00:00:00","REPORT_TYPE_SQ":"2023年中报","OPERATE_INCOME_SQ":66019299.88,"DPS_HKD":null,"OPERATE_INCOME_QOQ_SQ":-9.23439450398,"NET_PROFIT_RATIO_SQ":-155.4143507527,"HOLDER_PROFIT_SQ":-102603466.28,"HOLDER_PROFIT_QOQ_SQ":27.943059382358,"ROE_AVG_SQ":41.561924040043,"PE_TTM_SQ":-1.391063702295,"PB_TTM_SQ":-4.281723194028,"ROA_SQ":-103.764137660957,"START_DATE":"2024-01-01 00:00:00","FISCAL_YEAR":"12-31","CURRENCY":"HKD","IS_CNY_CODE":0,"DPS_HKD_LY":null,"ORG_TYPE":"一般企业","PREMIUM_INCOME":null,"PREMIUM_INCOME_YOY":null,"NET_INTEREST_INCOME":null,"NET_INTEREST_INCOME_YOY":null,"FEE_COMMISSION_INCOME":null,"FEE_COMMISSION_INCOME_YOY":null,"ACCOUNTS_RECE_TDAYS":4.345123925769,"INVENTORY_TDAYS":2.694136107398,"CURRENT_ASSETS_TDAYS":1.3308664346,"TOTAL_ASSETS_TDAYS":0.955736211655,"PREMIUM_EXPENSE":null,"LOAN_DEPOSIT":null,"LOAN_EQUITY":null,"LOAN_ASSETS":null,"DEPOSIT_EQUITY":null,"DEPOSIT_ASSETS":null,"EQUITY_MULTIPLIER":-0.175388963753,"EQUITY_RATIO":-1.175388963753},{"SECUCODE":"06880.HK","SECURITY_CODE":"06880","SECURITY_NAME_ABBR":"腾邦控股","ORG_CODE":"10184724","STD_REPORT_DATE":"2023-12-31 00:00:00","REPORT_DATE":"2023-12-31 00:00:00","DATE_TYPE_CODE":"001","REPORT_TYPE":"2023年年报","PER_NETCASH_OPERATE":0.004375668291,"PER_OI":0.309649106914,"BPS":-0.738061905144,"BASIC_EPS":-0.2990526,"DILUTED_EPS":-0.2990526,"OPERATE_INCOME":135185368.5,"OPERATE_INCOME_YOY":-17.0798545875,"GROSS_PROFIT":82500456.36,"GROSS_PROFIT_YOY":-18.277554219631,"HOLDER_PROFIT":-130413213.98,"HOLDER_PROFIT_YOY":38.2439020204,"GROSS_PROFIT_RATIO":61.027652086476,"EPS_TTM":-0.298718239161,"OPERATE_INCOME_QOQ":-7.319228597088,"NET_PROFIT_RATIO":-96.4699178817,"ROE_AVG":50.706284860593,"GROSS_PROFIT_QOQ":-2.877265666879,"ROA":-147.714115618328,"HOLDER_PROFIT_QOQ":13.052935771857,"ROE_YEARLY":50.706284860593,"ROIC_YEARLY":-259.234773836759,"TOTAL_ASSETS":71810685.24,"TOTAL_LIABILITIES":394030799.54,"TAX_EBT":-0.101556033194,"OCF_SALES":1.413105413105,"TOTAL_PARENT_EQUITY":-322220114.3,"DEBT_ASSET_RATIO":548.707755988,"OPERATE_PROFIT":-25095044.24,"PRETAX_PROFIT":-130280905.86,"NETCASH_OPERATE":1910311.76,"NETCASH_INVEST":-8074420.2,"NETCASH_FINANCE":-24125388.84,"END_CASH":13585144.02,"DIVI_RATIO":null,"DIVIDEND_RATE":null,"CURRENT_RATIO":0.144320732973,"COMMON_ACS":10000000000,"CURRENTDEBT_DEBT":95.989484989892,"ISSUED_COMMON_SHARES":436576000,"HK_COMMON_SHARES":436576000,"PER_SHARES":2000,"TOTAL_MARKET_CAP":58501184,"HKSK_MARKET_CAP":58501184,"PE_TTM":-1.02559884995,"PB_TTM":-0.153671045546,"REPORT_DATE_SQ":"2022-12-31 00:00:00","REPORT_TYPE_SQ":"2022年年报","OPERATE_INCOME_SQ":160701059.54,"DPS_HKD":null,"OPERATE_INCOME_QOQ_SQ":-52.728211627636,"NET_PROFIT_RATIO_SQ":-129.5305221732,"HOLDER_PROFIT_SQ":-208156921.56,"HOLDER_PROFIT_QOQ_SQ":-502.485870483636,"ROE_AVG_SQ":215.700758101691,"PE_TTM_SQ":-1.391063702295,"PB_TTM_SQ":-4.281723194028,"ROA_SQ":-104.086350023115,"START_DATE":"2023-01-01 00:00:00","FISCAL_YEAR":"12-31","CURRENCY":"HKD","IS_CNY_CODE":0,"DPS_HKD_LY":null,"ORG_TYPE":"一般企业","PREMIUM_INCOME":null,"PREMIUM_INCOME_YOY":null,"NET_INTEREST_INCOME":null,"NET_INTEREST_INCOME_YOY":null,"FEE_COMMISSION_INCOME":null,"FEE_COMMISSION_INCOME_YOY":null,"ACCOUNTS_RECE_TDAYS":9.352078239609,"INVENTORY_TDAYS":4.990514614361,"CURRENT_ASSETS_TDAYS":1.942863468827,"TOTAL_ASSETS_TDAYS":1.531193545738,"PREMIUM_EXPENSE":null,"LOAN_DEPOSIT":null,"LOAN_EQUITY":null,"LOAN_ASSETS":null,"DEPOSIT_EQUITY":null,"DEPOSIT_ASSETS":null,"EQUITY_MULTIPLIER":-0.222862205223,"EQUITY_RATIO":-1.222862205223},{"SECUCODE":"06880.HK","SECURITY_CODE":"06880","SECURITY_NAME_ABBR":"腾邦控股","ORG_CODE":"10184724","STD_REPORT_DATE":"2023-06-30 00:00:00","REPORT_DATE":"2023-06-30 00:00:00","DATE_TYPE_CODE":"002","REPORT_TYPE":"2023年中报","PER_NETCASH_OPERATE":0.011325814383,"PER_OI":0.151220634849,"BPS":-0.683109430386,"BASIC_EPS":-0.235012702,"DILUTED_EPS":-0.235012702,"OPERATE_INCOME":66019299.88,"OPERATE_INCOME_YOY":-24.267326628,"GROSS_PROFIT":37705294.08,"GROSS_PROFIT_YOY":-29.801997534236,"HOLDER_PROFIT":-102603466.28,"HOLDER_PROFIT_YOY":40.8028001192,"GROSS_PROFIT_RATIO":57.112532469346,"EPS_TTM":-0.343563341457,"OPERATE_INCOME_QOQ":-9.23439450398,"NET_PROFIT_RATIO":-155.4143507527,"ROE_AVG":41.561924040043,"GROSS_PROFIT_QOQ":-15.8565228404,"ROA":-103.764137660957,"HOLDER_PROFIT_QOQ":27.943059382358,"ROE_YEARLY":83.123848080087,"ROIC_YEARLY":-404.481477106485,"TOTAL_ASSETS":91176446.16,"TOTAL_LIABILITIES":389405628.84,"TAX_EBT":null,"OCF_SALES":7.489595843924,"TOTAL_PARENT_EQUITY":-298229182.68,"DEBT_ASSET_RATIO":427.0901589613,"OPERATE_PROFIT":-15240329.4,"PRETAX_PROFIT":-102603466.28,"NETCASH_OPERATE":4944578.74,"NETCASH_INVEST":-3226930,"NETCASH_FINANCE":-12704884.4,"END_CASH":33099082,"DIVI_RATIO":null,"DIVIDEND_RATE":null,"CURRENT_RATIO":0.187458016262,"COMMON_ACS":10000000000,"CURRENTDEBT_DEBT":94.461096984075,"ISSUED_COMMON_SHARES":436576000,"HK_COMMON_SHARES":436576000,"PER_SHARES":2000,"TOTAL_MARKET_CAP":58501184,"HKSK_MARKET_CAP":58501184,"PE_TTM":-1.02559884995,"PB_TTM":-0.153671045546,"REPORT_DATE_SQ":"2022-06-30 00:00:00","REPORT_TYPE_SQ":"2022年中报","OPERATE_INCOME_SQ":80859069.69,"DPS_HKD":null,"OPERATE_INCOME_QOQ_SQ":-9.744312006624,"NET_PROFIT_RATIO_SQ":-14.4088003165,"HOLDER_PROFIT_SQ":-160768878.48,"HOLDER_PROFIT_QOQ_SQ":43.312854523575,"ROE_AVG_SQ":311.371350984386,"PE_TTM_SQ":-1.391063702295,"PB_TTM_SQ":-4.281723194028,"ROA_SQ":-9.223158610912,"START_DATE":"2023-01-01 00:00:00","FISCAL_YEAR":"12-31","CURRENCY":"HKD","IS_CNY_CODE":0,"DPS_HKD_LY":null,"ORG_TYPE":"一般企业","PREMIUM_INCOME":null,"PREMIUM_INCOME_YOY":null,"NET_INTEREST_INCOME":null,"NET_INTEREST_INCOME_YOY":null,"FEE_COMMISSION_INCOME":null,"FEE_COMMISSION_INCOME_YOY":null,"ACCOUNTS_RECE_TDAYS":4.623619810163,"INVENTORY_TDAYS":2.846153846154,"CURRENT_ASSETS_TDAYS":0.851864189012,"TOTAL_ASSETS_TDAYS":0.667661236935,"PREMIUM_EXPENSE":null,"LOAN_DEPOSIT":null,"LOAN_EQUITY":null,"LOAN_ASSETS":null,"DEPOSIT_EQUITY":null,"DEPOSIT_ASSETS":null,"EQUITY_MULTIPLIER":-0.305726104135,"EQUITY_RATIO":-1.305726104135},{"SECUCODE":"06880.HK","SECURITY_CODE":"06880","SECURITY_NAME_ABBR":"腾邦控股","ORG_CODE":"10184724","STD_REPORT_DATE":"2022-12-31 00:00:00","REPORT_DATE":"2022-12-31 00:00:00","DATE_TYPE_CODE":"001","REPORT_TYPE":"2022年年报","PER_NETCASH_OPERATE":0.029621119324,"PER_OI":0.368094122306,"BPS":-0.433877682946,"BASIC_EPS":-0.4823658,"DILUTED_EPS":-0.4823658,"OPERATE_INCOME":160701059.54,"OPERATE_INCOME_YOY":-60.9487672625,"GROSS_PROFIT":100952015.78,"GROSS_PROFIT_YOY":-54.158678108892,"HOLDER_PROFIT":-208156921.56,"HOLDER_PROFIT_YOY":-212.6004426856,"GROSS_PROFIT_RATIO":62.819757423486,"EPS_TTM":-0.476794238712,"OPERATE_INCOME_QOQ":-52.728211627636,"NET_PROFIT_RATIO":-129.5305221732,"ROE_AVG":215.700758101691,"GROSS_PROFIT_QOQ":-34.557665886541,"ROA":-104.086350023115,"HOLDER_PROFIT_QOQ":-502.485870483636,"ROE_YEARLY":215.700758101691,"ROIC_YEARLY":-184.418873359819,"TOTAL_ASSETS":103267371.62,"TOTAL_LIABILITIES":292687954.93,"TAX_EBT":-0.2585758109,"OCF_SALES":8.047159008794,"TOTAL_PARENT_EQUITY":-189420583.31,"DEBT_ASSET_RATIO":283.4273307614,"OPERATE_PROFIT":-265476270.92,"PRETAX_PROFIT":-207620066.29,"NETCASH_OPERATE":12931869.79,"NETCASH_INVEST":-40551778.19,"NETCASH_FINANCE":-25957532.93,"END_CASH":42818004.18,"DIVI_RATIO":null,"DIVIDEND_RATE":null,"CURRENT_RATIO":0.42133705339,"COMMON_ACS":10000000000,"CURRENTDEBT_DEBT":67.601378262157,"ISSUED_COMMON_SHARES":436576000,"HK_COMMON_SHARES":436576000,"PER_SHARES":2000,"TOTAL_MARKET_CAP":58501184,"HKSK_MARKET_CAP":58501184,"PE_TTM":-1.02559884995,"PB_TTM":-0.153671045546,"REPORT_DATE_SQ":"2021-12-31 00:00:00","REPORT_TYPE_SQ":"2021年年报","OPERATE_INCOME_SQ":376653603.2,"DPS_HKD":null,"OPERATE_INCOME_QOQ_SQ":-1.790447945123,"NET_PROFIT_RATIO_SQ":-16.2009802858,"HOLDER_PROFIT_SQ":-60947992,"HOLDER_PROFIT_QOQ_SQ":24.488702989614,"ROE_AVG_SQ":-248.923097472201,"PE_TTM_SQ":-1.391063702295,"PB_TTM_SQ":-4.281723194028,"ROA_SQ":-15.415746416193,"START_DATE":"2022-01-01 00:00:00","FISCAL_YEAR":"12-31","CURRENCY":"HKD","IS_CNY_CODE":0,"DPS_HKD_LY":null,"ORG_TYPE":"一般企业","PREMIUM_INCOME":null,"PREMIUM_INCOME_YOY":null,"NET_INTEREST_INCOME":null,"NET_INTEREST_INCOME_YOY":null,"FEE_COMMISSION_INCOME":null,"FEE_COMMISSION_INCOME_YOY":null,"ACCOUNTS_RECE_TDAYS":3.911125604652,"INVENTORY_TDAYS":2.65228597486,"CURRENT_ASSETS_TDAYS":1.075483259652,"TOTAL_ASSETS_TDAYS":0.803566204141,"PREMIUM_EXPENSE":null,"LOAN_DEPOSIT":null,"LOAN_EQUITY":null,"LOAN_ASSETS":null,"DEPOSIT_EQUITY":null,"DEPOSIT_ASSETS":null,"EQUITY_MULTIPLIER":-0.545175026998,"EQUITY_RATIO":-1.545175026998},{"SECUCODE":"06880.HK","SECURITY_CODE":"06880","SECURITY_NAME_ABBR":"腾邦控股","ORG_CODE":"10184724","STD_REPORT_DATE":"2022-06-30 00:00:00","REPORT_DATE":"2022-06-30 00:00:00","DATE_TYPE_CODE":"002","REPORT_TYPE":"2022年中报","PER_NETCASH_OPERATE":-0.000348676565,"PER_OI":0.185211898249,"BPS":-0.026763864642,"BASIC_EPS":-0.382697525,"DILUTED_EPS":-0.382697525,"OPERATE_INCOME":80859069.69,"OPERATE_INCOME_YOY":-20.4713325163,"GROSS_PROFIT":53712773.52,"GROSS_PROFIT_YOY":-49.272781165036,"HOLDER_PROFIT":-160768878.48,"HOLDER_PROFIT_YOY":54.1418787182,"GROSS_PROFIT_RATIO":48.420482705483,"EPS_TTM":-0.079137829129,"OPERATE_INCOME_QOQ":-9.744312006624,"NET_PROFIT_RATIO":-14.4088003165,"ROE_AVG":311.371350984386,"GROSS_PROFIT_QOQ":-14.587470880091,"ROA":-9.223158610912,"HOLDER_PROFIT_QOQ":43.312854523575,"ROE_YEARLY":622.742701968771,"ROIC_YEARLY":-30.825151639046,"TOTAL_ASSETS":226269590.96,"TOTAL_LIABILITIES":224333440.8,"TAX_EBT":null,"OCF_SALES":-0.092667791175,"TOTAL_PARENT_EQUITY":-11684460.97,"DEBT_ASSET_RATIO":99.1443171167,"OPERATE_PROFIT":-217440609.4,"PRETAX_PROFIT":-160768878.48,"NETCASH_OPERATE":5749442.37,"NETCASH_INVEST":-31057935.23,"NETCASH_FINANCE":-13365764.51,"END_CASH":52917446.82,"DIVI_RATIO":null,"DIVIDEND_RATE":null,"CURRENT_RATIO":1.211111384979,"COMMON_ACS":10000000000,"CURRENTDEBT_DEBT":61.864897834706,"ISSUED_COMMON_SHARES":436576000,"HK_COMMON_SHARES":436576000,"PER_SHARES":2000,"TOTAL_MARKET_CAP":58501184,"HKSK_MARKET_CAP":58501184,"PE_TTM":-1.02559884995,"PB_TTM":-0.153671045546,"REPORT_DATE_SQ":"2021-06-30 00:00:00","REPORT_TYPE_SQ":"2021年中报","OPERATE_INCOME_SQ":200970618.24,"DPS_HKD":null,"OPERATE_INCOME_QOQ_SQ":12.958417280123,"NET_PROFIT_RATIO_SQ":-24.9846808652,"HOLDER_PROFIT_SQ":-49932288.72,"HOLDER_PROFIT_QOQ_SQ":-16.678693059724,"ROE_AVG_SQ":-171.751169879363,"PE_TTM_SQ":-1.391063702295,"PB_TTM_SQ":-4.281723194028,"ROA_SQ":-9.868286357742,"START_DATE":"2022-01-01 00:00:00","FISCAL_YEAR":"12-31","CURRENCY":"HKD","IS_CNY_CODE":0,"DPS_HKD_LY":null,"ORG_TYPE":"一般企业","PREMIUM_INCOME":null,"PREMIUM_INCOME_YOY":null,"NET_INTEREST_INCOME":null,"NET_INTEREST_INCOME_YOY":null,"FEE_COMMISSION_INCOME":null,"FEE_COMMISSION_INCOME_YOY":null,"ACCOUNTS_RECE_TDAYS":1.419098720498,"INVENTORY_TDAYS":2.691112559757,"CURRENT_ASSETS_TDAYS":0.877560717092,"TOTAL_ASSETS_TDAYS":0.643781096195,"PREMIUM_EXPENSE":null,"LOAN_DEPOSIT":null,"LOAN_EQUITY":null,"LOAN_ASSETS":null,"DEPOSIT_EQUITY":null,"DEPOSIT_ASSETS":null,"EQUITY_MULTIPLIER":116.865724384182,"EQUITY_RATIO":-19.199297372466},{"SECUCODE":"06880.HK","SECURITY_CODE":"06880","SECURITY_NAME_ABBR":"腾邦控股","ORG_CODE":"10184724","STD_REPORT_DATE":"2021-12-31 00:00:00","REPORT_DATE":"2021-12-31 00:00:00","DATE_TYPE_CODE":"001","REPORT_TYPE":"2021年年报","PER_NETCASH_OPERATE":0.067037615444,"PER_OI":1.078430797845,"BPS":-0.007515366855,"BASIC_EPS":-0.171696,"DILUTED_EPS":-0.171696,"OPERATE_INCOME":376653603.2,"OPERATE_INCOME_YOY":14.1978200676,"GROSS_PROFIT":220220560,"GROSS_PROFIT_YOY":29.079853487173,"HOLDER_PROFIT":-60947992,"HOLDER_PROFIT_YOY":9.3038251898,"GROSS_PROFIT_RATIO":47.950430014631,"EPS_TTM":-0.174505675988,"OPERATE_INCOME_QOQ":-1.790447945123,"NET_PROFIT_RATIO":-16.2009802858,"ROE_AVG":-248.923097472201,"GROSS_PROFIT_QOQ":-7.606957180006,"ROA":-15.415746416193,"HOLDER_PROFIT_QOQ":24.488702989614,"ROE_YEARLY":-248.923097472201,"ROIC_YEARLY":-21.82562919414,"TOTAL_ASSETS":271568292.8,"TOTAL_LIABILITIES":252099601.6,"TAX_EBT":-1.956203980711,"OCF_SALES":6.216218562913,"TOTAL_PARENT_EQUITY":-3281028.8,"DEBT_ASSET_RATIO":92.8310146228,"OPERATE_PROFIT":-45035043.2,"PRETAX_PROFIT":-59850772.8,"NETCASH_OPERATE":23413611.2,"NETCASH_INVEST":50412398.4,"NETCASH_FINANCE":-84819459.2,"END_CASH":87891182.4,"DIVI_RATIO":null,"DIVIDEND_RATE":null,"CURRENT_RATIO":1.46285021225,"COMMON_ACS":10000000000,"CURRENTDEBT_DEBT":53.479751314292,"ISSUED_COMMON_SHARES":436576000,"HK_COMMON_SHARES":436576000,"PER_SHARES":2000,"TOTAL_MARKET_CAP":58501184,"HKSK_MARKET_CAP":58501184,"PE_TTM":-1.02559884995,"PB_TTM":-0.153671045546,"REPORT_DATE_SQ":"2020-12-31 00:00:00","REPORT_TYPE_SQ":"2020年年报","OPERATE_INCOME_SQ":339523467.48,"DPS_HKD":null,"OPERATE_INCOME_QOQ_SQ":-5.881288999553,"NET_PROFIT_RATIO_SQ":-20.175158091,"HOLDER_PROFIT_SQ":-69176074.88,"HOLDER_PROFIT_QOQ_SQ":67.891727230961,"ROE_AVG_SQ":-82.328665584871,"PE_TTM_SQ":-1.391063702295,"PB_TTM_SQ":-4.281723194028,"ROA_SQ":-12.275093397612,"START_DATE":"2021-01-01 00:00:00","FISCAL_YEAR":"12-31","CURRENCY":"HKD","IS_CNY_CODE":0,"DPS_HKD_LY":null,"ORG_TYPE":"一般企业","PREMIUM_INCOME":null,"PREMIUM_INCOME_YOY":null,"NET_INTEREST_INCOME":null,"NET_INTEREST_INCOME_YOY":null,"FEE_COMMISSION_INCOME":null,"FEE_COMMISSION_INCOME_YOY":null,"ACCOUNTS_RECE_TDAYS":5.52857099997,"INVENTORY_TDAYS":6.644857352676,"CURRENT_ASSETS_TDAYS":1.836454670844,"TOTAL_ASSETS_TDAYS":0.952680513851,"PREMIUM_EXPENSE":null,"LOAN_DEPOSIT":null,"LOAN_EQUITY":null,"LOAN_ASSETS":null,"DEPOSIT_EQUITY":null,"DEPOSIT_ASSETS":null,"EQUITY_MULTIPLIER":13.948975306608,"EQUITY_RATIO":-76.835534512833},{"SECUCODE":"06880.HK","SECURITY_CODE":"06880","SECURITY_NAME_ABBR":"腾邦控股","ORG_CODE":"10184724","STD_REPORT_DATE":"2021-06-30 00:00:00","REPORT_DATE":"2021-06-30 00:00:00","DATE_TYPE_CODE":"002","REPORT_TYPE":"2021年中报","PER_NETCASH_OPERATE":0.010935230063,"PER_OI":0.575417047204,"BPS":0.011382168878,"BASIC_EPS":-0.142951344,"DILUTED_EPS":-0.142951344,"OPERATE_INCOME":200970618.24,"OPERATE_INCOME_YOY":40.5466426921,"GROSS_PROFIT":105885508.32,"GROSS_PROFIT_YOY":30.695988750922,"HOLDER_PROFIT":-49932288.72,"HOLDER_PROFIT_YOY":-42.7663978303,"GROSS_PROFIT_RATIO":52.687059057335,"EPS_TTM":-0.231098766538,"OPERATE_INCOME_QOQ":12.958417280123,"NET_PROFIT_RATIO":-24.9846808652,"ROE_AVG":-171.751169879363,"GROSS_PROFIT_QOQ":14.576608692257,"ROA":-9.868286357742,"HOLDER_PROFIT_QOQ":-16.678693059724,"ROE_YEARLY":-343.502339758726,"ROIC_YEARLY":-25.602419919109,"TOTAL_ASSETS":483624865.92,"TOTAL_LIABILITIES":456163729.68,"TAX_EBT":-0.795069234495,"OCF_SALES":1.90040078169,"TOTAL_PARENT_EQUITY":4969181.76,"DEBT_ASSET_RATIO":94.321810524,"OPERATE_PROFIT":-31404363.36,"PRETAX_PROFIT":-49815797.52,"NETCASH_OPERATE":3819247.2,"NETCASH_INVEST":18201750,"NETCASH_FINANCE":-34157716.08,"END_CASH":85670124.72,"DIVI_RATIO":null,"DIVIDEND_RATE":null,"CURRENT_RATIO":0.933933430066,"COMMON_ACS":10000000000,"CURRENTDEBT_DEBT":95.667805501796,"ISSUED_COMMON_SHARES":436576000,"HK_COMMON_SHARES":436576000,"PER_SHARES":2000,"TOTAL_MARKET_CAP":58501184,"HKSK_MARKET_CAP":58501184,"PE_TTM":-1.02559884995,"PB_TTM":-0.153671045546,"REPORT_DATE_SQ":"2020-06-30 00:00:00","REPORT_TYPE_SQ":"2020年中报","OPERATE_INCOME_SQ":156973750.56,"DPS_HKD":null,"OPERATE_INCOME_QOQ_SQ":-10.663133345306,"NET_PROFIT_RATIO_SQ":-24.6571117667,"HOLDER_PROFIT_SQ":-38394623.52,"HOLDER_PROFIT_QOQ_SQ":8.365377739135,"ROE_AVG_SQ":-37.013261478311,"PE_TTM_SQ":-1.391063702295,"PB_TTM_SQ":-4.281723194028,"ROA_SQ":-6.316914235562,"START_DATE":"2021-01-01 00:00:00","FISCAL_YEAR":"12-31","CURRENCY":"HKD","IS_CNY_CODE":0,"DPS_HKD_LY":null,"ORG_TYPE":"一般企业","PREMIUM_INCOME":null,"PREMIUM_INCOME_YOY":null,"NET_INTEREST_INCOME":null,"NET_INTEREST_INCOME_YOY":null,"FEE_COMMISSION_INCOME":null,"FEE_COMMISSION_INCOME_YOY":null,"ACCOUNTS_RECE_TDAYS":2.73698524579,"INVENTORY_TDAYS":3.260034804439,"CURRENT_ASSETS_TDAYS":0.643812849441,"TOTAL_ASSETS_TDAYS":0.397185000152,"PREMIUM_EXPENSE":null,"LOAN_DEPOSIT":null,"LOAN_EQUITY":null,"LOAN_ASSETS":null,"DEPOSIT_EQUITY":null,"DEPOSIT_ASSETS":null,"EQUITY_MULTIPLIER":17.611247462359,"EQUITY_RATIO":91.798559946417},{"SECUCODE":"06880.HK","SECURITY_CODE":"06880","SECURITY_NAME_ABBR":"腾邦控股","ORG_CODE":"10184724","STD_REPORT_DATE":"2020-12-31 00:00:00","REPORT_DATE":"2020-12-31 00:00:00","DATE_TYPE_CODE":"001","REPORT_TYPE":"2020年年报","PER_NETCASH_OPERATE":0.185330987961,"PER_OI":0.972120167737,"BPS":0.123201200891,"BASIC_EPS":-0.2019936,"DILUTED_EPS":-0.2019936,"OPERATE_INCOME":339523467.48,"OPERATE_INCOME_YOY":-10.5085219521,"GROSS_PROFIT":170608002.76,"GROSS_PROFIT_YOY":-19.567942684189,"HOLDER_PROFIT":-69176074.88,"HOLDER_PROFIT_YOY":68.6850637599,"GROSS_PROFIT_RATIO":50.249251996123,"EPS_TTM":-0.198064239903,"OPERATE_INCOME_QOQ":-5.881288999553,"NET_PROFIT_RATIO":-20.175158091,"ROE_AVG":-82.328665584871,"GROSS_PROFIT_QOQ":-5.850762375972,"ROA":-12.275093397612,"HOLDER_PROFIT_QOQ":67.891727230961,"ROE_YEARLY":-82.328665584871,"ROIC_YEARLY":-15.00530348533,"TOTAL_ASSETS":534420359,"TOTAL_LIABILITIES":457789878.64,"TAX_EBT":-1.799897434615,"OCF_SALES":19.064617123649,"TOTAL_PARENT_EQUITY":53786687.48,"DEBT_ASSET_RATIO":85.661010276,"OPERATE_PROFIT":-30188785.16,"PRETAX_PROFIT":-67288276.36,"NETCASH_OPERATE":64728849.12,"NETCASH_INVEST":21864123.92,"NETCASH_FINANCE":-59414734.16,"END_CASH":97231302.64,"DIVI_RATIO":null,"DIVIDEND_RATE":null,"CURRENT_RATIO":0.500473605841,"COMMON_ACS":10000000000,"CURRENTDEBT_DEBT":95.688567930196,"ISSUED_COMMON_SHARES":436576000,"HK_COMMON_SHARES":436576000,"PER_SHARES":2000,"TOTAL_MARKET_CAP":58501184,"HKSK_MARKET_CAP":58501184,"PE_TTM":-1.02559884995,"PB_TTM":-0.153671045546,"REPORT_DATE_SQ":"2019-12-31 00:00:00","REPORT_TYPE_SQ":"2019年年报","OPERATE_INCOME_SQ":403797021.06,"DPS_HKD":null,"OPERATE_INCOME_QOQ_SQ":-48.643090546389,"NET_PROFIT_RATIO_SQ":-62.6362924462,"HOLDER_PROFIT_SQ":-235114480.82,"HOLDER_PROFIT_QOQ_SQ":-157.287634775826,"ROE_AVG_SQ":-96.700555771495,"PE_TTM_SQ":-1.391063702295,"PB_TTM_SQ":-4.281723194028,"ROA_SQ":-28.720448639037,"START_DATE":"2020-01-01 00:00:00","FISCAL_YEAR":"12-31","CURRENCY":"HKD","IS_CNY_CODE":0,"DPS_HKD_LY":null,"ORG_TYPE":"一般企业","PREMIUM_INCOME":null,"PREMIUM_INCOME_YOY":null,"NET_INTEREST_INCOME":null,"NET_INTEREST_INCOME_YOY":null,"FEE_COMMISSION_INCOME":null,"FEE_COMMISSION_INCOME_YOY":null,"ACCOUNTS_RECE_TDAYS":3.449308696656,"INVENTORY_TDAYS":5.814384008112,"CURRENT_ASSETS_TDAYS":1.524439162367,"TOTAL_ASSETS_TDAYS":0.602474523342,"PREMIUM_EXPENSE":null,"LOAN_DEPOSIT":null,"LOAN_EQUITY":null,"LOAN_ASSETS":null,"DEPOSIT_EQUITY":null,"DEPOSIT_ASSETS":null,"EQUITY_MULTIPLIER":6.973992026274,"EQUITY_RATIO":8.511211604363},{"SECUCODE":"06880.HK","SECURITY_CODE":"06880","SECURITY_NAME_ABBR":"腾邦控股","ORG_CODE":"10184724","STD_REPORT_DATE":"2020-06-30 00:00:00","REPORT_DATE":"2020-06-30 00:00:00","DATE_TYPE_CODE":"002","REPORT_TYPE":"2020年中报","PER_NETCASH_OPERATE":0.130945453713,"PER_OI":0.449445659404,"BPS":0.191157138093,"BASIC_EPS":-0.109886832,"DILUTED_EPS":-0.109886832,"OPERATE_INCOME":156973750.56,"OPERATE_INCOME_YOY":-24.4274305617,"GROSS_PROFIT":81016647.36,"GROSS_PROFIT_YOY":-27.612584826193,"HOLDER_PROFIT":-38394623.52,"HOLDER_PROFIT_YOY":36.3194255068,"GROSS_PROFIT_RATIO":51.611589244046,"EPS_TTM":-0.61686357696,"OPERATE_INCOME_QOQ":-10.663133345306,"NET_PROFIT_RATIO":-24.6571117667,"ROE_AVG":-37.013261478311,"GROSS_PROFIT_QOQ":-14.569613790177,"ROA":-6.316914235562,"HOLDER_PROFIT_QOQ":8.365377739135,"ROE_YEARLY":-74.026522956623,"ROIC_YEARLY":-14.957444783194,"TOTAL_ASSETS":572376119.04,"TOTAL_LIABILITIES":467002594.08,"TAX_EBT":-0.650846813464,"OCF_SALES":29.134880040035,"TOTAL_PARENT_EQUITY":83454618.72,"DEBT_ASSET_RATIO":81.5901604811,"OPERATE_PROFIT":-18038613.12,"PRETAX_PROFIT":-38454910.56,"NETCASH_OPERATE":45734113.92,"NETCASH_INVEST":-2205044.16,"NETCASH_FINANCE":-30968356.32,"END_CASH":77414040,"DIVI_RATIO":null,"DIVIDEND_RATE":null,"CURRENT_RATIO":0.445479080385,"COMMON_ACS":10000000000,"CURRENTDEBT_DEBT":95.448473077141,"ISSUED_COMMON_SHARES":436576000,"HK_COMMON_SHARES":436576000,"PER_SHARES":2000,"TOTAL_MARKET_CAP":58501184,"HKSK_MARKET_CAP":58501184,"PE_TTM":-1.02559884995,"PB_TTM":-0.153671045546,"REPORT_DATE_SQ":"2019-06-30 00:00:00","REPORT_TYPE_SQ":"2019年中报","OPERATE_INCOME_SQ":200031165.36,"DPS_HKD":null,"OPERATE_INCOME_QOQ_SQ":1.288719866116,"NET_PROFIT_RATIO_SQ":-17.6618450995,"HOLDER_PROFIT_SQ":-58062837.96,"HOLDER_PROFIT_QOQ_SQ":-207.450897497153,"ROE_AVG_SQ":-17.724228025633,"PE_TTM_SQ":-1.391063702295,"PB_TTM_SQ":-4.281723194028,"ROA_SQ":-5.956591226378,"START_DATE":"2020-01-01 00:00:00","FISCAL_YEAR":"12-31","CURRENCY":"HKD","IS_CNY_CODE":0,"DPS_HKD_LY":null,"ORG_TYPE":"一般企业","PREMIUM_INCOME":null,"PREMIUM_INCOME_YOY":null,"NET_INTEREST_INCOME":null,"NET_INTEREST_INCOME_YOY":null,"FEE_COMMISSION_INCOME":null,"FEE_COMMISSION_INCOME_YOY":null,"ACCOUNTS_RECE_TDAYS":1.499640031939,"INVENTORY_TDAYS":2.611734036873,"CURRENT_ASSETS_TDAYS":0.706969147827,"TOTAL_ASSETS_TDAYS":0.258262649458,"PREMIUM_EXPENSE":null,"LOAN_DEPOSIT":null,"LOAN_EQUITY":null,"LOAN_ASSETS":null,"DEPOSIT_EQUITY":null,"DEPOSIT_ASSETS":null,"EQUITY_MULTIPLIER":5.4318778769,"EQUITY_RATIO":5.59588673752}],"count":30},"success":true,"message":"ok","code":0}