{"version":"0e3a562c0ea694249cbba836311687b7","result":{"pages":5,"data":[{"SECUCODE":"06886.HK","SECURITY_CODE":"06886","SECURITY_NAME_ABBR":"华泰证券","ORG_CODE":"10004828","STD_REPORT_DATE":"2024-09-30 00:00:00","REPORT_DATE":"2024-09-30 00:00:00","DATE_TYPE_CODE":"004","REPORT_TYPE":"2024年三季报","PER_NETCASH_OPERATE":10.510847703764,"PER_OI":3.481005610037,"BPS":17.707951215797,"BASIC_EPS":1.33,"DILUTED_EPS":1.33,"OPERATE_INCOME":31424089883.66,"OPERATE_INCOME_YOY":15.4055601162,"GROSS_PROFIT":null,"GROSS_PROFIT_YOY":null,"HOLDER_PROFIT":12521315295.34,"HOLDER_PROFIT_YOY":30.626580414,"GROSS_PROFIT_RATIO":null,"EPS_TTM":1.73765847889,"OPERATE_INCOME_QOQ":10.293954712604,"NET_PROFIT_RATIO":40.5360693347,"ROE_AVG":6.867327764824,"GROSS_PROFIT_QOQ":null,"ROA":1.42858611092,"HOLDER_PROFIT_QOQ":36.335663541983,"ROE_YEARLY":9.156437019765,"ROIC_YEARLY":1.683080917378,"TOTAL_ASSETS":847457735985.81,"TOTAL_LIABILITIES":661626198990.39,"TAX_EBT":-1.09658748559,"OCF_SALES":301.948599952193,"TOTAL_PARENT_EQUITY":185555028402.2,"DEBT_ASSET_RATIO":78.0718814515,"OPERATE_PROFIT":12714626446.37,"PRETAX_PROFIT":12599921698.51,"NETCASH_OPERATE":94884599451.43,"NETCASH_INVEST":19824751253.6,"NETCASH_FINANCE":-70265732180.85,"END_CASH":241566901615.18,"DIVI_RATIO":0.332392911025,"DIVIDEND_RATE":4.705520710059,"CURRENT_RATIO":1.150131026941,"COMMON_ACS":null,"CURRENTDEBT_DEBT":99.230663958669,"ISSUED_COMMON_SHARES":9027302281,"HK_COMMON_SHARES":1719045680,"PER_SHARES":200,"TOTAL_MARKET_CAP":122049126839.12,"HKSK_MARKET_CAP":23241497593.6,"PE_TTM":6.970623763419,"PB_TTM":0.688515608125,"REPORT_DATE_SQ":"2023-09-30 00:00:00","REPORT_TYPE_SQ":"2023年三季报","OPERATE_INCOME_SQ":27229268548.26,"DPS_HKD":0.6361864,"OPERATE_INCOME_QOQ_SQ":2.3070033215,"NET_PROFIT_RATIO_SQ":35.9492852404,"HOLDER_PROFIT_SQ":9585579945.26,"HOLDER_PROFIT_QOQ_SQ":4.776470605499,"ROE_AVG_SQ":5.685770887829,"PE_TTM_SQ":5.925594549725,"PB_TTM_SQ":0.512401870236,"ROA_SQ":1.118097715252,"START_DATE":"2024-01-01 00:00:00","FISCAL_YEAR":"12-31","CURRENCY":"HKD","IS_CNY_CODE":0,"DPS_HKD_LY":0.6361864,"ORG_TYPE":"证券","PREMIUM_INCOME":null,"PREMIUM_INCOME_YOY":null,"NET_INTEREST_INCOME":1301410179.98,"NET_INTEREST_INCOME_YOY":null,"FEE_COMMISSION_INCOME":9234444296.55,"FEE_COMMISSION_INCOME_YOY":-16.681481756092,"ACCOUNTS_RECE_TDAYS":3.545846247161,"INVENTORY_TDAYS":null,"CURRENT_ASSETS_TDAYS":0.041566888056,"TOTAL_ASSETS_TDAYS":0.035852478192,"PREMIUM_EXPENSE":null,"LOAN_DEPOSIT":null,"LOAN_EQUITY":null,"LOAN_ASSETS":null,"DEPOSIT_EQUITY":null,"DEPOSIT_ASSETS":null,"EQUITY_MULTIPLIER":4.560354769098,"EQUITY_RATIO":3.565660304049},{"SECUCODE":"06886.HK","SECURITY_CODE":"06886","SECURITY_NAME_ABBR":"华泰证券","ORG_CODE":"10004828","STD_REPORT_DATE":"2024-06-30 00:00:00","REPORT_DATE":"2024-06-30 00:00:00","DATE_TYPE_CODE":"002","REPORT_TYPE":"2024年中报","PER_NETCASH_OPERATE":4.164768549172,"PER_OI":2.75525912793,"BPS":17.102267343472,"BASIC_EPS":0.55,"DILUTED_EPS":0.55,"OPERATE_INCOME":24878295000,"OPERATE_INCOME_YOY":-4.139319005,"GROSS_PROFIT":null,"GROSS_PROFIT_YOY":null,"HOLDER_PROFIT":5310704000,"HOLDER_PROFIT_YOY":-18.9903045317,"GROSS_PROFIT_RATIO":null,"EPS_TTM":1.274250372963,"OPERATE_INCOME_QOQ":3.673462390532,"NET_PROFIT_RATIO":21.9962541645,"ROE_AVG":2.956997504701,"GROSS_PROFIT_QOQ":null,"ROA":0.610394167998,"HOLDER_PROFIT_QOQ":-2.467562478341,"ROE_YEARLY":5.913995009402,"ROIC_YEARLY":1.291036464221,"TOTAL_ASSETS":834581631000,"TOTAL_LIABILITIES":651153344000,"TAX_EBT":1.862134441677,"OCF_SALES":151.157054774051,"TOTAL_PARENT_EQUITY":180087337000,"DEBT_ASSET_RATIO":78.0215283698,"OPERATE_PROFIT":4949450000,"PRETAX_PROFIT":5576128000,"NETCASH_OPERATE":37605298000,"NETCASH_INVEST":6730216000,"NETCASH_FINANCE":-43095623000,"END_CASH":61371324000,"DIVI_RATIO":0.453274625161,"DIVIDEND_RATE":4.733529761905,"CURRENT_RATIO":1.297346362841,"COMMON_ACS":null,"CURRENTDEBT_DEBT":83.482040138306,"ISSUED_COMMON_SHARES":9027302281,"HK_COMMON_SHARES":1719045680,"PER_SHARES":200,"TOTAL_MARKET_CAP":121326942656.64,"HKSK_MARKET_CAP":23103973939.2,"PE_TTM":6.929377468961,"PB_TTM":0.684441551273,"REPORT_DATE_SQ":"2023-06-30 00:00:00","REPORT_TYPE_SQ":"2023年中报","OPERATE_INCOME_SQ":25952554000,"DPS_HKD":0.6361864,"OPERATE_INCOME_QOQ_SQ":1.491629106494,"NET_PROFIT_RATIO_SQ":25.6717624015,"HOLDER_PROFIT_SQ":6555640000,"HOLDER_PROFIT_QOQ_SQ":1.239662159654,"ROE_AVG_SQ":3.942065318739,"PE_TTM_SQ":6.237065415228,"PB_TTM_SQ":0.539335581726,"ROA_SQ":0.756287384716,"START_DATE":"2024-01-01 00:00:00","FISCAL_YEAR":"12-31","CURRENCY":"HKD","IS_CNY_CODE":0,"DPS_HKD_LY":0.6361864,"ORG_TYPE":"证券","PREMIUM_INCOME":null,"PREMIUM_INCOME_YOY":null,"NET_INTEREST_INCOME":6858494000,"NET_INTEREST_INCOME_YOY":null,"FEE_COMMISSION_INCOME":8374416000,"FEE_COMMISSION_INCOME_YOY":-13.893924517698,"ACCOUNTS_RECE_TDAYS":3.168102704057,"INVENTORY_TDAYS":null,"CURRENT_ASSETS_TDAYS":0.034030746092,"TOTAL_ASSETS_TDAYS":0.028594262037,"PREMIUM_EXPENSE":null,"LOAN_DEPOSIT":null,"LOAN_EQUITY":null,"LOAN_ASSETS":null,"DEPOSIT_EQUITY":null,"DEPOSIT_ASSETS":null,"EQUITY_MULTIPLIER":4.549906912662,"EQUITY_RATIO":3.615764188906},{"SECUCODE":"06886.HK","SECURITY_CODE":"06886","SECURITY_NAME_ABBR":"华泰证券","ORG_CODE":"10004828","STD_REPORT_DATE":"2024-03-31 00:00:00","REPORT_DATE":"2024-03-31 00:00:00","DATE_TYPE_CODE":"003","REPORT_TYPE":"2024年一季报","PER_NETCASH_OPERATE":3.495473822078,"PER_OI":0.676173856509,"BPS":17.259773420699,"BASIC_EPS":0.24,"DILUTED_EPS":0.23,"OPERATE_INCOME":6105433969.17,"OPERATE_INCOME_YOY":-32.1118530296,"GROSS_PROFIT":null,"GROSS_PROFIT_YOY":null,"HOLDER_PROFIT":2291192821.36,"HOLDER_PROFIT_YOY":-29.3939091588,"GROSS_PROFIT_RATIO":null,"EPS_TTM":1.306488800385,"OPERATE_INCOME_QOQ":-5.526053020545,"NET_PROFIT_RATIO":38.9221770788,"ROE_AVG":1.270705080929,"GROSS_PROFIT_QOQ":null,"ROA":0.259165504106,"HOLDER_PROFIT_QOQ":-7.480748855135,"ROE_YEARLY":5.082820323716,"ROIC_YEARLY":1.177398051786,"TOTAL_ASSETS":862622619994.95,"TOTAL_LIABILITIES":677900931634.96,"TAX_EBT":-0.235037571041,"OCF_SALES":516.948975241815,"TOTAL_PARENT_EQUITY":181509191970.22,"DEBT_ASSET_RATIO":78.5860370366,"OPERATE_PROFIT":2369194333.02,"PRETAX_PROFIT":2370795560.61,"NETCASH_OPERATE":31561978337.69,"NETCASH_INVEST":-675347678.38,"NETCASH_FINANCE":-20955155720.61,"END_CASH":207161726213.39,"DIVI_RATIO":0.442089790586,"DIVIDEND_RATE":4.596722543353,"CURRENT_RATIO":1.118331592687,"COMMON_ACS":null,"CURRENTDEBT_DEBT":99.214139981647,"ISSUED_COMMON_SHARES":9027302281,"HK_COMMON_SHARES":1719045680,"PER_SHARES":200,"TOTAL_MARKET_CAP":124937863569.04,"HKSK_MARKET_CAP":23791592211.2,"PE_TTM":7.135608941251,"PB_TTM":0.704811835537,"REPORT_DATE_SQ":"2023-03-31 00:00:00","REPORT_TYPE_SQ":"2023年一季报","OPERATE_INCOME_SQ":8993372542.39,"DPS_HKD":0.6361864,"OPERATE_INCOME_QOQ_SQ":3.735228916236,"NET_PROFIT_RATIO_SQ":36.8151856875,"HOLDER_PROFIT_SQ":3245035653.53,"HOLDER_PROFIT_QOQ_SQ":9.318031614097,"ROE_AVG_SQ":1.947451694785,"PE_TTM_SQ":6.288293878598,"PB_TTM_SQ":0.543765442767,"ROA_SQ":0.381820969952,"START_DATE":"2024-01-01 00:00:00","FISCAL_YEAR":"12-31","CURRENCY":"HKD","IS_CNY_CODE":0,"DPS_HKD_LY":0.6361864,"ORG_TYPE":"证券","PREMIUM_INCOME":null,"PREMIUM_INCOME_YOY":null,"NET_INTEREST_INCOME":229999843.04,"NET_INTEREST_INCOME_YOY":null,"FEE_COMMISSION_INCOME":3328158095.74,"FEE_COMMISSION_INCOME_YOY":-8.55101154038,"ACCOUNTS_RECE_TDAYS":0.752258712212,"INVENTORY_TDAYS":null,"CURRENT_ASSETS_TDAYS":0.008091839839,"TOTAL_ASSETS_TDAYS":0.006906087771,"PREMIUM_EXPENSE":null,"LOAN_DEPOSIT":null,"LOAN_EQUITY":null,"LOAN_ASSETS":null,"DEPOSIT_EQUITY":null,"DEPOSIT_ASSETS":null,"EQUITY_MULTIPLIER":4.669850236078,"EQUITY_RATIO":3.734802211814},{"SECUCODE":"06886.HK","SECURITY_CODE":"06886","SECURITY_NAME_ABBR":"华泰证券","ORG_CODE":"10004828","STD_REPORT_DATE":"2023-12-31 00:00:00","REPORT_DATE":"2023-12-31 00:00:00","DATE_TYPE_CODE":"001","REPORT_TYPE":"2023年年报","PER_NETCASH_OPERATE":-3.137918394192,"PER_OI":5.758937722619,"BPS":16.993821877759,"BASIC_EPS":1.35,"DILUTED_EPS":1.33,"OPERATE_INCOME":52260421000,"OPERATE_INCOME_YOY":11.6094434753,"GROSS_PROFIT":null,"GROSS_PROFIT_YOY":null,"HOLDER_PROFIT":12750633000,"HOLDER_PROFIT_YOY":15.3487244014,"GROSS_PROFIT_RATIO":null,"EPS_TTM":1.405080555531,"OPERATE_INCOME_QOQ":3.618925705747,"NET_PROFIT_RATIO":24.9448047883,"ROE_AVG":7.408776580343,"GROSS_PROFIT_QOQ":null,"ROA":1.455489068976,"HOLDER_PROFIT_QOQ":-0.515077710575,"ROE_YEARLY":7.408776580343,"ROIC_YEARLY":1.541115536796,"TOTAL_ASSETS":905508388594.64,"TOTAL_LIABILITIES":723290956625.83,"TAX_EBT":8.225495513305,"OCF_SALES":-54.487798710998,"TOTAL_PARENT_EQUITY":179108366855.48,"DEBT_ASSET_RATIO":79.8767814618,"OPERATE_PROFIT":11619880000,"PRETAX_PROFIT":14204664000,"NETCASH_OPERATE":-28475553000,"NETCASH_INVEST":-6264467000,"NETCASH_FINANCE":17961792000,"END_CASH":59830329000,"DIVI_RATIO":0.411069214425,"DIVIDEND_RATE":4.733529761905,"CURRENT_RATIO":1.284323031464,"COMMON_ACS":null,"CURRENTDEBT_DEBT":99.271677478197,"ISSUED_COMMON_SHARES":9027302281,"HK_COMMON_SHARES":1719045680,"PER_SHARES":200,"TOTAL_MARKET_CAP":121326942656.64,"HKSK_MARKET_CAP":23103973939.2,"PE_TTM":6.929377468961,"PB_TTM":0.684441551273,"REPORT_DATE_SQ":"2022-12-31 00:00:00","REPORT_TYPE_SQ":"2022年年报","OPERATE_INCOME_SQ":46824372000,"DPS_HKD":0.6361864,"OPERATE_INCOME_QOQ_SQ":-3.72874599471,"NET_PROFIT_RATIO_SQ":24.2722529199,"HOLDER_PROFIT_SQ":11053987000,"HOLDER_PROFIT_QOQ_SQ":9.230548357684,"ROE_AVG_SQ":7.05093656483,"PE_TTM_SQ":6.237065415228,"PB_TTM_SQ":0.539335581726,"ROA_SQ":1.337113073959,"START_DATE":"2023-01-01 00:00:00","FISCAL_YEAR":"12-31","CURRENCY":"HKD","IS_CNY_CODE":0,"DPS_HKD_LY":0.4890773,"ORG_TYPE":"证券","PREMIUM_INCOME":null,"PREMIUM_INCOME_YOY":null,"NET_INTEREST_INCOME":14615232000,"NET_INTEREST_INCOME_YOY":null,"FEE_COMMISSION_INCOME":18940982000,"FEE_COMMISSION_INCOME_YOY":-9.724997229692,"ACCOUNTS_RECE_TDAYS":5.956247636034,"INVENTORY_TDAYS":null,"CURRENT_ASSETS_TDAYS":0.071214692257,"TOTAL_ASSETS_TDAYS":0.059655447307,"PREMIUM_EXPENSE":null,"LOAN_DEPOSIT":null,"LOAN_EQUITY":null,"LOAN_ASSETS":null,"DEPOSIT_EQUITY":null,"DEPOSIT_ASSETS":null,"EQUITY_MULTIPLIER":4.969383988459,"EQUITY_RATIO":4.038286816659},{"SECUCODE":"06886.HK","SECURITY_CODE":"06886","SECURITY_NAME_ABBR":"华泰证券","ORG_CODE":"10004828","STD_REPORT_DATE":"2023-09-30 00:00:00","REPORT_DATE":"2023-09-30 00:00:00","DATE_TYPE_CODE":"004","REPORT_TYPE":"2023年三季报","PER_NETCASH_OPERATE":-2.210115858565,"PER_OI":3.000581679239,"BPS":16.658658452867,"BASIC_EPS":1.02,"DILUTED_EPS":1,"OPERATE_INCOME":27229268548.26,"OPERATE_INCOME_YOY":15.2882132146,"GROSS_PROFIT":null,"GROSS_PROFIT_YOY":null,"HOLDER_PROFIT":9585579945.26,"HOLDER_PROFIT_YOY":22.552247065,"GROSS_PROFIT_RATIO":null,"EPS_TTM":1.412355282787,"OPERATE_INCOME_QOQ":2.3070033215,"NET_PROFIT_RATIO":35.9492852404,"ROE_AVG":5.685770887829,"GROSS_PROFIT_QOQ":null,"ROA":1.118097715252,"HOLDER_PROFIT_QOQ":4.776470605499,"ROE_YEARLY":7.581027850439,"ROIC_YEARLY":1.258820245511,"TOTAL_ASSETS":868055921602.09,"TOTAL_LIABILITIES":692885037645.66,"TAX_EBT":12.738042354489,"OCF_SALES":-73.656247182232,"TOTAL_PARENT_EQUITY":172082745449.97,"DEBT_ASSET_RATIO":79.8203226777,"OPERATE_PROFIT":11666777745.05,"PRETAX_PROFIT":11217634446.21,"NETCASH_OPERATE":-20056057347.82,"NETCASH_INVEST":-5608540899.61,"NETCASH_FINANCE":3584259377.99,"END_CASH":193860170779.46,"DIVI_RATIO":0.408951888526,"DIVIDEND_RATE":4.596722543353,"CURRENT_RATIO":1.106529097913,"COMMON_ACS":null,"CURRENTDEBT_DEBT":99.106677015874,"ISSUED_COMMON_SHARES":9027302281,"HK_COMMON_SHARES":1719045680,"PER_SHARES":200,"TOTAL_MARKET_CAP":124937863569.04,"HKSK_MARKET_CAP":23791592211.2,"PE_TTM":7.135608941251,"PB_TTM":0.704811835537,"REPORT_DATE_SQ":"2022-09-30 00:00:00","REPORT_TYPE_SQ":"2022年三季报","OPERATE_INCOME_SQ":23618432265.55,"DPS_HKD":0.6361864,"OPERATE_INCOME_QOQ_SQ":-4.236943210615,"NET_PROFIT_RATIO_SQ":34.1497695201,"HOLDER_PROFIT_SQ":7821627244.56,"HOLDER_PROFIT_QOQ_SQ":-7.600399334271,"ROE_AVG_SQ":5.096259164217,"PE_TTM_SQ":6.288293878598,"PB_TTM_SQ":0.543765442767,"ROA_SQ":0.937512065004,"START_DATE":"2023-01-01 00:00:00","FISCAL_YEAR":"12-31","CURRENCY":"HKD","IS_CNY_CODE":0,"DPS_HKD_LY":0.4890773,"ORG_TYPE":"证券","PREMIUM_INCOME":null,"PREMIUM_INCOME_YOY":null,"NET_INTEREST_INCOME":855914567.5,"NET_INTEREST_INCOME_YOY":null,"FEE_COMMISSION_INCOME":11083303557.46,"FEE_COMMISSION_INCOME_YOY":-5.415294930621,"ACCOUNTS_RECE_TDAYS":2.979713645011,"INVENTORY_TDAYS":null,"CURRENT_ASSETS_TDAYS":0.037029989498,"TOTAL_ASSETS_TDAYS":0.031761232107,"PREMIUM_EXPENSE":null,"LOAN_DEPOSIT":null,"LOAN_EQUITY":null,"LOAN_ASSETS":null,"DEPOSIT_EQUITY":null,"DEPOSIT_ASSETS":null,"EQUITY_MULTIPLIER":4.955480625525,"EQUITY_RATIO":4.026464337455},{"SECUCODE":"06886.HK","SECURITY_CODE":"06886","SECURITY_NAME_ABBR":"华泰证券","ORG_CODE":"10004828","STD_REPORT_DATE":"2023-06-30 00:00:00","REPORT_DATE":"2023-06-30 00:00:00","DATE_TYPE_CODE":"002","REPORT_TYPE":"2023年中报","PER_NETCASH_OPERATE":-1.507679221623,"PER_OI":2.859599957952,"BPS":16.428402570737,"BASIC_EPS":0.7,"DILUTED_EPS":0.68,"OPERATE_INCOME":25952554000,"OPERATE_INCOME_YOY":10.5350725426,"GROSS_PROFIT":null,"GROSS_PROFIT_YOY":null,"HOLDER_PROFIT":6555640000,"HOLDER_PROFIT_YOY":21.9435476025,"GROSS_PROFIT_RATIO":null,"EPS_TTM":1.347832406647,"OPERATE_INCOME_QOQ":1.491629106494,"NET_PROFIT_RATIO":25.6717624015,"ROE_AVG":3.942065318739,"GROSS_PROFIT_QOQ":null,"ROA":0.756287384716,"HOLDER_PROFIT_QOQ":1.239662159654,"ROE_YEARLY":7.884130637477,"ROIC_YEARLY":1.603654968532,"TOTAL_ASSETS":887070258000,"TOTAL_LIABILITIES":716556908000,"TAX_EBT":16.69224155566,"OCF_SALES":-52.723431381744,"TOTAL_PARENT_EQUITY":167504156000,"DEBT_ASSET_RATIO":80.7779205241,"OPERATE_PROFIT":6749515000,"PRETAX_PROFIT":7997428000,"NETCASH_OPERATE":-13683077000,"NETCASH_INVEST":-6228242000,"NETCASH_FINANCE":5981043000,"END_CASH":62606591000,"DIVI_RATIO":0.428529064383,"DIVIDEND_RATE":4.733529761905,"CURRENT_RATIO":1.256752953681,"COMMON_ACS":null,"CURRENTDEBT_DEBT":82.417881176857,"ISSUED_COMMON_SHARES":9027302281,"HK_COMMON_SHARES":1719045680,"PER_SHARES":200,"TOTAL_MARKET_CAP":121326942656.64,"HKSK_MARKET_CAP":23103973939.2,"PE_TTM":6.929377468961,"PB_TTM":0.684441551273,"REPORT_DATE_SQ":"2022-06-30 00:00:00","REPORT_TYPE_SQ":"2022年中报","OPERATE_INCOME_SQ":23479022000,"DPS_HKD":0.6361864,"OPERATE_INCOME_QOQ_SQ":0.808255846001,"NET_PROFIT_RATIO_SQ":23.6472328362,"HOLDER_PROFIT_SQ":5375963000,"HOLDER_PROFIT_QOQ_SQ":-10.614296556905,"ROE_AVG_SQ":3.572843896988,"PE_TTM_SQ":6.237065415228,"PB_TTM_SQ":0.539335581726,"ROA_SQ":0.649190083857,"START_DATE":"2023-01-01 00:00:00","FISCAL_YEAR":"12-31","CURRENCY":"HKD","IS_CNY_CODE":0,"DPS_HKD_LY":0.4890773,"ORG_TYPE":"证券","PREMIUM_INCOME":null,"PREMIUM_INCOME_YOY":null,"NET_INTEREST_INCOME":7262841000,"NET_INTEREST_INCOME_YOY":null,"FEE_COMMISSION_INCOME":9725697000,"FEE_COMMISSION_INCOME_YOY":-2.068497396367,"ACCOUNTS_RECE_TDAYS":2.921566967545,"INVENTORY_TDAYS":null,"CURRENT_ASSETS_TDAYS":0.03572237668,"TOTAL_ASSETS_TDAYS":0.029940004624,"PREMIUM_EXPENSE":null,"LOAN_DEPOSIT":null,"LOAN_EQUITY":null,"LOAN_ASSETS":null,"DEPOSIT_EQUITY":null,"DEPOSIT_ASSETS":null,"EQUITY_MULTIPLIER":5.202350771954,"EQUITY_RATIO":4.277845547904},{"SECUCODE":"06886.HK","SECURITY_CODE":"06886","SECURITY_NAME_ABBR":"华泰证券","ORG_CODE":"10004828","STD_REPORT_DATE":"2023-03-31 00:00:00","REPORT_DATE":"2023-03-31 00:00:00","DATE_TYPE_CODE":"003","REPORT_TYPE":"2023年一季报","PER_NETCASH_OPERATE":-4.160098429533,"PER_OI":0.990940920268,"BPS":16.501560979617,"BASIC_EPS":0.35,"DILUTED_EPS":0.35,"OPERATE_INCOME":8993372542.39,"OPERATE_INCOME_YOY":24.142834522,"GROSS_PROFIT":null,"GROSS_PROFIT_YOY":null,"HOLDER_PROFIT":3245035653.53,"HOLDER_PROFIT_YOY":46.4933504298,"GROSS_PROFIT_RATIO":null,"EPS_TTM":1.331328431857,"OPERATE_INCOME_QOQ":3.735228916236,"NET_PROFIT_RATIO":36.8151856875,"ROE_AVG":1.947451694785,"GROSS_PROFIT_QOQ":null,"ROA":0.381820969952,"HOLDER_PROFIT_QOQ":9.318031614097,"ROE_YEARLY":7.789806779141,"ROIC_YEARLY":1.734508542151,"TOTAL_ASSETS":853201152278.6,"TOTAL_LIABILITIES":682226853733.32,"TAX_EBT":21.168607759949,"OCF_SALES":-419.812962049012,"TOTAL_PARENT_EQUITY":168164579071.36,"DEBT_ASSET_RATIO":79.9608453307,"OPERATE_PROFIT":4170894120.73,"PRETAX_PROFIT":4200010563.01,"NETCASH_OPERATE":-37755343658.31,"NETCASH_INVEST":-5186525706.54,"NETCASH_FINANCE":10364793688.36,"END_CASH":183162924798.99,"DIVI_RATIO":0.433841377038,"DIVIDEND_RATE":4.596722543353,"CURRENT_RATIO":1.104654773566,"COMMON_ACS":null,"CURRENTDEBT_DEBT":99.302122320969,"ISSUED_COMMON_SHARES":9027302281,"HK_COMMON_SHARES":1719045680,"PER_SHARES":200,"TOTAL_MARKET_CAP":124937863569.04,"HKSK_MARKET_CAP":23791592211.2,"PE_TTM":7.135608941251,"PB_TTM":0.704811835537,"REPORT_DATE_SQ":"2022-03-31 00:00:00","REPORT_TYPE_SQ":"2022年一季报","OPERATE_INCOME_SQ":7244375059.6,"DPS_HKD":0.6361864,"OPERATE_INCOME_QOQ_SQ":-2.972915137258,"NET_PROFIT_RATIO_SQ":31.7261529043,"HOLDER_PROFIT_SQ":2215141946.04,"HOLDER_PROFIT_QOQ_SQ":-8.202387780001,"ROE_AVG_SQ":1.468087327844,"PE_TTM_SQ":6.288293878598,"PB_TTM_SQ":0.543765442767,"ROA_SQ":0.270022014326,"START_DATE":"2023-01-01 00:00:00","FISCAL_YEAR":"12-31","CURRENCY":"HKD","IS_CNY_CODE":0,"DPS_HKD_LY":0.4890773,"ORG_TYPE":"证券","PREMIUM_INCOME":null,"PREMIUM_INCOME_YOY":null,"NET_INTEREST_INCOME":299814903.98,"NET_INTEREST_INCOME_YOY":null,"FEE_COMMISSION_INCOME":3639360207.04,"FEE_COMMISSION_INCOME_YOY":-3.412237687401,"ACCOUNTS_RECE_TDAYS":1.111449656013,"INVENTORY_TDAYS":null,"CURRENT_ASSETS_TDAYS":0.012326630655,"TOTAL_ASSETS_TDAYS":0.010581881353,"PREMIUM_EXPENSE":null,"LOAN_DEPOSIT":null,"LOAN_EQUITY":null,"LOAN_ASSETS":null,"DEPOSIT_EQUITY":null,"DEPOSIT_ASSETS":null,"EQUITY_MULTIPLIER":4.990230458833,"EQUITY_RATIO":4.056899838841},{"SECUCODE":"06886.HK","SECURITY_CODE":"06886","SECURITY_NAME_ABBR":"华泰证券","ORG_CODE":"10004828","STD_REPORT_DATE":"2022-12-31 00:00:00","REPORT_DATE":"2022-12-31 00:00:00","DATE_TYPE_CODE":"001","REPORT_TYPE":"2022年年报","PER_NETCASH_OPERATE":7.745014322584,"PER_OI":5.159375535924,"BPS":16.160664222694,"BASIC_EPS":1.18,"DILUTED_EPS":1.16,"OPERATE_INCOME":46824372000,"OPERATE_INCOME_YOY":-9.8255061144,"GROSS_PROFIT":null,"GROSS_PROFIT_YOY":null,"HOLDER_PROFIT":11053987000,"HOLDER_PROFIT_YOY":-17.1841134785,"GROSS_PROFIT_RATIO":null,"EPS_TTM":1.217848887507,"OPERATE_INCOME_QOQ":-3.72874599471,"NET_PROFIT_RATIO":24.2722529199,"ROE_AVG":7.05093656483,"GROSS_PROFIT_QOQ":null,"ROA":1.337113073959,"HOLDER_PROFIT_QOQ":9.230548357684,"ROE_YEARLY":7.05093656483,"ROIC_YEARLY":1.380152829714,"TOTAL_ASSETS":846570990000,"TOTAL_LIABILITIES":678714380000,"TAX_EBT":7.044605193409,"OCF_SALES":150.115343778663,"TOTAL_PARENT_EQUITY":165095102000,"DEBT_ASSET_RATIO":80.1730157415,"OPERATE_PROFIT":11008992000,"PRETAX_PROFIT":12228038000,"NETCASH_OPERATE":70290567000,"NETCASH_INVEST":-16715000000,"NETCASH_FINANCE":-26697139000,"END_CASH":75549060000,"DIVI_RATIO":0.474266853705,"DIVIDEND_RATE":4.733529761905,"CURRENT_RATIO":1.287309529935,"COMMON_ACS":null,"CURRENTDEBT_DEBT":81.355084299231,"ISSUED_COMMON_SHARES":9027302281,"HK_COMMON_SHARES":1719045680,"PER_SHARES":200,"TOTAL_MARKET_CAP":121326942656.64,"HKSK_MARKET_CAP":23103973939.2,"PE_TTM":6.929377468961,"PB_TTM":0.684441551273,"REPORT_DATE_SQ":"2021-12-31 00:00:00","REPORT_TYPE_SQ":"2021年年报","OPERATE_INCOME_SQ":51926404000,"DPS_HKD":0.6361864,"OPERATE_INCOME_QOQ_SQ":20.463000240427,"NET_PROFIT_RATIO_SQ":26.1926340981,"HOLDER_PROFIT_SQ":13346106000,"HOLDER_PROFIT_QOQ_SQ":2.409556671085,"ROE_AVG_SQ":9.619012368218,"PE_TTM_SQ":6.237065415228,"PB_TTM_SQ":0.539335581726,"ROA_SQ":1.752144923569,"START_DATE":"2022-01-01 00:00:00","FISCAL_YEAR":"12-31","CURRENCY":"HKD","IS_CNY_CODE":0,"DPS_HKD_LY":0.5264155,"ORG_TYPE":"证券","PREMIUM_INCOME":null,"PREMIUM_INCOME_YOY":null,"NET_INTEREST_INCOME":13744117000,"NET_INTEREST_INCOME_YOY":null,"FEE_COMMISSION_INCOME":20981425000,"FEE_COMMISSION_INCOME_YOY":-6.01969698741,"ACCOUNTS_RECE_TDAYS":5.176390368634,"INVENTORY_TDAYS":null,"CURRENT_ASSETS_TDAYS":0.066250067075,"TOTAL_ASSETS_TDAYS":0.056646342197,"PREMIUM_EXPENSE":null,"LOAN_DEPOSIT":null,"LOAN_EQUITY":null,"LOAN_ASSETS":null,"DEPOSIT_EQUITY":null,"DEPOSIT_ASSETS":null,"EQUITY_MULTIPLIER":5.043631381163,"EQUITY_RATIO":4.111050974728},{"SECUCODE":"06886.HK","SECURITY_CODE":"06886","SECURITY_NAME_ABBR":"华泰证券","ORG_CODE":"10004828","STD_REPORT_DATE":"2022-09-30 00:00:00","REPORT_DATE":"2022-09-30 00:00:00","DATE_TYPE_CODE":"004","REPORT_TYPE":"2022年三季报","PER_NETCASH_OPERATE":3.441072137314,"PER_OI":2.602413154153,"BPS":15.821241497026,"BASIC_EPS":0.84,"DILUTED_EPS":0.82,"OPERATE_INCOME":23618432265.55,"OPERATE_INCOME_YOY":-12.2215815928,"GROSS_PROFIT":null,"GROSS_PROFIT_YOY":null,"HOLDER_PROFIT":7821627244.56,"HOLDER_PROFIT_YOY":-29.2111605392,"GROSS_PROFIT_RATIO":null,"EPS_TTM":1.114934334595,"OPERATE_INCOME_QOQ":-4.236943210615,"NET_PROFIT_RATIO":34.1497695201,"ROE_AVG":5.096259164217,"GROSS_PROFIT_QOQ":null,"ROA":0.937512065004,"HOLDER_PROFIT_QOQ":-7.600399334271,"ROE_YEARLY":6.795012218956,"ROIC_YEARLY":1.037915160546,"TOTAL_ASSETS":861843063144.31,"TOTAL_LIABILITIES":700599213231.5,"TAX_EBT":10.886463285582,"OCF_SALES":132.226204429631,"TOTAL_PARENT_EQUITY":158514711742.07,"DEBT_ASSET_RATIO":81.2908107278,"OPERATE_PROFIT":9087026222.31,"PRETAX_PROFIT":9051488623.17,"NETCASH_OPERATE":31229756530.52,"NETCASH_INVEST":-6919736893.95,"NETCASH_FINANCE":-13606494423.93,"END_CASH":202513867863.26,"DIVI_RATIO":0.518044284981,"DIVIDEND_RATE":4.596722543353,"CURRENT_RATIO":1.092082924034,"COMMON_ACS":null,"CURRENTDEBT_DEBT":99.333263422004,"ISSUED_COMMON_SHARES":9027302281,"HK_COMMON_SHARES":1719045680,"PER_SHARES":200,"TOTAL_MARKET_CAP":124937863569.04,"HKSK_MARKET_CAP":23791592211.2,"PE_TTM":7.135608941251,"PB_TTM":0.704811835537,"REPORT_DATE_SQ":"2021-09-30 00:00:00","REPORT_TYPE_SQ":"2021年三季报","OPERATE_INCOME_SQ":26906878358.17,"DPS_HKD":0.6361864,"OPERATE_INCOME_QOQ_SQ":-6.652789715183,"NET_PROFIT_RATIO_SQ":41.798728659,"HOLDER_PROFIT_SQ":11048585977.22,"HOLDER_PROFIT_QOQ_SQ":6.92724391993,"ROE_AVG_SQ":8.23524447348,"PE_TTM_SQ":6.288293878598,"PB_TTM_SQ":0.543765442767,"ROA_SQ":1.43139563837,"START_DATE":"2022-01-01 00:00:00","FISCAL_YEAR":"12-31","CURRENCY":"HKD","IS_CNY_CODE":0,"DPS_HKD_LY":0.5264155,"ORG_TYPE":"证券","PREMIUM_INCOME":null,"PREMIUM_INCOME_YOY":null,"NET_INTEREST_INCOME":2078906085.14,"NET_INTEREST_INCOME_YOY":null,"FEE_COMMISSION_INCOME":11717860249.53,"FEE_COMMISSION_INCOME_YOY":3.884981494623,"ACCOUNTS_RECE_TDAYS":1.688626204639,"INVENTORY_TDAYS":null,"CURRENT_ASSETS_TDAYS":0.032292888225,"TOTAL_ASSETS_TDAYS":0.028311080214,"PREMIUM_EXPENSE":null,"LOAN_DEPOSIT":null,"LOAN_EQUITY":null,"LOAN_ASSETS":null,"DEPOSIT_EQUITY":null,"DEPOSIT_ASSETS":null,"EQUITY_MULTIPLIER":5.344967039731,"EQUITY_RATIO":4.419774073535}],"count":44},"success":true,"message":"ok","code":0}