{"version":"1ded972b386ca1d2f72db7da7fcf0486","result":{"pages":2,"data":[{"SECUCODE":"06890.HK","SECURITY_CODE":"06890","SECURITY_NAME_ABBR":"康利国际控股","ORG_CODE":"10939512","STD_REPORT_DATE":"2024-06-30 00:00:00","REPORT_DATE":"2024-06-30 00:00:00","DATE_TYPE_CODE":"002","REPORT_TYPE":"2024年中报","PER_NETCASH_OPERATE":0.063419172225,"PER_OI":1.658506693586,"BPS":1.393140146342,"BASIC_EPS":0.1,"DILUTED_EPS":0.1,"OPERATE_INCOME":1005473000,"OPERATE_INCOME_YOY":20.3232720193,"GROSS_PROFIT":121211000,"GROSS_PROFIT_YOY":127.934484185189,"HOLDER_PROFIT":62228000,"HOLDER_PROFIT_YOY":513.4463722397,"GROSS_PROFIT_RATIO":12.055122315567,"EPS_TTM":0.213657027111,"OPERATE_INCOME_QOQ":8.80678282514,"NET_PROFIT_RATIO":6.1889279971,"ROE_AVG":7.64998973494,"GROSS_PROFIT_QOQ":37.734687425469,"ROA":3.418374283639,"HOLDER_PROFIT_QOQ":67.252020762854,"ROE_YEARLY":15.29997946988,"ROIC_YEARLY":7.664950937749,"TOTAL_ASSETS":1862426000,"TOTAL_LIABILITIES":1017832000,"TAX_EBT":12.666133355789,"OCF_SALES":3.823871948824,"TOTAL_PARENT_EQUITY":844594000,"DEBT_ASSET_RATIO":54.65086935,"OPERATE_PROFIT":81440000,"PRETAX_PROFIT":71253000,"NETCASH_OPERATE":38448000,"NETCASH_INVEST":-5494000,"NETCASH_FINANCE":-11707000,"END_CASH":100858000,"DIVI_RATIO":null,"DIVIDEND_RATE":null,"CURRENT_RATIO":1.524418050657,"COMMON_ACS":5000000000,"CURRENTDEBT_DEBT":96.302434979447,"ISSUED_COMMON_SHARES":606252000,"HK_COMMON_SHARES":606252000,"PER_SHARES":2000,"TOTAL_MARKET_CAP":239469540,"HKSK_MARKET_CAP":239469540,"PE_TTM":1.678842200758,"PB_TTM":0.258774108941,"REPORT_DATE_SQ":"2023-06-30 00:00:00","REPORT_TYPE_SQ":"2023年中报","OPERATE_INCOME_SQ":835643000,"DPS_HKD":null,"OPERATE_INCOME_QOQ_SQ":4.753393581766,"NET_PROFIT_RATIO_SQ":1.2139155118,"HOLDER_PROFIT_SQ":10144000,"HOLDER_PROFIT_QOQ_SQ":48.916903977218,"ROE_AVG_SQ":1.429248735635,"PE_TTM_SQ":-16.362633946371,"PB_TTM_SQ":0.379195547144,"ROA_SQ":0.603613169883,"START_DATE":"2024-01-01 00:00:00","FISCAL_YEAR":"12-31","CURRENCY":"HKD","IS_CNY_CODE":0,"DPS_HKD_LY":null,"ORG_TYPE":"一般企业","PREMIUM_INCOME":null,"PREMIUM_INCOME_YOY":null,"NET_INTEREST_INCOME":null,"NET_INTEREST_INCOME_YOY":null,"FEE_COMMISSION_INCOME":null,"FEE_COMMISSION_INCOME_YOY":null,"ACCOUNTS_RECE_TDAYS":1.838394310058,"INVENTORY_TDAYS":1.850433436047,"CURRENT_ASSETS_TDAYS":0.693743035647,"TOTAL_ASSETS_TDAYS":0.552337058252,"PREMIUM_EXPENSE":null,"LOAN_DEPOSIT":null,"LOAN_EQUITY":null,"LOAN_ASSETS":null,"DEPOSIT_EQUITY":null,"DEPOSIT_ASSETS":null,"EQUITY_MULTIPLIER":2.205113936401,"EQUITY_RATIO":1.2051139364},{"SECUCODE":"06890.HK","SECURITY_CODE":"06890","SECURITY_NAME_ABBR":"康利国际控股","ORG_CODE":"10939512","STD_REPORT_DATE":"2023-12-31 00:00:00","REPORT_DATE":"2023-12-31 00:00:00","DATE_TYPE_CODE":"001","REPORT_TYPE":"2023年年报","PER_NETCASH_OPERATE":-0.055366415286,"PER_OI":3.180855485838,"BPS":1.290361103963,"BASIC_EPS":0.13,"DILUTED_EPS":0.13,"OPERATE_INCOME":1928400000,"OPERATE_INCOME_YOY":29.2359037768,"GROSS_PROFIT":180293000,"GROSS_PROFIT_YOY":405.546364579536,"HOLDER_PROFIT":77446000,"HOLDER_PROFIT_YOY":347.8034108726,"GROSS_PROFIT_RATIO":9.34935697988,"EPS_TTM":0.127745557953,"OPERATE_INCOME_QOQ":23.371567600697,"NET_PROFIT_RATIO":4.016075503,"ROE_AVG":10.417403679437,"GROSS_PROFIT_QOQ":231.177443056576,"ROA":4.522992384102,"HOLDER_PROFIT_QOQ":585.098653304103,"ROE_YEARLY":10.417403679437,"ROIC_YEARLY":5.091386730024,"TOTAL_ASSETS":1778369000,"TOTAL_LIABILITIES":996085000,"TAX_EBT":12.029169885047,"OCF_SALES":-1.740613980502,"TOTAL_PARENT_EQUITY":782284000,"DEBT_ASSET_RATIO":56.0111540406,"OPERATE_PROFIT":108183000,"PRETAX_PROFIT":88036000,"NETCASH_OPERATE":-33566000,"NETCASH_INVEST":-44475000,"NETCASH_FINANCE":19203000,"END_CASH":79430000,"DIVI_RATIO":null,"DIVIDEND_RATE":null,"CURRENT_RATIO":1.560143610616,"COMMON_ACS":5000000000,"CURRENTDEBT_DEBT":90.375018196238,"ISSUED_COMMON_SHARES":606252000,"HK_COMMON_SHARES":606252000,"PER_SHARES":2000,"TOTAL_MARKET_CAP":242500800,"HKSK_MARKET_CAP":242500800,"PE_TTM":1.700093367857,"PB_TTM":0.262049730574,"REPORT_DATE_SQ":"2022-12-31 00:00:00","REPORT_TYPE_SQ":"2022年年报","OPERATE_INCOME_SQ":1492155000,"DPS_HKD":null,"OPERATE_INCOME_QOQ_SQ":-17.445650911046,"NET_PROFIT_RATIO_SQ":-2.094487503,"HOLDER_PROFIT_SQ":-31253000,"HOLDER_PROFIT_QOQ_SQ":-209.433103399979,"ROE_AVG_SQ":-4.264298354889,"PE_TTM_SQ":-16.02526005057,"PB_TTM_SQ":0.371377082255,"ROA_SQ":-1.756504907625,"START_DATE":"2023-01-01 00:00:00","FISCAL_YEAR":"12-31","CURRENCY":"HKD","IS_CNY_CODE":0,"DPS_HKD_LY":null,"ORG_TYPE":"一般企业","PREMIUM_INCOME":null,"PREMIUM_INCOME_YOY":null,"NET_INTEREST_INCOME":null,"NET_INTEREST_INCOME_YOY":null,"FEE_COMMISSION_INCOME":null,"FEE_COMMISSION_INCOME_YOY":null,"ACCOUNTS_RECE_TDAYS":3.662904167874,"INVENTORY_TDAYS":4.161475852777,"CURRENT_ASSETS_TDAYS":1.442231644809,"TOTAL_ASSETS_TDAYS":1.12622194994,"PREMIUM_EXPENSE":null,"LOAN_DEPOSIT":null,"LOAN_EQUITY":null,"LOAN_ASSETS":null,"DEPOSIT_EQUITY":null,"DEPOSIT_ASSETS":null,"EQUITY_MULTIPLIER":2.273303557277,"EQUITY_RATIO":1.273303557276},{"SECUCODE":"06890.HK","SECURITY_CODE":"06890","SECURITY_NAME_ABBR":"康利国际控股","ORG_CODE":"10939512","STD_REPORT_DATE":"2023-06-30 00:00:00","REPORT_DATE":"2023-06-30 00:00:00","DATE_TYPE_CODE":"002","REPORT_TYPE":"2023年中报","PER_NETCASH_OPERATE":-0.064968033095,"PER_OI":1.378375658967,"BPS":1.179234047888,"BASIC_EPS":0.02,"DILUTED_EPS":0.02,"OPERATE_INCOME":835643000,"OPERATE_INCOME_YOY":9.2750894124,"GROSS_PROFIT":53178000,"GROSS_PROFIT_YOY":54.582715618732,"HOLDER_PROFIT":10144000,"HOLDER_PROFIT_YOY":297.200622084,"GROSS_PROFIT_RATIO":6.363722307253,"EPS_TTM":-0.026333933744,"OPERATE_INCOME_QOQ":4.753393581766,"NET_PROFIT_RATIO":1.2139155118,"ROE_AVG":1.429248735635,"GROSS_PROFIT_QOQ":52.651207133444,"ROA":0.603613169883,"HOLDER_PROFIT_QOQ":48.916903977218,"ROE_YEARLY":2.85849747127,"ROIC_YEARLY":1.381271610028,"TOTAL_ASSETS":1714915000,"TOTAL_LIABILITIES":1000002000,"TAX_EBT":8.735942420153,"OCF_SALES":-4.713376405953,"TOTAL_PARENT_EQUITY":714913000,"DEBT_ASSET_RATIO":58.3120446203,"OPERATE_PROFIT":20777000,"PRETAX_PROFIT":11115000,"NETCASH_OPERATE":-39387000,"NETCASH_INVEST":-27550000,"NETCASH_FINANCE":48649000,"END_CASH":120478000,"DIVI_RATIO":null,"DIVIDEND_RATE":null,"CURRENT_RATIO":1.531957885904,"COMMON_ACS":5000000000,"CURRENTDEBT_DEBT":86.754626490747,"ISSUED_COMMON_SHARES":606252000,"HK_COMMON_SHARES":606252000,"PER_SHARES":2000,"TOTAL_MARKET_CAP":242500800,"HKSK_MARKET_CAP":242500800,"PE_TTM":1.700093367857,"PB_TTM":0.262049730574,"REPORT_DATE_SQ":"2022-06-30 00:00:00","REPORT_TYPE_SQ":"2022年中报","OPERATE_INCOME_SQ":764715000,"DPS_HKD":null,"OPERATE_INCOME_QOQ_SQ":-11.198093356176,"NET_PROFIT_RATIO_SQ":-0.6726689028,"HOLDER_PROFIT_SQ":-5144000,"HOLDER_PROFIT_QOQ_SQ":-70.886979214451,"ROE_AVG_SQ":-0.689438879313,"PE_TTM_SQ":-16.02526005057,"PB_TTM_SQ":0.371377082255,"ROA_SQ":-0.270798840787,"START_DATE":"2023-01-01 00:00:00","FISCAL_YEAR":"12-31","CURRENCY":"HKD","IS_CNY_CODE":0,"DPS_HKD_LY":null,"ORG_TYPE":"一般企业","PREMIUM_INCOME":null,"PREMIUM_INCOME_YOY":null,"NET_INTEREST_INCOME":null,"NET_INTEREST_INCOME_YOY":null,"FEE_COMMISSION_INCOME":null,"FEE_COMMISSION_INCOME_YOY":null,"ACCOUNTS_RECE_TDAYS":1.614059519728,"INVENTORY_TDAYS":1.953335047519,"CURRENT_ASSETS_TDAYS":0.643105061768,"TOTAL_ASSETS_TDAYS":0.497244795071,"PREMIUM_EXPENSE":null,"LOAN_DEPOSIT":null,"LOAN_EQUITY":null,"LOAN_ASSETS":null,"DEPOSIT_EQUITY":null,"DEPOSIT_ASSETS":null,"EQUITY_MULTIPLIER":2.398774396326,"EQUITY_RATIO":1.398774396325},{"SECUCODE":"06890.HK","SECURITY_CODE":"06890","SECURITY_NAME_ABBR":"康利国际控股","ORG_CODE":"10939512","STD_REPORT_DATE":"2022-12-31 00:00:00","REPORT_DATE":"2022-12-31 00:00:00","DATE_TYPE_CODE":"001","REPORT_TYPE":"2022年年报","PER_NETCASH_OPERATE":0.237143959937,"PER_OI":2.461278478257,"BPS":1.16218008353,"BASIC_EPS":-0.05,"DILUTED_EPS":-0.05,"OPERATE_INCOME":1492155000,"OPERATE_INCOME_YOY":-26.6901639916,"GROSS_PROFIT":35663000,"GROSS_PROFIT_YOY":-84.772481757123,"HOLDER_PROFIT":-31253000,"HOLDER_PROFIT_YOY":-131.8592821391,"GROSS_PROFIT_RATIO":2.390033207006,"EPS_TTM":-0.05155117014,"OPERATE_INCOME_QOQ":-17.445650911046,"NET_PROFIT_RATIO":-2.094487503,"ROE_AVG":-4.264298354889,"GROSS_PROFIT_QOQ":-75.23763895543,"ROA":-1.756504907625,"HOLDER_PROFIT_QOQ":-209.433103399979,"ROE_YEARLY":-4.264298354889,"ROIC_YEARLY":-1.997533522585,"TOTAL_ASSETS":1646178000,"TOTAL_LIABILITIES":941604000,"TAX_EBT":29.052688928742,"OCF_SALES":9.634991002945,"TOTAL_PARENT_EQUITY":704574000,"DEBT_ASSET_RATIO":57.1994037097,"OPERATE_PROFIT":-23285000,"PRETAX_PROFIT":-44051000,"NETCASH_OPERATE":143769000,"NETCASH_INVEST":-22281000,"NETCASH_FINANCE":-121967000,"END_CASH":137932000,"DIVI_RATIO":null,"DIVIDEND_RATE":null,"CURRENT_RATIO":1.461506409555,"COMMON_ACS":5000000000,"CURRENTDEBT_DEBT":92.266069387981,"ISSUED_COMMON_SHARES":606252000,"HK_COMMON_SHARES":606252000,"PER_SHARES":2000,"TOTAL_MARKET_CAP":242500800,"HKSK_MARKET_CAP":242500800,"PE_TTM":1.700093367857,"PB_TTM":0.262049730574,"REPORT_DATE_SQ":"2021-12-31 00:00:00","REPORT_TYPE_SQ":"2021年年报","OPERATE_INCOME_SQ":2035409000,"DPS_HKD":null,"OPERATE_INCOME_QOQ_SQ":3.133775376705,"NET_PROFIT_RATIO_SQ":4.8195227593,"HOLDER_PROFIT_SQ":98097000,"HOLDER_PROFIT_QOQ_SQ":-22.294482026584,"ROE_AVG_SQ":13.592734800544,"PE_TTM_SQ":-16.02526005057,"PB_TTM_SQ":0.371377082255,"ROA_SQ":5.157594027103,"START_DATE":"2022-01-01 00:00:00","FISCAL_YEAR":"12-31","CURRENCY":"HKD","IS_CNY_CODE":0,"DPS_HKD_LY":0.05,"ORG_TYPE":"一般企业","PREMIUM_INCOME":null,"PREMIUM_INCOME_YOY":null,"NET_INTEREST_INCOME":null,"NET_INTEREST_INCOME_YOY":null,"FEE_COMMISSION_INCOME":null,"FEE_COMMISSION_INCOME_YOY":null,"ACCOUNTS_RECE_TDAYS":2.435547133225,"INVENTORY_TDAYS":3.785957697896,"CURRENT_ASSETS_TDAYS":1.055348778819,"TOTAL_ASSETS_TDAYS":0.838632317038,"PREMIUM_EXPENSE":null,"LOAN_DEPOSIT":null,"LOAN_EQUITY":null,"LOAN_ASSETS":null,"DEPOSIT_EQUITY":null,"DEPOSIT_ASSETS":null,"EQUITY_MULTIPLIER":2.336416047144,"EQUITY_RATIO":1.336416047143},{"SECUCODE":"06890.HK","SECURITY_CODE":"06890","SECURITY_NAME_ABBR":"康利国际控股","ORG_CODE":"10939512","STD_REPORT_DATE":"2022-06-30 00:00:00","REPORT_DATE":"2022-06-30 00:00:00","DATE_TYPE_CODE":"002","REPORT_TYPE":"2022年中报","PER_NETCASH_OPERATE":0.131349669774,"PER_OI":1.261381405752,"BPS":1.205775815997,"BASIC_EPS":-0.01,"DILUTED_EPS":-0.01,"OPERATE_INCOME":764715000,"OPERATE_INCOME_YOY":-22.9616518342,"GROSS_PROFIT":34401000,"GROSS_PROFIT_YOY":-72.386640017338,"HOLDER_PROFIT":-5144000,"HOLDER_PROFIT_YOY":-107.9883218933,"GROSS_PROFIT_RATIO":4.49853867127,"EPS_TTM":0.04710747346,"OPERATE_INCOME_QOQ":-11.198093356176,"NET_PROFIT_RATIO":-0.6726689028,"ROE_AVG":-0.689438879313,"GROSS_PROFIT_QOQ":-38.505386398863,"ROA":-0.270798840787,"HOLDER_PROFIT_QOQ":-70.886979214451,"ROE_YEARLY":-1.378877758627,"ROIC_YEARLY":-0.618405436053,"TOTAL_ASSETS":1886764000,"TOTAL_LIABILITIES":1155760000,"TAX_EBT":34.844838505383,"OCF_SALES":10.413160458472,"TOTAL_PARENT_EQUITY":731004000,"DEBT_ASSET_RATIO":61.2562037436,"OPERATE_PROFIT":3615000,"PRETAX_PROFIT":-7895000,"NETCASH_OPERATE":79631000,"NETCASH_INVEST":-22090000,"NETCASH_FINANCE":-13632000,"END_CASH":182441000,"DIVI_RATIO":null,"DIVIDEND_RATE":null,"CURRENT_RATIO":1.36124450752,"COMMON_ACS":5000000000,"CURRENTDEBT_DEBT":97.058299300893,"ISSUED_COMMON_SHARES":606252000,"HK_COMMON_SHARES":606252000,"PER_SHARES":2000,"TOTAL_MARKET_CAP":242500800,"HKSK_MARKET_CAP":242500800,"PE_TTM":1.700093367857,"PB_TTM":0.262049730574,"REPORT_DATE_SQ":"2021-06-30 00:00:00","REPORT_TYPE_SQ":"2021年中报","OPERATE_INCOME_SQ":992642000,"DPS_HKD":null,"OPERATE_INCOME_QOQ_SQ":22.875628990142,"NET_PROFIT_RATIO_SQ":6.4871323196,"HOLDER_PROFIT_SQ":64394000,"HOLDER_PROFIT_QOQ_SQ":74.340915054343,"ROE_AVG_SQ":9.137977154348,"PE_TTM_SQ":-16.02526005057,"PB_TTM_SQ":0.371377082255,"ROA_SQ":3.382589440137,"START_DATE":"2022-01-01 00:00:00","FISCAL_YEAR":"12-31","CURRENCY":"HKD","IS_CNY_CODE":0,"DPS_HKD_LY":0.05,"ORG_TYPE":"一般企业","PREMIUM_INCOME":null,"PREMIUM_INCOME_YOY":null,"NET_INTEREST_INCOME":null,"NET_INTEREST_INCOME_YOY":null,"FEE_COMMISSION_INCOME":null,"FEE_COMMISSION_INCOME_YOY":null,"ACCOUNTS_RECE_TDAYS":1.129828770842,"INVENTORY_TDAYS":1.726229054835,"CURRENT_ASSETS_TDAYS":0.495754211348,"TOTAL_ASSETS_TDAYS":0.402573747147,"PREMIUM_EXPENSE":null,"LOAN_DEPOSIT":null,"LOAN_EQUITY":null,"LOAN_ASSETS":null,"DEPOSIT_EQUITY":null,"DEPOSIT_ASSETS":null,"EQUITY_MULTIPLIER":2.581058379985,"EQUITY_RATIO":1.581058379982},{"SECUCODE":"06890.HK","SECURITY_CODE":"06890","SECURITY_NAME_ABBR":"康利国际控股","ORG_CODE":"10939512","STD_REPORT_DATE":"2021-12-31 00:00:00","REPORT_DATE":"2021-12-31 00:00:00","DATE_TYPE_CODE":"001","REPORT_TYPE":"2021年年报","PER_NETCASH_OPERATE":0.200444699564,"PER_OI":3.357364594261,"BPS":1.255623074233,"BASIC_EPS":0.16,"DILUTED_EPS":0.16,"OPERATE_INCOME":2035409000,"OPERATE_INCOME_YOY":26.7262751954,"GROSS_PROFIT":234201000,"GROSS_PROFIT_YOY":32.714342381141,"HOLDER_PROFIT":98097000,"HOLDER_PROFIT_YOY":35.4725110826,"GROSS_PROFIT_RATIO":11.506336072996,"EPS_TTM":0.161808950733,"OPERATE_INCOME_QOQ":3.133775376705,"NET_PROFIT_RATIO":4.8195227593,"ROE_AVG":13.592734800544,"GROSS_PROFIT_QOQ":-7.521816386969,"ROA":5.157594027103,"HOLDER_PROFIT_QOQ":-22.294482026584,"ROE_YEARLY":13.592734800544,"ROIC_YEARLY":5.866389345211,"TOTAL_ASSETS":1912366000,"TOTAL_LIABILITIES":1151142000,"TAX_EBT":27.145053361753,"OCF_SALES":5.970298844114,"TOTAL_PARENT_EQUITY":761224000,"DEBT_ASSET_RATIO":60.1946489323,"OPERATE_PROFIT":157590000,"PRETAX_PROFIT":134647000,"NETCASH_OPERATE":121520000,"NETCASH_INVEST":-80462000,"NETCASH_FINANCE":-62518000,"END_CASH":135118000,"DIVI_RATIO":null,"DIVIDEND_RATE":null,"CURRENT_RATIO":1.402393328563,"COMMON_ACS":5000000000,"CURRENTDEBT_DEBT":96.513288543029,"ISSUED_COMMON_SHARES":606252000,"HK_COMMON_SHARES":606252000,"PER_SHARES":2000,"TOTAL_MARKET_CAP":242500800,"HKSK_MARKET_CAP":242500800,"PE_TTM":1.700093367857,"PB_TTM":0.262049730574,"REPORT_DATE_SQ":"2020-12-31 00:00:00","REPORT_TYPE_SQ":"2020年年报","OPERATE_INCOME_SQ":1606146000,"DPS_HKD":null,"OPERATE_INCOME_QOQ_SQ":12.348071090419,"NET_PROFIT_RATIO_SQ":4.5083697248,"HOLDER_PROFIT_SQ":72411000,"HOLDER_PROFIT_QOQ_SQ":213.521821960513,"ROE_AVG_SQ":11.16711814142,"PE_TTM_SQ":-16.02526005057,"PB_TTM_SQ":0.371377082255,"ROA_SQ":4.387113660178,"START_DATE":"2021-01-01 00:00:00","FISCAL_YEAR":"12-31","CURRENCY":"HKD","IS_CNY_CODE":0,"DPS_HKD_LY":0.038,"ORG_TYPE":"一般企业","PREMIUM_INCOME":null,"PREMIUM_INCOME_YOY":null,"NET_INTEREST_INCOME":null,"NET_INTEREST_INCOME_YOY":null,"FEE_COMMISSION_INCOME":null,"FEE_COMMISSION_INCOME_YOY":null,"ACCOUNTS_RECE_TDAYS":2.892806460393,"INVENTORY_TDAYS":4.382234657259,"CURRENT_ASSETS_TDAYS":1.290146717569,"TOTAL_ASSETS_TDAYS":1.070146212536,"PREMIUM_EXPENSE":null,"LOAN_DEPOSIT":null,"LOAN_EQUITY":null,"LOAN_ASSETS":null,"DEPOSIT_EQUITY":null,"DEPOSIT_ASSETS":null,"EQUITY_MULTIPLIER":2.512225048083,"EQUITY_RATIO":1.51222504808},{"SECUCODE":"06890.HK","SECURITY_CODE":"06890","SECURITY_NAME_ABBR":"康利国际控股","ORG_CODE":"10939512","STD_REPORT_DATE":"2021-06-30 00:00:00","REPORT_DATE":"2021-06-30 00:00:00","DATE_TYPE_CODE":"002","REPORT_TYPE":"2021年中报","PER_NETCASH_OPERATE":0.094635564089,"PER_OI":1.637342227325,"BPS":1.199535836583,"BASIC_EPS":0.11,"DILUTED_EPS":0.11,"OPERATE_INCOME":992642000,"OPERATE_INCOME_YOY":58.7653104637,"GROSS_PROFIT":124581000,"GROSS_PROFIT_YOY":160.624254722705,"HOLDER_PROFIT":64394000,"HOLDER_PROFIT_YOY":509.6184795986,"GROSS_PROFIT_RATIO":12.550446183015,"EPS_TTM":0.208233539848,"OPERATE_INCOME_QOQ":22.875628990142,"NET_PROFIT_RATIO":6.4871323196,"ROE_AVG":9.137977154348,"GROSS_PROFIT_QOQ":43.508811696039,"ROA":3.382589440137,"HOLDER_PROFIT_QOQ":74.340915054343,"ROE_YEARLY":18.275954308695,"ROIC_YEARLY":7.831533372251,"TOTAL_ASSETS":1915762000,"TOTAL_LIABILITIES":1188541000,"TAX_EBT":12.697939262473,"OCF_SALES":5.779827974234,"TOTAL_PARENT_EQUITY":727221000,"DEBT_ASSET_RATIO":62.0401177182,"OPERATE_PROFIT":85240000,"PRETAX_PROFIT":73760000,"NETCASH_OPERATE":57373000,"NETCASH_INVEST":-18867000,"NETCASH_FINANCE":-20409000,"END_CASH":175844000,"DIVI_RATIO":null,"DIVIDEND_RATE":null,"CURRENT_RATIO":1.413601880013,"COMMON_ACS":5000000000,"CURRENTDEBT_DEBT":96.631332028092,"ISSUED_COMMON_SHARES":606252000,"HK_COMMON_SHARES":606252000,"PER_SHARES":2000,"TOTAL_MARKET_CAP":242500800,"HKSK_MARKET_CAP":242500800,"PE_TTM":1.700093367857,"PB_TTM":0.262049730574,"REPORT_DATE_SQ":"2020-06-30 00:00:00","REPORT_TYPE_SQ":"2020年中报","OPERATE_INCOME_SQ":625226000,"DPS_HKD":null,"OPERATE_INCOME_QOQ_SQ":-4.413792181221,"NET_PROFIT_RATIO_SQ":1.689469088,"HOLDER_PROFIT_SQ":10563000,"HOLDER_PROFIT_QOQ_SQ":-6.486355170459,"ROE_AVG_SQ":1.709559403669,"PE_TTM_SQ":-16.02526005057,"PB_TTM_SQ":0.371377082255,"ROA_SQ":0.741907185395,"START_DATE":"2021-01-01 00:00:00","FISCAL_YEAR":"12-31","CURRENCY":"HKD","IS_CNY_CODE":0,"DPS_HKD_LY":0.038,"ORG_TYPE":"一般企业","PREMIUM_INCOME":null,"PREMIUM_INCOME_YOY":null,"NET_INTEREST_INCOME":null,"NET_INTEREST_INCOME_YOY":null,"FEE_COMMISSION_INCOME":null,"FEE_COMMISSION_INCOME_YOY":null,"ACCOUNTS_RECE_TDAYS":1.41985104067,"INVENTORY_TDAYS":1.893967113179,"CURRENT_ASSETS_TDAYS":0.616399660454,"TOTAL_ASSETS_TDAYS":0.521430621958,"PREMIUM_EXPENSE":null,"LOAN_DEPOSIT":null,"LOAN_EQUITY":null,"LOAN_ASSETS":null,"DEPOSIT_EQUITY":null,"DEPOSIT_ASSETS":null,"EQUITY_MULTIPLIER":2.634360118865,"EQUITY_RATIO":1.634360118863},{"SECUCODE":"06890.HK","SECURITY_CODE":"06890","SECURITY_NAME_ABBR":"康利国际控股","ORG_CODE":"10939512","STD_REPORT_DATE":"2020-12-31 00:00:00","REPORT_DATE":"2020-12-31 00:00:00","DATE_TYPE_CODE":"001","REPORT_TYPE":"2020年年报","PER_NETCASH_OPERATE":-0.143319939563,"PER_OI":2.649304249718,"BPS":1.125192164315,"BASIC_EPS":0.12,"DILUTED_EPS":0.12,"OPERATE_INCOME":1606146000,"OPERATE_INCOME_YOY":7.3892607129,"GROSS_PROFIT":176470000,"GROSS_PROFIT_YOY":77.31223310726,"HOLDER_PROFIT":72411000,"HOLDER_PROFIT_YOY":193.1856830513,"GROSS_PROFIT_RATIO":10.987170531197,"EPS_TTM":0.119440430712,"OPERATE_INCOME_QOQ":12.348071090419,"NET_PROFIT_RATIO":4.5083697248,"ROE_AVG":11.16711814142,"GROSS_PROFIT_QOQ":80.023667190337,"ROA":4.387113660178,"HOLDER_PROFIT_QOQ":213.521821960513,"ROE_YEARLY":11.16711814142,"ROIC_YEARLY":5.040239221861,"TOTAL_ASSETS":1891617000,"TOTAL_LIABILITIES":1209467000,"TAX_EBT":14.646911135472,"OCF_SALES":-5.409719913383,"TOTAL_PARENT_EQUITY":682150000,"DEBT_ASSET_RATIO":63.9382602292,"OPERATE_PROFIT":105118000,"PRETAX_PROFIT":84837000,"NETCASH_OPERATE":-86888000,"NETCASH_INVEST":-21250000,"NETCASH_FINANCE":138767000,"END_CASH":158495000,"DIVI_RATIO":null,"DIVIDEND_RATE":null,"CURRENT_RATIO":1.367442457761,"COMMON_ACS":5000000000,"CURRENTDEBT_DEBT":96.576012408772,"ISSUED_COMMON_SHARES":606252000,"HK_COMMON_SHARES":606252000,"PER_SHARES":2000,"TOTAL_MARKET_CAP":242500800,"HKSK_MARKET_CAP":242500800,"PE_TTM":1.700093367857,"PB_TTM":0.262049730574,"REPORT_DATE_SQ":"2019-12-31 00:00:00","REPORT_TYPE_SQ":"2019年年报","OPERATE_INCOME_SQ":1495630000,"DPS_HKD":null,"OPERATE_INCOME_QOQ_SQ":1.352125160181,"NET_PROFIT_RATIO_SQ":1.6513442496,"HOLDER_PROFIT_SQ":24698000,"HOLDER_PROFIT_QOQ_SQ":-49.166426542625,"ROE_AVG_SQ":4.068950405857,"PE_TTM_SQ":-16.02526005057,"PB_TTM_SQ":0.371377082255,"ROA_SQ":1.738296254302,"START_DATE":"2020-01-01 00:00:00","FISCAL_YEAR":"12-31","CURRENCY":"HKD","IS_CNY_CODE":0,"DPS_HKD_LY":0.008,"ORG_TYPE":"一般企业","PREMIUM_INCOME":null,"PREMIUM_INCOME_YOY":null,"NET_INTEREST_INCOME":null,"NET_INTEREST_INCOME_YOY":null,"FEE_COMMISSION_INCOME":null,"FEE_COMMISSION_INCOME_YOY":null,"ACCOUNTS_RECE_TDAYS":2.734414742025,"INVENTORY_TDAYS":3.719816152604,"CURRENT_ASSETS_TDAYS":1.189124717923,"TOTAL_ASSETS_TDAYS":0.973104232346,"PREMIUM_EXPENSE":null,"LOAN_DEPOSIT":null,"LOAN_EQUITY":null,"LOAN_ASSETS":null,"DEPOSIT_EQUITY":null,"DEPOSIT_ASSETS":null,"EQUITY_MULTIPLIER":2.773022062595,"EQUITY_RATIO":1.773022062596},{"SECUCODE":"06890.HK","SECURITY_CODE":"06890","SECURITY_NAME_ABBR":"康利国际控股","ORG_CODE":"10939512","STD_REPORT_DATE":"2020-06-30 00:00:00","REPORT_DATE":"2020-06-30 00:00:00","DATE_TYPE_CODE":"002","REPORT_TYPE":"2020年中报","PER_NETCASH_OPERATE":0.046284383392,"PER_OI":1.031297216339,"BPS":1.024402393724,"BASIC_EPS":0.02,"DILUTED_EPS":0.02,"OPERATE_INCOME":625226000,"OPERATE_INCOME_YOY":-9.5500839072,"GROSS_PROFIT":47801000,"GROSS_PROFIT_YOY":-3.040567951318,"HOLDER_PROFIT":10563000,"HOLDER_PROFIT_YOY":-13.1689272503,"GROSS_PROFIT_RATIO":7.645395425014,"EPS_TTM":0.038096369167,"OPERATE_INCOME_QOQ":-4.413792181221,"NET_PROFIT_RATIO":1.689469088,"ROE_AVG":1.709559403669,"GROSS_PROFIT_QOQ":-1.506154232605,"ROA":0.741907185395,"HOLDER_PROFIT_QOQ":-6.486355170459,"ROE_YEARLY":3.419118807338,"ROIC_YEARLY":1.7255032003,"TOTAL_ASSETS":1438066000,"TOTAL_LIABILITIES":817020000,"TAX_EBT":10.988455380467,"OCF_SALES":4.487977147463,"TOTAL_PARENT_EQUITY":621046000,"DEBT_ASSET_RATIO":56.8138040952,"OPERATE_PROFIT":20184000,"PRETAX_PROFIT":11867000,"NETCASH_OPERATE":28060000,"NETCASH_INVEST":-4471000,"NETCASH_FINANCE":5189000,"END_CASH":161083000,"DIVI_RATIO":null,"DIVIDEND_RATE":null,"CURRENT_RATIO":1.487749845839,"COMMON_ACS":5000000000,"CURRENTDEBT_DEBT":95.472693446917,"ISSUED_COMMON_SHARES":606252000,"HK_COMMON_SHARES":606252000,"PER_SHARES":2000,"TOTAL_MARKET_CAP":242500800,"HKSK_MARKET_CAP":242500800,"PE_TTM":1.700093367857,"PB_TTM":0.262049730574,"REPORT_DATE_SQ":"2019-06-30 00:00:00","REPORT_TYPE_SQ":"2019年中报","OPERATE_INCOME_SQ":691240000,"DPS_HKD":null,"OPERATE_INCOME_QOQ_SQ":-4.689021853985,"NET_PROFIT_RATIO_SQ":1.7598807939,"HOLDER_PROFIT_SQ":12165000,"HOLDER_PROFIT_QOQ_SQ":-4.585534455333,"ROE_AVG_SQ":2.025472839267,"PE_TTM_SQ":-16.02526005057,"PB_TTM_SQ":0.371377082255,"ROA_SQ":0.861508216551,"START_DATE":"2020-01-01 00:00:00","FISCAL_YEAR":"12-31","CURRENCY":"HKD","IS_CNY_CODE":0,"DPS_HKD_LY":0.008,"ORG_TYPE":"一般企业","PREMIUM_INCOME":null,"PREMIUM_INCOME_YOY":null,"NET_INTEREST_INCOME":null,"NET_INTEREST_INCOME_YOY":null,"FEE_COMMISSION_INCOME":null,"FEE_COMMISSION_INCOME_YOY":null,"ACCOUNTS_RECE_TDAYS":1.295810552583,"INVENTORY_TDAYS":1.710189611359,"CURRENT_ASSETS_TDAYS":0.552164918408,"TOTAL_ASSETS_TDAYS":0.439136288835,"PREMIUM_EXPENSE":null,"LOAN_DEPOSIT":null,"LOAN_EQUITY":null,"LOAN_ASSETS":null,"DEPOSIT_EQUITY":null,"DEPOSIT_ASSETS":null,"EQUITY_MULTIPLIER":2.315554725414,"EQUITY_RATIO":1.315554725415}],"count":16},"success":true,"message":"ok","code":0}