{"version":"74a6cc1d907b6c4ec38ff51d58b6569e","result":{"pages":3,"data":[{"SECUCODE":"06893.HK","SECURITY_CODE":"06893","SECURITY_NAME_ABBR":"衍生集团","ORG_CODE":"10422790","STD_REPORT_DATE":"2024-06-30 00:00:00","REPORT_DATE":"2024-09-30 00:00:00","DATE_TYPE_CODE":"002","REPORT_TYPE":"2024年中报","PER_NETCASH_OPERATE":-0.009230207154,"PER_OI":0.038171346167,"BPS":0.164144883018,"BASIC_EPS":-0.015600967,"DILUTED_EPS":-0.015600967,"OPERATE_INCOME":41675323.06,"OPERATE_INCOME_YOY":-11.6671126572,"GROSS_PROFIT":27064521.48,"GROSS_PROFIT_YOY":-9.519473948414,"HOLDER_PROFIT":-17019482.67,"HOLDER_PROFIT_YOY":-80.6028708134,"GROSS_PROFIT_RATIO":64.941359761111,"EPS_TTM":-0.03047722995,"OPERATE_INCOME_QOQ":0,"NET_PROFIT_RATIO":-41.6367334574,"ROE_AVG":-9.261322092618,"GROSS_PROFIT_QOQ":0,"ROA":-3.178840741308,"HOLDER_PROFIT_QOQ":0,"ROE_YEARLY":-18.522644185236,"ROIC_YEARLY":-6.450361557581,"TOTAL_ASSETS":540677212.4,"TOTAL_LIABILITIES":361371601.33,"TAX_EBT":-0.041593012374,"OCF_SALES":-24.180984117367,"TOTAL_PARENT_EQUITY":179212726.7,"DEBT_ASSET_RATIO":66.8368470211,"OPERATE_PROFIT":-9613983.19,"PRETAX_PROFIT":-17345028.86,"NETCASH_OPERATE":-10077503.25,"NETCASH_INVEST":-449091.42,"NETCASH_FINANCE":4946318.15,"END_CASH":4717263.49,"DIVI_RATIO":null,"DIVIDEND_RATE":null,"CURRENT_RATIO":0.200100849494,"COMMON_ACS":2000000000,"CURRENTDEBT_DEBT":61.366216900783,"ISSUED_COMMON_SHARES":1091796000,"HK_COMMON_SHARES":1091796000,"PER_SHARES":2000,"TOTAL_MARKET_CAP":260939244,"HKSK_MARKET_CAP":260939244,"PE_TTM":-5.782202712285,"PB_TTM":1.31303398581,"REPORT_DATE_SQ":"2023-06-30 00:00:00","REPORT_TYPE_SQ":"2023年中报","OPERATE_INCOME_SQ":48008566.34,"DPS_HKD":null,"OPERATE_INCOME_QOQ_SQ":0,"NET_PROFIT_RATIO_SQ":-19.9969417791,"HOLDER_PROFIT_SQ":-9589233.5,"HOLDER_PROFIT_QOQ_SQ":0,"ROE_AVG_SQ":-4.544426662956,"PE_TTM_SQ":-9.475538508917,"PB_TTM_SQ":1.534812080537,"ROA_SQ":-1.739318586575,"START_DATE":"2024-04-01 00:00:00","FISCAL_YEAR":"3-31","CURRENCY":"HKD","IS_CNY_CODE":0,"DPS_HKD_LY":null,"ORG_TYPE":"一般企业","PREMIUM_INCOME":null,"PREMIUM_INCOME_YOY":null,"NET_INTEREST_INCOME":null,"NET_INTEREST_INCOME_YOY":null,"FEE_COMMISSION_INCOME":null,"FEE_COMMISSION_INCOME_YOY":null,"ACCOUNTS_RECE_TDAYS":2.763747271477,"INVENTORY_TDAYS":1.213678414922,"CURRENT_ASSETS_TDAYS":0.974444397588,"TOTAL_ASSETS_TDAYS":0.077839742499,"PREMIUM_EXPENSE":null,"LOAN_DEPOSIT":null,"LOAN_EQUITY":null,"LOAN_ASSETS":null,"DEPOSIT_EQUITY":null,"DEPOSIT_ASSETS":null,"EQUITY_MULTIPLIER":3.015394828822,"EQUITY_RATIO":2.016439390127},{"SECUCODE":"06893.HK","SECURITY_CODE":"06893","SECURITY_NAME_ABBR":"衍生集团","ORG_CODE":"10422790","STD_REPORT_DATE":"2023-12-31 00:00:00","REPORT_DATE":"2024-03-31 00:00:00","DATE_TYPE_CODE":"001","REPORT_TYPE":"2023年年报","PER_NETCASH_OPERATE":0.005218618451,"PER_OI":0.076902591098,"BPS":0.173402609828,"BASIC_EPS":-0.03046008,"DILUTED_EPS":-0.03046008,"OPERATE_INCOME":83961941.35,"OPERATE_INCOME_YOY":13.696292659,"GROSS_PROFIT":52041409.3,"GROSS_PROFIT_YOY":53.074571762039,"HOLDER_PROFIT":-33274917.75,"HOLDER_PROFIT_YOY":25.8350003031,"GROSS_PROFIT_RATIO":61.982141507499,"EPS_TTM":-0.028399814736,"OPERATE_INCOME_QOQ":0,"NET_PROFIT_RATIO":-39.3016400877,"ROE_AVG":-16.378117888537,"GROSS_PROFIT_QOQ":0,"ROA":-6.086403549863,"HOLDER_PROFIT_QOQ":0,"ROE_YEARLY":-16.378117888537,"ROIC_YEARLY":-6.204874981194,"TOTAL_ASSETS":532919043.7,"TOTAL_LIABILITIES":343150025.65,"TAX_EBT":1.073515423291,"OCF_SALES":6.786011207446,"TOTAL_PARENT_EQUITY":189320275.8,"DEBT_ASSET_RATIO":64.390648018,"OPERATE_PROFIT":-18580648.8,"PRETAX_PROFIT":-33356507.25,"NETCASH_OPERATE":5697666.75,"NETCASH_INVEST":-530331.75,"NETCASH_FINANCE":-4415805.05,"END_CASH":10182369.6,"DIVI_RATIO":null,"DIVIDEND_RATE":null,"CURRENT_RATIO":0.186882024197,"COMMON_ACS":2000000000,"CURRENTDEBT_DEBT":64.525801602545,"ISSUED_COMMON_SHARES":1091796000,"HK_COMMON_SHARES":1091796000,"PER_SHARES":2000,"TOTAL_MARKET_CAP":283866960,"HKSK_MARKET_CAP":283866960,"PE_TTM":-6.290262364829,"PB_TTM":1.428405172848,"REPORT_DATE_SQ":"2022-12-31 00:00:00","REPORT_TYPE_SQ":"2022年年报","OPERATE_INCOME_SQ":71310898.6,"DPS_HKD":null,"OPERATE_INCOME_QOQ_SQ":0,"NET_PROFIT_RATIO_SQ":-60.358458139,"HOLDER_PROFIT_SQ":-43324916.31,"HOLDER_PROFIT_QOQ_SQ":0,"ROE_AVG_SQ":-18.296862349301,"PE_TTM_SQ":-6.176938837364,"PB_TTM_SQ":1.386281879195,"ROA_SQ":-7.544083753033,"START_DATE":"2023-04-01 00:00:00","FISCAL_YEAR":"3-31","CURRENCY":"HKD","IS_CNY_CODE":0,"DPS_HKD_LY":null,"ORG_TYPE":"一般企业","PREMIUM_INCOME":null,"PREMIUM_INCOME_YOY":null,"NET_INTEREST_INCOME":null,"NET_INTEREST_INCOME_YOY":null,"FEE_COMMISSION_INCOME":null,"FEE_COMMISSION_INCOME_YOY":null,"ACCOUNTS_RECE_TDAYS":7.18518231187,"INVENTORY_TDAYS":2.341079086467,"CURRENT_ASSETS_TDAYS":2.105434251355,"TOTAL_ASSETS_TDAYS":0.153577016095,"PREMIUM_EXPENSE":null,"LOAN_DEPOSIT":null,"LOAN_EQUITY":null,"LOAN_ASSETS":null,"DEPOSIT_EQUITY":null,"DEPOSIT_ASSETS":null,"EQUITY_MULTIPLIER":2.808251047381,"EQUITY_RATIO":1.81253711046},{"SECUCODE":"06893.HK","SECURITY_CODE":"06893","SECURITY_NAME_ABBR":"衍生集团","ORG_CODE":"10422790","STD_REPORT_DATE":"2023-06-30 00:00:00","REPORT_DATE":"2023-09-30 00:00:00","DATE_TYPE_CODE":"002","REPORT_TYPE":"2023年中报","PER_NETCASH_OPERATE":0.004720121781,"PER_OI":0.043972103158,"BPS":0.185342103836,"BASIC_EPS":-0.008809248,"DILUTED_EPS":-0.008809248,"OPERATE_INCOME":48008566.34,"OPERATE_INCOME_YOY":27.6484653296,"GROSS_PROFIT":29911985.11,"GROSS_PROFIT_YOY":69.436866268447,"HOLDER_PROFIT":-9589233.5,"HOLDER_PROFIT_YOY":56.8574023615,"GROSS_PROFIT_RATIO":62.305516265912,"EPS_TTM":-0.039682244952,"OPERATE_INCOME_QOQ":0,"NET_PROFIT_RATIO":-19.9969417791,"ROE_AVG":-4.544426662956,"GROSS_PROFIT_QOQ":0,"ROA":-1.739318586575,"HOLDER_PROFIT_QOQ":0,"ROE_YEARLY":-9.088853325911,"ROIC_YEARLY":-3.5233408689,"TOTAL_ASSETS":535293037.09,"TOTAL_LIABILITIES":332640875,"TAX_EBT":-2.237857910681,"OCF_SALES":10.734355288811,"TOTAL_PARENT_EQUITY":202355767.6,"DEBT_ASSET_RATIO":62.141827364,"OPERATE_PROFIT":-2145418.94,"PRETAX_PROFIT":-9390107.79,"NETCASH_OPERATE":5153410.08,"NETCASH_INVEST":-387239.86,"NETCASH_FINANCE":-14160866.16,"END_CASH":3322738.23,"DIVI_RATIO":null,"DIVIDEND_RATE":null,"CURRENT_RATIO":0.190118059784,"COMMON_ACS":2000000000,"CURRENTDEBT_DEBT":60.705655172414,"ISSUED_COMMON_SHARES":1091796000,"HK_COMMON_SHARES":1091796000,"PER_SHARES":2000,"TOTAL_MARKET_CAP":283866960,"HKSK_MARKET_CAP":283866960,"PE_TTM":-6.290262364829,"PB_TTM":1.428405172848,"REPORT_DATE_SQ":"2022-06-30 00:00:00","REPORT_TYPE_SQ":"2022年中报","OPERATE_INCOME_SQ":37069377.84,"DPS_HKD":null,"OPERATE_INCOME_QOQ_SQ":0,"NET_PROFIT_RATIO_SQ":-59.1348265261,"HOLDER_PROFIT_SQ":-21907345.68,"HOLDER_PROFIT_QOQ_SQ":0,"ROE_AVG_SQ":-8.37899543379,"PE_TTM_SQ":-6.176938837364,"PB_TTM_SQ":1.386281879195,"ROA_SQ":-3.647496054645,"START_DATE":"2023-04-01 00:00:00","FISCAL_YEAR":"3-31","CURRENCY":"HKD","IS_CNY_CODE":0,"DPS_HKD_LY":null,"ORG_TYPE":"一般企业","PREMIUM_INCOME":null,"PREMIUM_INCOME_YOY":null,"NET_INTEREST_INCOME":null,"NET_INTEREST_INCOME_YOY":null,"FEE_COMMISSION_INCOME":null,"FEE_COMMISSION_INCOME_YOY":null,"ACCOUNTS_RECE_TDAYS":3.33097762073,"INVENTORY_TDAYS":1.20023127016,"CURRENT_ASSETS_TDAYS":1.243135996959,"TOTAL_ASSETS_TDAYS":0.087079109868,"PREMIUM_EXPENSE":null,"LOAN_DEPOSIT":null,"LOAN_EQUITY":null,"LOAN_ASSETS":null,"DEPOSIT_EQUITY":null,"DEPOSIT_ASSETS":null,"EQUITY_MULTIPLIER":2.641437582355,"EQUITY_RATIO":1.643841828406},{"SECUCODE":"06893.HK","SECURITY_CODE":"06893","SECURITY_NAME_ABBR":"衍生集团","ORG_CODE":"10422790","STD_REPORT_DATE":"2022-12-31 00:00:00","REPORT_DATE":"2023-03-31 00:00:00","DATE_TYPE_CODE":"001","REPORT_TYPE":"2022年年报","PER_NETCASH_OPERATE":0.000322326534,"PER_OI":0.065315222441,"BPS":0.191939838065,"BASIC_EPS":-0.039656073,"DILUTED_EPS":-0.039656073,"OPERATE_INCOME":71310898.6,"OPERATE_INCOME_YOY":-32.424136844,"GROSS_PROFIT":33997422.76,"GROSS_PROFIT_YOY":-39.312549510043,"HOLDER_PROFIT":-43324916.31,"HOLDER_PROFIT_YOY":-315.5415617128,"GROSS_PROFIT_RATIO":47.6749324822,"EPS_TTM":-0.015779363599,"OPERATE_INCOME_QOQ":0,"NET_PROFIT_RATIO":-60.358458139,"ROE_AVG":-18.296862349301,"GROSS_PROFIT_QOQ":0,"ROA":-7.544083753033,"HOLDER_PROFIT_QOQ":0,"ROE_YEARLY":-18.296862349301,"ROIC_YEARLY":-7.696021832686,"TOTAL_ASSETS":541245868.57,"TOTAL_LIABILITIES":331225380.06,"TAX_EBT":0.111736383398,"OCF_SALES":0.493493739259,"TOTAL_PARENT_EQUITY":209559147.44,"DEBT_ASSET_RATIO":61.1968421921,"OPERATE_PROFIT":-30782041.83,"PRETAX_PROFIT":-43090306.43,"NETCASH_OPERATE":351914.82,"NETCASH_INVEST":-1831357.72,"NETCASH_FINANCE":-81413.13,"END_CASH":9432542.75,"DIVI_RATIO":null,"DIVIDEND_RATE":null,"CURRENT_RATIO":0.195492957746,"COMMON_ACS":2000000000,"CURRENTDEBT_DEBT":57.232943763446,"ISSUED_COMMON_SHARES":1091796000,"HK_COMMON_SHARES":1091796000,"PER_SHARES":2000,"TOTAL_MARKET_CAP":246745896,"HKSK_MARKET_CAP":246745896,"PE_TTM":-5.467689594044,"PB_TTM":1.241613727168,"REPORT_DATE_SQ":"2021-12-31 00:00:00","REPORT_TYPE_SQ":"2021年年报","OPERATE_INCOME_SQ":97764011.46,"DPS_HKD":null,"OPERATE_INCOME_QOQ_SQ":0,"NET_PROFIT_RATIO_SQ":-10.8713686062,"HOLDER_PROFIT_SQ":-9659129.1,"HOLDER_PROFIT_QOQ_SQ":0,"ROE_AVG_SQ":-3.842728821434,"PE_TTM_SQ":-8.603593380615,"PB_TTM_SQ":1.93089261745,"ROA_SQ":-1.694664439366,"START_DATE":"2022-04-01 00:00:00","FISCAL_YEAR":"3-31","CURRENCY":"HKD","IS_CNY_CODE":0,"DPS_HKD_LY":null,"ORG_TYPE":"一般企业","PREMIUM_INCOME":null,"PREMIUM_INCOME_YOY":null,"NET_INTEREST_INCOME":null,"NET_INTEREST_INCOME_YOY":null,"FEE_COMMISSION_INCOME":null,"FEE_COMMISSION_INCOME_YOY":null,"ACCOUNTS_RECE_TDAYS":4.904126907679,"INVENTORY_TDAYS":1.976856897711,"CURRENT_ASSETS_TDAYS":1.521266165554,"TOTAL_ASSETS_TDAYS":0.12417228638,"PREMIUM_EXPENSE":null,"LOAN_DEPOSIT":null,"LOAN_EQUITY":null,"LOAN_ASSETS":null,"DEPOSIT_EQUITY":null,"DEPOSIT_ASSETS":null,"EQUITY_MULTIPLIER":2.577109844901,"EQUITY_RATIO":1.580581826689},{"SECUCODE":"06893.HK","SECURITY_CODE":"06893","SECURITY_NAME_ABBR":"衍生集团","ORG_CODE":"10422790","STD_REPORT_DATE":"2022-06-30 00:00:00","REPORT_DATE":"2022-09-30 00:00:00","DATE_TYPE_CODE":"002","REPORT_TYPE":"2022年中报","PER_NETCASH_OPERATE":0.003762576965,"PER_OI":0.033952659508,"BPS":0.22910631019,"BASIC_EPS":-0.020078568,"DILUTED_EPS":-0.020078568,"OPERATE_INCOME":37069377.84,"OPERATE_INCOME_YOY":-4.007307305,"GROSS_PROFIT":17653764.36,"GROSS_PROFIT_YOY":4.897871663771,"HOLDER_PROFIT":-21907345.68,"HOLDER_PROFIT_YOY":-40.7273994887,"GROSS_PROFIT_RATIO":47.623578782999,"EPS_TTM":-0.008847009057,"OPERATE_INCOME_QOQ":0,"NET_PROFIT_RATIO":-59.1348265261,"ROE_AVG":-8.37899543379,"GROSS_PROFIT_QOQ":0,"ROA":-3.647496054645,"HOLDER_PROFIT_QOQ":0,"ROE_YEARLY":-16.75799086758,"ROIC_YEARLY":-7.43912635873,"TOTAL_ASSETS":573752316.12,"TOTAL_LIABILITIES":323718069.24,"TAX_EBT":-0.89921318846,"OCF_SALES":11.081832820963,"TOTAL_PARENT_EQUITY":250137353.04,"DEBT_ASSET_RATIO":56.4212222147,"OPERATE_PROFIT":-16175004.96,"PRETAX_PROFIT":-21725553.24,"NETCASH_OPERATE":4107966.48,"NETCASH_INVEST":1012972.8,"NETCASH_FINANCE":-6022665.96,"END_CASH":10171332.24,"DIVI_RATIO":null,"DIVIDEND_RATE":null,"CURRENT_RATIO":0.23627463527,"COMMON_ACS":2000000000,"CURRENTDEBT_DEBT":52.395919770005,"ISSUED_COMMON_SHARES":1091796000,"HK_COMMON_SHARES":1091796000,"PER_SHARES":2000,"TOTAL_MARKET_CAP":246745896,"HKSK_MARKET_CAP":246745896,"PE_TTM":-5.467689594044,"PB_TTM":1.241613727168,"REPORT_DATE_SQ":"2021-06-30 00:00:00","REPORT_TYPE_SQ":"2021年中报","OPERATE_INCOME_SQ":35569162.82,"DPS_HKD":null,"OPERATE_INCOME_QOQ_SQ":0,"NET_PROFIT_RATIO_SQ":-41.9350305642,"HOLDER_PROFIT_SQ":-14338628.72,"HOLDER_PROFIT_QOQ_SQ":0,"ROE_AVG_SQ":-5.620134789196,"PE_TTM_SQ":-8.603593380615,"PB_TTM_SQ":1.93089261745,"ROA_SQ":-2.47754491018,"START_DATE":"2022-04-01 00:00:00","FISCAL_YEAR":"3-31","CURRENCY":"HKD","IS_CNY_CODE":0,"DPS_HKD_LY":null,"ORG_TYPE":"一般企业","PREMIUM_INCOME":null,"PREMIUM_INCOME_YOY":null,"NET_INTEREST_INCOME":null,"NET_INTEREST_INCOME_YOY":null,"FEE_COMMISSION_INCOME":null,"FEE_COMMISSION_INCOME_YOY":null,"ACCOUNTS_RECE_TDAYS":2.618160912198,"INVENTORY_TDAYS":0.934566826295,"CURRENT_ASSETS_TDAYS":0.751547157356,"TOTAL_ASSETS_TDAYS":0.06171921117,"PREMIUM_EXPENSE":null,"LOAN_DEPOSIT":null,"LOAN_EQUITY":null,"LOAN_ASSETS":null,"DEPOSIT_EQUITY":null,"DEPOSIT_ASSETS":null,"EQUITY_MULTIPLIER":2.294694919914,"EQUITY_RATIO":1.294161249033},{"SECUCODE":"06893.HK","SECURITY_CODE":"06893","SECURITY_NAME_ABBR":"衍生集团","ORG_CODE":"10422790","STD_REPORT_DATE":"2021-12-31 00:00:00","REPORT_DATE":"2022-03-31 00:00:00","DATE_TYPE_CODE":"001","REPORT_TYPE":"2021年年报","PER_NETCASH_OPERATE":0.017821783483,"PER_OI":0.089544211061,"BPS":0.224030633873,"BASIC_EPS":-0.008840009,"DILUTED_EPS":-0.008840009,"OPERATE_INCOME":97764011.46,"OPERATE_INCOME_YOY":0.9251429576,"GROSS_PROFIT":56020515.75,"GROSS_PROFIT_YOY":-3.649573319607,"HOLDER_PROFIT":-9659129.1,"HOLDER_PROFIT_YOY":62.7230046948,"GROSS_PROFIT_RATIO":57.301776915037,"EPS_TTM":-0.028789192816,"OPERATE_INCOME_QOQ":0,"NET_PROFIT_RATIO":-10.8713686062,"ROE_AVG":-3.842728821434,"GROSS_PROFIT_QOQ":0,"ROA":-1.694664439366,"HOLDER_PROFIT_QOQ":0,"ROE_YEARLY":-3.842728821434,"ROIC_YEARLY":-1.732934559531,"TOTAL_ASSETS":562655218.71,"TOTAL_LIABILITIES":317892400.71,"TAX_EBT":-14.774916798038,"OCF_SALES":19.902775703881,"TOTAL_PARENT_EQUITY":244595749.94,"DEBT_ASSET_RATIO":56.498614096,"OPERATE_PROFIT":1158122.28,"PRETAX_PROFIT":-9260112.18,"NETCASH_OPERATE":19457751.92,"NETCASH_INVEST":12324107.96,"NETCASH_FINANCE":-33791542.66,"END_CASH":10582869.49,"DIVI_RATIO":null,"DIVIDEND_RATE":null,"CURRENT_RATIO":0.339578417493,"COMMON_ACS":2000000000,"CURRENTDEBT_DEBT":48.654109615252,"ISSUED_COMMON_SHARES":1091796000,"HK_COMMON_SHARES":1091796000,"PER_SHARES":2000,"TOTAL_MARKET_CAP":246745896,"HKSK_MARKET_CAP":246745896,"PE_TTM":-5.467689594044,"PB_TTM":1.241613727168,"REPORT_DATE_SQ":"2020-12-31 00:00:00","REPORT_TYPE_SQ":"2020年年报","OPERATE_INCOME_SQ":100949144.38,"DPS_HKD":null,"OPERATE_INCOME_QOQ_SQ":0,"NET_PROFIT_RATIO_SQ":-30.848703544,"HOLDER_PROFIT_SQ":-27003501,"HOLDER_PROFIT_QOQ_SQ":0,"ROE_AVG_SQ":-9.821023753352,"PE_TTM_SQ":-8.603593380615,"PB_TTM_SQ":1.93089261745,"ROA_SQ":-4.745206895476,"START_DATE":"2021-04-01 00:00:00","FISCAL_YEAR":"3-31","CURRENCY":"HKD","IS_CNY_CODE":0,"DPS_HKD_LY":null,"ORG_TYPE":"一般企业","PREMIUM_INCOME":null,"PREMIUM_INCOME_YOY":null,"NET_INTEREST_INCOME":null,"NET_INTEREST_INCOME_YOY":null,"FEE_COMMISSION_INCOME":null,"FEE_COMMISSION_INCOME_YOY":null,"ACCOUNTS_RECE_TDAYS":6.318918068879,"INVENTORY_TDAYS":2.174111385668,"CURRENT_ASSETS_TDAYS":1.910169155806,"TOTAL_ASSETS_TDAYS":0.17152394585,"PREMIUM_EXPENSE":null,"LOAN_DEPOSIT":null,"LOAN_EQUITY":null,"LOAN_ASSETS":null,"DEPOSIT_EQUITY":null,"DEPOSIT_ASSETS":null,"EQUITY_MULTIPLIER":2.298777335984,"EQUITY_RATIO":1.299664449558},{"SECUCODE":"06893.HK","SECURITY_CODE":"06893","SECURITY_NAME_ABBR":"衍生集团","ORG_CODE":"10422790","STD_REPORT_DATE":"2021-06-30 00:00:00","REPORT_DATE":"2021-09-30 00:00:00","DATE_TYPE_CODE":"002","REPORT_TYPE":"2021年中报","PER_NETCASH_OPERATE":-0.006610787949,"PER_OI":0.032578579533,"BPS":0.224505838124,"BASIC_EPS":-0.013162348,"DILUTED_EPS":-0.013162348,"OPERATE_INCOME":35569162.82,"OPERATE_INCOME_YOY":-33.4201375353,"GROSS_PROFIT":16829478.12,"GROSS_PROFIT_YOY":-47.802614209511,"HOLDER_PROFIT":-14338628.72,"HOLDER_PROFIT_YOY":-52.6157120057,"GROSS_PROFIT_RATIO":47.314799634635,"EPS_TTM":-0.024733101239,"OPERATE_INCOME_QOQ":0,"NET_PROFIT_RATIO":-41.9350305642,"ROE_AVG":-5.620134789196,"GROSS_PROFIT_QOQ":0,"ROA":-2.47754491018,"HOLDER_PROFIT_QOQ":0,"ROE_YEARLY":-11.240269578392,"ROIC_YEARLY":-5.073559538864,"TOTAL_ASSETS":564500616.38,"TOTAL_LIABILITIES":318682104.64,"TAX_EBT":-1.421774102186,"OCF_SALES":-20.29182378153,"TOTAL_PARENT_EQUITY":245114576.04,"DEBT_ASSET_RATIO":56.4538098618,"OPERATE_PROFIT":-9241967.64,"PRETAX_PROFIT":-14706841.24,"NETCASH_OPERATE":-7217631.84,"NETCASH_INVEST":13144853.74,"NETCASH_FINANCE":-7074345.52,"END_CASH":12628356.54,"DIVI_RATIO":null,"DIVIDEND_RATE":null,"CURRENT_RATIO":0.31117985603,"COMMON_ACS":2000000000,"CURRENTDEBT_DEBT":44.19439332469,"ISSUED_COMMON_SHARES":1091796000,"HK_COMMON_SHARES":1091796000,"PER_SHARES":2000,"TOTAL_MARKET_CAP":246745896,"HKSK_MARKET_CAP":246745896,"PE_TTM":-5.467689594044,"PB_TTM":1.241613727168,"REPORT_DATE_SQ":"2020-06-30 00:00:00","REPORT_TYPE_SQ":"2020年中报","OPERATE_INCOME_SQ":56351434.88,"DPS_HKD":null,"OPERATE_INCOME_QOQ_SQ":0,"NET_PROFIT_RATIO_SQ":-19.0459854356,"HOLDER_PROFIT_SQ":-9910204.16,"HOLDER_PROFIT_QOQ_SQ":0,"ROE_AVG_SQ":-3.391369718839,"PE_TTM_SQ":-8.603593380615,"PB_TTM_SQ":1.93089261745,"ROA_SQ":-1.714170634302,"START_DATE":"2021-04-01 00:00:00","FISCAL_YEAR":"3-31","CURRENCY":"HKD","IS_CNY_CODE":0,"DPS_HKD_LY":null,"ORG_TYPE":"一般企业","PREMIUM_INCOME":null,"PREMIUM_INCOME_YOY":null,"NET_INTEREST_INCOME":null,"NET_INTEREST_INCOME_YOY":null,"FEE_COMMISSION_INCOME":null,"FEE_COMMISSION_INCOME_YOY":null,"ACCOUNTS_RECE_TDAYS":2.409673232124,"INVENTORY_TDAYS":1.18298230391,"CURRENT_ASSETS_TDAYS":0.748656444246,"TOTAL_ASSETS_TDAYS":0.061459292953,"PREMIUM_EXPENSE":null,"LOAN_DEPOSIT":null,"LOAN_EQUITY":null,"LOAN_ASSETS":null,"DEPOSIT_EQUITY":null,"DEPOSIT_ASSETS":null,"EQUITY_MULTIPLIER":2.296412147254,"EQUITY_RATIO":1.300135266489},{"SECUCODE":"06893.HK","SECURITY_CODE":"06893","SECURITY_NAME_ABBR":"衍生集团","ORG_CODE":"10422790","STD_REPORT_DATE":"2020-12-31 00:00:00","REPORT_DATE":"2021-03-31 00:00:00","DATE_TYPE_CODE":"001","REPORT_TYPE":"2020年年报","PER_NETCASH_OPERATE":0.00824436708,"PER_OI":0.092461544446,"BPS":0.246385039,"BASIC_EPS":-0.024763774,"DILUTED_EPS":-0.024763774,"OPERATE_INCOME":100949144.38,"OPERATE_INCOME_YOY":-32.2162886118,"GROSS_PROFIT":58142467.74,"GROSS_PROFIT_YOY":-46.250906167423,"HOLDER_PROFIT":-27003501,"HOLDER_PROFIT_YOY":-61.4533326596,"GROSS_PROFIT_RATIO":57.595800437036,"EPS_TTM":-0.03228532246,"OPERATE_INCOME_QOQ":0,"NET_PROFIT_RATIO":-30.848703544,"ROE_AVG":-9.821023753352,"GROSS_PROFIT_QOQ":0,"ROA":-4.745206895476,"HOLDER_PROFIT_QOQ":0,"ROE_YEARLY":-9.821023753352,"ROIC_YEARLY":-4.86650988229,"TOTAL_ASSETS":601613492.06,"TOTAL_LIABILITIES":331515093.56,"TAX_EBT":-0.474476439791,"OCF_SALES":8.916536197788,"TOTAL_PARENT_EQUITY":269002200.04,"DEBT_ASSET_RATIO":55.1043315908,"OPERATE_PROFIT":-21663653.76,"PRETAX_PROFIT":-30994440.96,"NETCASH_OPERATE":9001167,"NETCASH_INVEST":-53850643.7,"NETCASH_FINANCE":46773951.56,"END_CASH":12798560.74,"DIVI_RATIO":null,"DIVIDEND_RATE":null,"CURRENT_RATIO":0.37274216049,"COMMON_ACS":2000000000,"CURRENTDEBT_DEBT":42.032724695469,"ISSUED_COMMON_SHARES":1091796000,"HK_COMMON_SHARES":1091796000,"PER_SHARES":2000,"TOTAL_MARKET_CAP":283866960,"HKSK_MARKET_CAP":283866960,"PE_TTM":-6.290262364829,"PB_TTM":1.428405172848,"REPORT_DATE_SQ":"2019-12-31 00:00:00","REPORT_TYPE_SQ":"2019年年报","OPERATE_INCOME_SQ":161002163.3,"DPS_HKD":null,"OPERATE_INCOME_QOQ_SQ":0,"NET_PROFIT_RATIO_SQ":-18.3038323809,"HOLDER_PROFIT_SQ":-18081209.3,"HOLDER_PROFIT_QOQ_SQ":0,"ROE_AVG_SQ":-4.871840006499,"PE_TTM_SQ":-9.169875976371,"PB_TTM_SQ":1.485302013423,"ROA_SQ":-3.044098588245,"START_DATE":"2020-04-01 00:00:00","FISCAL_YEAR":"3-31","CURRENCY":"HKD","IS_CNY_CODE":0,"DPS_HKD_LY":null,"ORG_TYPE":"一般企业","PREMIUM_INCOME":null,"PREMIUM_INCOME_YOY":null,"NET_INTEREST_INCOME":null,"NET_INTEREST_INCOME_YOY":null,"FEE_COMMISSION_INCOME":null,"FEE_COMMISSION_INCOME_YOY":null,"ACCOUNTS_RECE_TDAYS":3.802521409697,"INVENTORY_TDAYS":3.28989931796,"CURRENT_ASSETS_TDAYS":1.780562160389,"TOTAL_ASSETS_TDAYS":0.177393507606,"PREMIUM_EXPENSE":null,"LOAN_DEPOSIT":null,"LOAN_EQUITY":null,"LOAN_ASSETS":null,"DEPOSIT_EQUITY":null,"DEPOSIT_ASSETS":null,"EQUITY_MULTIPLIER":2.227386372524,"EQUITY_RATIO":1.23238803813},{"SECUCODE":"06893.HK","SECURITY_CODE":"06893","SECURITY_NAME_ABBR":"衍生集团","ORG_CODE":"10422790","STD_REPORT_DATE":"2020-06-30 00:00:00","REPORT_DATE":"2020-09-30 00:00:00","DATE_TYPE_CODE":"002","REPORT_TYPE":"2020年中报","PER_NETCASH_OPERATE":0.010280208537,"PER_OI":0.051613520181,"BPS":0.26779649473,"BASIC_EPS":-0.009050816,"DILUTED_EPS":-0.009050816,"OPERATE_INCOME":56351434.88,"OPERATE_INCOME_YOY":-29.4890543052,"GROSS_PROFIT":32241994.24,"GROSS_PROFIT_YOY":-47.574714119598,"HOLDER_PROFIT":-9910204.16,"HOLDER_PROFIT_YOY":-240.1690280885,"GROSS_PROFIT_RATIO":57.215924152879,"EPS_TTM":-0.016560977783,"OPERATE_INCOME_QOQ":0,"NET_PROFIT_RATIO":-19.0459854356,"ROE_AVG":-3.391369718839,"GROSS_PROFIT_QOQ":0,"ROA":-1.714170634302,"HOLDER_PROFIT_QOQ":0,"ROE_YEARLY":-6.782739437679,"ROIC_YEARLY":-3.523337267071,"TOTAL_ASSETS":598452256,"TOTAL_LIABILITIES":302824486.4,"TAX_EBT":-2.081069786878,"OCF_SALES":19.91766595456,"TOTAL_PARENT_EQUITY":292379141.76,"DEBT_ASSET_RATIO":50.6012774392,"OPERATE_PROFIT":-6513072.64,"PRETAX_PROFIT":-10513884.8,"NETCASH_OPERATE":11223890.56,"NETCASH_INVEST":-60623771.52,"NETCASH_FINANCE":50321658.24,"END_CASH":12877641.6,"DIVI_RATIO":null,"DIVIDEND_RATE":null,"CURRENT_RATIO":0.49542915891,"COMMON_ACS":2000000000,"CURRENTDEBT_DEBT":31.32929023272,"ISSUED_COMMON_SHARES":1091796000,"HK_COMMON_SHARES":1091796000,"PER_SHARES":2000,"TOTAL_MARKET_CAP":246745896,"HKSK_MARKET_CAP":246745896,"PE_TTM":-5.467689594044,"PB_TTM":1.241613727168,"REPORT_DATE_SQ":"2019-06-30 00:00:00","REPORT_TYPE_SQ":"2019年中报","OPERATE_INCOME_SQ":82036907.49,"DPS_HKD":null,"OPERATE_INCOME_QOQ_SQ":0,"NET_PROFIT_RATIO_SQ":0.0769662118,"HOLDER_PROFIT_SQ":7257572.46,"HOLDER_PROFIT_QOQ_SQ":0,"ROE_AVG_SQ":1.868269145927,"PE_TTM_SQ":-8.603593380615,"PB_TTM_SQ":1.93089261745,"ROA_SQ":1.24627287583,"START_DATE":"2020-04-01 00:00:00","FISCAL_YEAR":"3-31","CURRENCY":"HKD","IS_CNY_CODE":0,"DPS_HKD_LY":null,"ORG_TYPE":"一般企业","PREMIUM_INCOME":null,"PREMIUM_INCOME_YOY":null,"NET_INTEREST_INCOME":null,"NET_INTEREST_INCOME_YOY":null,"FEE_COMMISSION_INCOME":null,"FEE_COMMISSION_INCOME_YOY":null,"ACCOUNTS_RECE_TDAYS":2.169782274027,"INVENTORY_TDAYS":1.852849810913,"CURRENT_ASSETS_TDAYS":1.016331608517,"TOTAL_ASSETS_TDAYS":0.097471225933,"PREMIUM_EXPENSE":null,"LOAN_DEPOSIT":null,"LOAN_EQUITY":null,"LOAN_ASSETS":null,"DEPOSIT_EQUITY":null,"DEPOSIT_ASSETS":null,"EQUITY_MULTIPLIER":2.024343845672,"EQUITY_RATIO":1.03572534134}],"count":25},"success":true,"message":"ok","code":0}