{"version":"99e92465922b34d0553dbf3b845a0856","result":{"pages":3,"data":[{"SECUCODE":"06898.HK","SECURITY_CODE":"06898","SECURITY_NAME_ABBR":"中国铝罐","ORG_CODE":"10312572","STD_REPORT_DATE":"2024-06-30 00:00:00","REPORT_DATE":"2024-06-30 00:00:00","DATE_TYPE_CODE":"002","REPORT_TYPE":"2024年中报","PER_NETCASH_OPERATE":0.0226342392,"PER_OI":0.106069962733,"BPS":0.256047440562,"BASIC_EPS":0.01551556,"DILUTED_EPS":0.01186484,"OPERATE_INCOME":109210376.12,"OPERATE_INCOME_YOY":-3.9778198626,"GROSS_PROFIT":32337165.08,"GROSS_PROFIT_YOY":-6.252885429817,"HOLDER_PROFIT":14775376.52,"HOLDER_PROFIT_YOY":-5.9325973271,"GROSS_PROFIT_RATIO":29.609975012327,"EPS_TTM":0.017828635722,"OPERATE_INCOME_QOQ":-2.662849237639,"NET_PROFIT_RATIO":13.7666201456,"ROE_AVG":5.572114987471,"GROSS_PROFIT_QOQ":-3.419747990834,"ROA":5.011701916885,"HOLDER_PROFIT_QOQ":-5.614343525865,"ROE_YEARLY":11.144229974943,"ROIC_YEARLY":11.265929592289,"TOTAL_ASSETS":276551166.8,"TOTAL_LIABILITIES":28209113.44,"TAX_EBT":22.498235709245,"OCF_SALES":21.338971577566,"TOTAL_PARENT_EQUITY":244954185.2,"DEBT_ASSET_RATIO":10.2003234217,"OPERATE_PROFIT":19407227.52,"PRETAX_PROFIT":19399013.4,"NETCASH_OPERATE":23304371.12,"NETCASH_INVEST":21605873.64,"NETCASH_FINANCE":-60214063,"END_CASH":21656983.72,"DIVI_RATIO":0.346654903735,"DIVIDEND_RATE":1.373737373737,"CURRENT_RATIO":4.67095713541,"COMMON_ACS":1500000000,"CURRENTDEBT_DEBT":80.687847806393,"ISSUED_COMMON_SHARES":956675000,"HK_COMMON_SHARES":956675000,"PER_SHARES":2000,"TOTAL_MARKET_CAP":473554125,"HKSK_MARKET_CAP":473554125,"PE_TTM":23.168010029354,"PB_TTM":1.764425369798,"REPORT_DATE_SQ":"2023-06-30 00:00:00","REPORT_TYPE_SQ":"2023年中报","OPERATE_INCOME_SQ":114893459.68,"DPS_HKD":0.0068,"OPERATE_INCOME_QOQ_SQ":9.831132511795,"NET_PROFIT_RATIO_SQ":14.0495602491,"HOLDER_PROFIT_SQ":15867275.8,"HOLDER_PROFIT_QOQ_SQ":25.347668511224,"ROE_AVG_SQ":4.904929582482,"PE_TTM_SQ":21.662598373984,"PB_TTM_SQ":1.546915225898,"ROA_SQ":4.452712247675,"START_DATE":"2024-01-01 00:00:00","FISCAL_YEAR":"12-31","CURRENCY":"HKD","IS_CNY_CODE":0,"DPS_HKD_LY":0.0068,"ORG_TYPE":"一般企业","PREMIUM_INCOME":null,"PREMIUM_INCOME_YOY":null,"NET_INTEREST_INCOME":null,"NET_INTEREST_INCOME_YOY":null,"FEE_COMMISSION_INCOME":null,"FEE_COMMISSION_INCOME_YOY":null,"ACCOUNTS_RECE_TDAYS":4.024044928706,"INVENTORY_TDAYS":3.128128946,"CURRENT_ASSETS_TDAYS":0.994502183751,"TOTAL_ASSETS_TDAYS":0.370433775819,"PREMIUM_EXPENSE":null,"LOAN_DEPOSIT":null,"LOAN_EQUITY":null,"LOAN_ASSETS":null,"DEPOSIT_EQUITY":null,"DEPOSIT_ASSETS":null,"EQUITY_MULTIPLIER":1.113589756783,"EQUITY_RATIO":0.115160773501},{"SECUCODE":"06898.HK","SECURITY_CODE":"06898","SECURITY_NAME_ABBR":"中国铝罐","ORG_CODE":"10312572","STD_REPORT_DATE":"2023-12-31 00:00:00","REPORT_DATE":"2023-12-31 00:00:00","DATE_TYPE_CODE":"001","REPORT_TYPE":"2023年年报","PER_NETCASH_OPERATE":0.037965316216,"PER_OI":0.234115307956,"BPS":0.29619116423,"BASIC_EPS":0.02174928,"DILUTED_EPS":0.01449952,"OPERATE_INCOME":213421153.54,"OPERATE_INCOME_YOY":11.8723695336,"GROSS_PROFIT":63071099.56,"GROSS_PROFIT_YOY":29.6421108612,"HOLDER_PROFIT":19448387.42,"HOLDER_PROFIT_YOY":4.6214595622,"GROSS_PROFIT_RATIO":29.552412454832,"EPS_TTM":0.021334179553,"OPERATE_INCOME_QOQ":3.3351963544,"NET_PROFIT_RATIO":9.2948404931,"ROE_AVG":6.406909347651,"GROSS_PROFIT_QOQ":9.236312767948,"ROA":5.828459536053,"HOLDER_PROFIT_QOQ":-15.324960458245,"ROE_YEARLY":6.406909347651,"ROIC_YEARLY":7.468007551175,"TOTAL_ASSETS":310867896.36,"TOTAL_LIABILITIES":23601593.68,"TAX_EBT":26.511565448014,"OCF_SALES":16.216503118803,"TOTAL_PARENT_EQUITY":283358682.04,"DEBT_ASSET_RATIO":7.5921618013,"OPERATE_PROFIT":27008074.66,"PRETAX_PROFIT":26993575.14,"NETCASH_OPERATE":34609448.02,"NETCASH_INVEST":-44577868.02,"NETCASH_FINANCE":-52104931.34,"END_CASH":35795690,"DIVI_RATIO":0.289694008836,"DIVIDEND_RATE":1.36,"CURRENT_RATIO":6.495343727111,"COMMON_ACS":1500000000,"CURRENTDEBT_DEBT":73.3911841499,"ISSUED_COMMON_SHARES":956675000,"HK_COMMON_SHARES":956675000,"PER_SHARES":2000,"TOTAL_MARKET_CAP":478337500,"HKSK_MARKET_CAP":478337500,"PE_TTM":23.402030332681,"PB_TTM":1.78224784828,"REPORT_DATE_SQ":"2022-12-31 00:00:00","REPORT_TYPE_SQ":"2022年年报","OPERATE_INCOME_SQ":188045840.78,"DPS_HKD":0.0068,"OPERATE_INCOME_QOQ_SQ":5.339457792872,"NET_PROFIT_RATIO_SQ":9.9124048757,"HOLDER_PROFIT_SQ":18323647.51,"HOLDER_PROFIT_QOQ_SQ":18.672269176298,"ROE_AVG_SQ":5.636229251901,"PE_TTM_SQ":21.662598373984,"PB_TTM_SQ":1.546915225898,"ROA_SQ":5.139254428545,"START_DATE":"2023-01-01 00:00:00","FISCAL_YEAR":"12-31","CURRENCY":"HKD","IS_CNY_CODE":0,"DPS_HKD_LY":0.0067,"ORG_TYPE":"一般企业","PREMIUM_INCOME":null,"PREMIUM_INCOME_YOY":null,"NET_INTEREST_INCOME":null,"NET_INTEREST_INCOME_YOY":null,"FEE_COMMISSION_INCOME":null,"FEE_COMMISSION_INCOME_YOY":null,"ACCOUNTS_RECE_TDAYS":7.54189550542,"INVENTORY_TDAYS":6.431952548024,"CURRENT_ASSETS_TDAYS":1.596765882433,"TOTAL_ASSETS_TDAYS":0.639598816438,"PREMIUM_EXPENSE":null,"LOAN_DEPOSIT":null,"LOAN_EQUITY":null,"LOAN_ASSETS":null,"DEPOSIT_EQUITY":null,"DEPOSIT_ASSETS":null,"EQUITY_MULTIPLIER":1.082159283772,"EQUITY_RATIO":0.08329229057},{"SECUCODE":"06898.HK","SECURITY_CODE":"06898","SECURITY_NAME_ABBR":"中国铝罐","ORG_CODE":"10312572","STD_REPORT_DATE":"2023-06-30 00:00:00","REPORT_DATE":"2023-06-30 00:00:00","DATE_TYPE_CODE":"002","REPORT_TYPE":"2023年中报","PER_NETCASH_OPERATE":0.010314559528,"PER_OI":0.120713669243,"BPS":0.331998572305,"BASIC_EPS":0.01751762,"DILUTED_EPS":0.01198574,"OPERATE_INCOME":114893459.68,"OPERATE_INCOME_YOY":10.5427965688,"GROSS_PROFIT":34494037.74,"GROSS_PROFIT_YOY":35.771308971891,"HOLDER_PROFIT":15867275.8,"HOLDER_PROFIT_YOY":31.1437933399,"GROSS_PROFIT_RATIO":30.022629517879,"EPS_TTM":0.024131778647,"OPERATE_INCOME_QOQ":9.831132511795,"NET_PROFIT_RATIO":14.0495602491,"ROE_AVG":4.904929582482,"GROSS_PROFIT_QOQ":18.680416407501,"ROA":4.452712247675,"HOLDER_PROFIT_QOQ":25.347668511224,"ROE_YEARLY":9.809859164965,"ROIC_YEARLY":11.247924917977,"TOTAL_ASSETS":350010345.42,"TOTAL_LIABILITIES":28204290.18,"TAX_EBT":22.07237281346,"OCF_SALES":8.544649162226,"TOTAL_PARENT_EQUITY":317614734.16,"DEBT_ASSET_RATIO":8.0581304379,"OPERATE_PROFIT":20721500.5,"PRETAX_PROFIT":20714124.66,"NETCASH_OPERATE":9817243.04,"NETCASH_INVEST":-51100741.5,"NETCASH_FINANCE":-22276880.76,"END_CASH":35568144.44,"DIVI_RATIO":0.256109758434,"DIVIDEND_RATE":1.36,"CURRENT_RATIO":7.325461409396,"COMMON_ACS":1500000000,"CURRENTDEBT_DEBT":77.931417737243,"ISSUED_COMMON_SHARES":956675000,"HK_COMMON_SHARES":956675000,"PER_SHARES":2000,"TOTAL_MARKET_CAP":478337500,"HKSK_MARKET_CAP":478337500,"PE_TTM":23.402030332681,"PB_TTM":1.78224784828,"REPORT_DATE_SQ":"2022-06-30 00:00:00","REPORT_TYPE_SQ":"2022年中报","OPERATE_INCOME_SQ":96406423.89,"DPS_HKD":0.0068,"OPERATE_INCOME_QOQ_SQ":4.518539082502,"NET_PROFIT_RATIO_SQ":11.8396891716,"HOLDER_PROFIT_SQ":11222658.37,"HOLDER_PROFIT_QOQ_SQ":4.36123541644,"ROE_AVG_SQ":3.57328112598,"PE_TTM_SQ":21.662598373984,"PB_TTM_SQ":1.546915225898,"ROA_SQ":3.256048799793,"START_DATE":"2023-01-01 00:00:00","FISCAL_YEAR":"12-31","CURRENCY":"HKD","IS_CNY_CODE":0,"DPS_HKD_LY":0.0067,"ORG_TYPE":"一般企业","PREMIUM_INCOME":null,"PREMIUM_INCOME_YOY":null,"NET_INTEREST_INCOME":null,"NET_INTEREST_INCOME_YOY":null,"FEE_COMMISSION_INCOME":null,"FEE_COMMISSION_INCOME_YOY":null,"ACCOUNTS_RECE_TDAYS":3.444857565412,"INVENTORY_TDAYS":3.183636961046,"CURRENT_ASSETS_TDAYS":0.721435043,"TOTAL_ASSETS_TDAYS":0.32241672833,"PREMIUM_EXPENSE":null,"LOAN_DEPOSIT":null,"LOAN_EQUITY":null,"LOAN_ASSETS":null,"DEPOSIT_EQUITY":null,"DEPOSIT_ASSETS":null,"EQUITY_MULTIPLIER":1.087643752256,"EQUITY_RATIO":0.088800320472},{"SECUCODE":"06898.HK","SECURITY_CODE":"06898","SECURITY_NAME_ABBR":"中国铝罐","ORG_CODE":"10312572","STD_REPORT_DATE":"2022-12-31 00:00:00","REPORT_DATE":"2022-12-31 00:00:00","DATE_TYPE_CODE":"001","REPORT_TYPE":"2022年年报","PER_NETCASH_OPERATE":0.036531764889,"PER_OI":0.208526246034,"BPS":0.333573680477,"BASIC_EPS":0.02054521,"DILUTED_EPS":0.01339905,"OPERATE_INCOME":188045840.78,"OPERATE_INCOME_YOY":0.7726184777,"GROSS_PROFIT":48650164.01,"GROSS_PROFIT_YOY":5.102226012275,"HOLDER_PROFIT":18323647.51,"HOLDER_PROFIT_YOY":13.3565428824,"GROSS_PROFIT_RATIO":25.871438479151,"EPS_TTM":0.020319308383,"OPERATE_INCOME_QOQ":5.339457792872,"NET_PROFIT_RATIO":9.9124048757,"ROE_AVG":5.636229251901,"GROSS_PROFIT_QOQ":8.493559129079,"ROA":5.139254428545,"HOLDER_PROFIT_QOQ":18.672269176298,"ROE_YEARLY":5.636229251901,"ROIC_YEARLY":7.074375262965,"TOTAL_ASSETS":351397232.41,"TOTAL_LIABILITIES":27743179.66,"TAX_EBT":9.678396745011,"OCF_SALES":17.519024862955,"TOTAL_PARENT_EQUITY":319121600.77,"DEBT_ASSET_RATIO":7.8951047707,"OPERATE_PROFIT":20662228.37,"PRETAX_PROFIT":20637216.81,"NETCASH_OPERATE":32943797.6,"NETCASH_INVEST":-9046145.29,"NETCASH_FINANCE":-4986233.14,"END_CASH":100751923.3,"DIVI_RATIO":0.304163108486,"DIVIDEND_RATE":1.36,"CURRENT_RATIO":7.265257517118,"COMMON_ACS":1500000000,"CURRENTDEBT_DEBT":75.706742224226,"ISSUED_COMMON_SHARES":956675000,"HK_COMMON_SHARES":956675000,"PER_SHARES":2000,"TOTAL_MARKET_CAP":478337500,"HKSK_MARKET_CAP":478337500,"PE_TTM":23.402030332681,"PB_TTM":1.78224784828,"REPORT_DATE_SQ":"2021-12-31 00:00:00","REPORT_TYPE_SQ":"2021年年报","OPERATE_INCOME_SQ":170796640,"DPS_HKD":0.0068,"OPERATE_INCOME_QOQ_SQ":11.307192014833,"NET_PROFIT_RATIO_SQ":8.8171373863,"HOLDER_PROFIT_SQ":14795289.6,"HOLDER_PROFIT_QOQ_SQ":-7.746808123863,"ROE_AVG_SQ":5.029125350171,"PE_TTM_SQ":21.662598373984,"PB_TTM_SQ":1.546915225898,"ROA_SQ":4.519785300208,"START_DATE":"2022-01-01 00:00:00","FISCAL_YEAR":"12-31","CURRENCY":"HKD","IS_CNY_CODE":0,"DPS_HKD_LY":0.006,"ORG_TYPE":"一般企业","PREMIUM_INCOME":null,"PREMIUM_INCOME_YOY":null,"NET_INTEREST_INCOME":null,"NET_INTEREST_INCOME_YOY":null,"FEE_COMMISSION_INCOME":null,"FEE_COMMISSION_INCOME_YOY":null,"ACCOUNTS_RECE_TDAYS":7.855586237779,"INVENTORY_TDAYS":5.363775413752,"CURRENT_ASSETS_TDAYS":1.306440852574,"TOTAL_ASSETS_TDAYS":0.527414325925,"PREMIUM_EXPENSE":null,"LOAN_DEPOSIT":null,"LOAN_EQUITY":null,"LOAN_ASSETS":null,"DEPOSIT_EQUITY":null,"DEPOSIT_ASSETS":null,"EQUITY_MULTIPLIER":1.085718622784,"EQUITY_RATIO":0.086936075756},{"SECUCODE":"06898.HK","SECURITY_CODE":"06898","SECURITY_NAME_ABBR":"中国铝罐","ORG_CODE":"10312572","STD_REPORT_DATE":"2022-06-30 00:00:00","REPORT_DATE":"2022-06-30 00:00:00","DATE_TYPE_CODE":"002","REPORT_TYPE":"2022年中报","PER_NETCASH_OPERATE":0.010284641627,"PER_OI":0.106906218101,"BPS":0.32526138281,"BASIC_EPS":0.01282785,"DILUTED_EPS":0.0085519,"OPERATE_INCOME":96406423.89,"OPERATE_INCOME_YOY":5.7643052155,"GROSS_PROFIT":25405984.52,"GROSS_PROFIT_YOY":-5.388252320186,"HOLDER_PROFIT":11222658.37,"HOLDER_PROFIT_YOY":3.2331655129,"GROSS_PROFIT_RATIO":26.352999618561,"EPS_TTM":0.017122204306,"OPERATE_INCOME_QOQ":4.518539082502,"NET_PROFIT_RATIO":11.8396891716,"ROE_AVG":3.57328112598,"GROSS_PROFIT_QOQ":-3.125838200929,"ROA":3.256048799793,"HOLDER_PROFIT_QOQ":4.36123541644,"ROE_YEARLY":7.146562251959,"ROIC_YEARLY":8.700913154968,"TOTAL_ASSETS":343072296.35,"TOTAL_LIABILITIES":27537973.19,"TAX_EBT":9.154641982031,"OCF_SALES":9.620246427336,"TOTAL_PARENT_EQUITY":311169433.4,"DEBT_ASSET_RATIO":8.0268717361,"OPERATE_PROFIT":12579844.9,"PRETAX_PROFIT":12564451.48,"NETCASH_OPERATE":9274535.55,"NETCASH_INVEST":-2935012.08,"NETCASH_FINANCE":-2530507.21,"END_CASH":83101377.87,"DIVI_RATIO":0.360957262837,"DIVIDEND_RATE":1.36,"CURRENT_RATIO":6.73747356434,"COMMON_ACS":1500000000,"CURRENTDEBT_DEBT":76.357877084563,"ISSUED_COMMON_SHARES":956675000,"HK_COMMON_SHARES":956675000,"PER_SHARES":2000,"TOTAL_MARKET_CAP":478337500,"HKSK_MARKET_CAP":478337500,"PE_TTM":23.402030332681,"PB_TTM":1.78224784828,"REPORT_DATE_SQ":"2021-06-30 00:00:00","REPORT_TYPE_SQ":"2021年中报","OPERATE_INCOME_SQ":88688910.96,"DPS_HKD":0.0068,"OPERATE_INCOME_QOQ_SQ":-0.873145613513,"NET_PROFIT_RATIO_SQ":12.1131094786,"HOLDER_PROFIT_SQ":10577400.96,"HOLDER_PROFIT_QOQ_SQ":-12.061949842683,"ROE_AVG_SQ":3.592401471777,"PE_TTM_SQ":21.662598373984,"PB_TTM_SQ":1.546915225898,"ROA_SQ":3.206857710825,"START_DATE":"2022-01-01 00:00:00","FISCAL_YEAR":"12-31","CURRENCY":"HKD","IS_CNY_CODE":0,"DPS_HKD_LY":0.006,"ORG_TYPE":"一般企业","PREMIUM_INCOME":null,"PREMIUM_INCOME_YOY":null,"NET_INTEREST_INCOME":null,"NET_INTEREST_INCOME_YOY":null,"FEE_COMMISSION_INCOME":null,"FEE_COMMISSION_INCOME_YOY":null,"ACCOUNTS_RECE_TDAYS":3.862502569725,"INVENTORY_TDAYS":2.631765806032,"CURRENT_ASSETS_TDAYS":0.711003330138,"TOTAL_ASSETS_TDAYS":0.279705583517,"PREMIUM_EXPENSE":null,"LOAN_DEPOSIT":null,"LOAN_EQUITY":null,"LOAN_ASSETS":null,"DEPOSIT_EQUITY":null,"DEPOSIT_ASSETS":null,"EQUITY_MULTIPLIER":1.087274097202,"EQUITY_RATIO":0.088498323531},{"SECUCODE":"06898.HK","SECURITY_CODE":"06898","SECURITY_NAME_ABBR":"中国铝罐","ORG_CODE":"10312572","STD_REPORT_DATE":"2021-12-31 00:00:00","REPORT_DATE":"2021-12-31 00:00:00","DATE_TYPE_CODE":"001","REPORT_TYPE":"2021年年报","PER_NETCASH_OPERATE":0.026705265668,"PER_OI":0.189398404276,"BPS":0.316764823164,"BASIC_EPS":0.016352,"DILUTED_EPS":0.0106288,"OPERATE_INCOME":170796640,"OPERATE_INCOME_YOY":13.5795219765,"GROSS_PROFIT":46288424,"GROSS_PROFIT_YOY":-15.526917483322,"HOLDER_PROFIT":14795289.6,"HOLDER_PROFIT_YOY":-16.488993493,"GROSS_PROFIT_RATIO":27.101483963619,"EPS_TTM":0.01640667077,"OPERATE_INCOME_QOQ":11.307192014833,"NET_PROFIT_RATIO":8.8171373863,"ROE_AVG":5.029125350171,"GROSS_PROFIT_QOQ":-3.236652402178,"ROA":4.519785300208,"HOLDER_PROFIT_QOQ":-7.746808123863,"ROE_YEARLY":5.029125350171,"ROIC_YEARLY":6.102411659869,"TOTAL_ASSETS":331049510.4,"TOTAL_LIABILITIES":23820776,"TAX_EBT":11.862379175041,"OCF_SALES":14.100047869794,"TOTAL_PARENT_EQUITY":303040987.2,"DEBT_ASSET_RATIO":7.1955327683,"OPERATE_PROFIT":17167147.2,"PRETAX_PROFIT":17086204.8,"NETCASH_OPERATE":24082408,"NETCASH_INVEST":-17222744,"NETCASH_FINANCE":-15643958.4,"END_CASH":77980235.2,"DIVI_RATIO":0.376699458822,"DIVIDEND_RATE":1.36,"CURRENT_RATIO":7.101331707775,"COMMON_ACS":1500000000,"CURRENTDEBT_DEBT":73.197185515703,"ISSUED_COMMON_SHARES":956675000,"HK_COMMON_SHARES":956675000,"PER_SHARES":2000,"TOTAL_MARKET_CAP":478337500,"HKSK_MARKET_CAP":478337500,"PE_TTM":23.402030332681,"PB_TTM":1.78224784828,"REPORT_DATE_SQ":"2020-12-31 00:00:00","REPORT_TYPE_SQ":"2020年年报","OPERATE_INCOME_SQ":154797795.36,"DPS_HKD":0.0068,"OPERATE_INCOME_QOQ_SQ":-5.540147874516,"NET_PROFIT_RATIO_SQ":12.00115265,"HOLDER_PROFIT_SQ":18237497.16,"HOLDER_PROFIT_QOQ_SQ":13.601306566407,"ROE_AVG_SQ":6.534709897662,"PE_TTM_SQ":21.662598373984,"PB_TTM_SQ":1.546915225898,"ROA_SQ":5.800728939264,"START_DATE":"2021-01-01 00:00:00","FISCAL_YEAR":"12-31","CURRENCY":"HKD","IS_CNY_CODE":0,"DPS_HKD_LY":0.008,"ORG_TYPE":"一般企业","PREMIUM_INCOME":null,"PREMIUM_INCOME_YOY":null,"NET_INTEREST_INCOME":null,"NET_INTEREST_INCOME_YOY":null,"FEE_COMMISSION_INCOME":null,"FEE_COMMISSION_INCOME_YOY":null,"ACCOUNTS_RECE_TDAYS":11.241154787849,"INVENTORY_TDAYS":4.815335968379,"CURRENT_ASSETS_TDAYS":1.382340582515,"TOTAL_ASSETS_TDAYS":0.521763455578,"PREMIUM_EXPENSE":null,"LOAN_DEPOSIT":null,"LOAN_EQUITY":null,"LOAN_ASSETS":null,"DEPOSIT_EQUITY":null,"DEPOSIT_ASSETS":null,"EQUITY_MULTIPLIER":1.077534336255,"EQUITY_RATIO":0.078605789336},{"SECUCODE":"06898.HK","SECURITY_CODE":"06898","SECURITY_NAME_ABBR":"中国铝罐","ORG_CODE":"10312572","STD_REPORT_DATE":"2021-06-30 00:00:00","REPORT_DATE":"2021-06-30 00:00:00","DATE_TYPE_CODE":"002","REPORT_TYPE":"2021年中报","PER_NETCASH_OPERATE":0.011493192368,"PER_OI":0.098348177182,"BPS":0.311996840306,"BASIC_EPS":0.01164912,"DILUTED_EPS":0.00748872,"OPERATE_INCOME":88688910.96,"OPERATE_INCOME_YOY":8.1300153186,"GROSS_PROFIT":26852885.76,"GROSS_PROFIT_YOY":-20.583687167296,"HOLDER_PROFIT":10577400.96,"HOLDER_PROFIT_YOY":-9.1221046611,"GROSS_PROFIT_RATIO":30.277613592652,"EPS_TTM":0.017784393619,"OPERATE_INCOME_QOQ":-0.873145613513,"NET_PROFIT_RATIO":12.1131094786,"ROE_AVG":3.592401471777,"GROSS_PROFIT_QOQ":-12.701364086975,"ROA":3.206857710825,"HOLDER_PROFIT_QOQ":-12.061949842683,"ROE_YEARLY":7.184802943554,"ROIC_YEARLY":8.551803938189,"TOTAL_ASSETS":330301644.72,"TOTAL_LIABILITIES":27744043.44,"TAX_EBT":16.955039557471,"OCF_SALES":11.686228151651,"TOTAL_PARENT_EQUITY":298479577.2,"DEBT_ASSET_RATIO":8.39960802,"OPERATE_PROFIT":14097931.44,"PRETAX_PROFIT":12936347.76,"NETCASH_OPERATE":10364388.48,"NETCASH_INVEST":-10333601.52,"NETCASH_FINANCE":-14973279.6,"END_CASH":71677035.36,"DIVI_RATIO":0.347517274544,"DIVIDEND_RATE":1.36,"CURRENT_RATIO":5.67360006209,"COMMON_ACS":1500000000,"CURRENTDEBT_DEBT":77.284587469634,"ISSUED_COMMON_SHARES":956675000,"HK_COMMON_SHARES":956675000,"PER_SHARES":2000,"TOTAL_MARKET_CAP":478337500,"HKSK_MARKET_CAP":478337500,"PE_TTM":23.402030332681,"PB_TTM":1.78224784828,"REPORT_DATE_SQ":"2020-06-30 00:00:00","REPORT_TYPE_SQ":"2020年中报","OPERATE_INCOME_SQ":90040521.12,"DPS_HKD":0.0068,"OPERATE_INCOME_QOQ_SQ":-11.176261627185,"NET_PROFIT_RATIO_SQ":14.4491899405,"HOLDER_PROFIT_SQ":12777198.72,"HOLDER_PROFIT_QOQ_SQ":-54.260232906295,"ROE_AVG_SQ":4.425797959855,"PE_TTM_SQ":21.662598373984,"PB_TTM_SQ":1.546915225898,"ROA_SQ":3.928909985886,"START_DATE":"2021-01-01 00:00:00","FISCAL_YEAR":"12-31","CURRENCY":"HKD","IS_CNY_CODE":0,"DPS_HKD_LY":0.008,"ORG_TYPE":"一般企业","PREMIUM_INCOME":null,"PREMIUM_INCOME_YOY":null,"NET_INTEREST_INCOME":null,"NET_INTEREST_INCOME_YOY":null,"FEE_COMMISSION_INCOME":null,"FEE_COMMISSION_INCOME_YOY":null,"ACCOUNTS_RECE_TDAYS":4.663924562977,"INVENTORY_TDAYS":2.504760781274,"CURRENT_ASSETS_TDAYS":0.717755159074,"TOTAL_ASSETS_TDAYS":0.268887148225,"PREMIUM_EXPENSE":null,"LOAN_DEPOSIT":null,"LOAN_EQUITY":null,"LOAN_ASSETS":null,"DEPOSIT_EQUITY":null,"DEPOSIT_ASSETS":null,"EQUITY_MULTIPLIER":1.09169838511,"EQUITY_RATIO":0.092951228691},{"SECUCODE":"06898.HK","SECURITY_CODE":"06898","SECURITY_NAME_ABBR":"中国铝罐","ORG_CODE":"10312572","STD_REPORT_DATE":"2020-12-31 00:00:00","REPORT_DATE":"2020-12-31 00:00:00","DATE_TYPE_CODE":"001","REPORT_TYPE":"2020年年报","PER_NETCASH_OPERATE":0.049230879156,"PER_OI":0.171657097157,"BPS":0.307035515342,"BASIC_EPS":0.02019936,"DILUTED_EPS":0.01346624,"OPERATE_INCOME":154797795.36,"OPERATE_INCOME_YOY":-10.7000320447,"GROSS_PROFIT":54796655.48,"GROSS_PROFIT_YOY":-14.681021125309,"HOLDER_PROFIT":18237497.16,"HOLDER_PROFIT_YOY":-44.6965443316,"GROSS_PROFIT_RATIO":35.39886039886,"EPS_TTM":0.020223775246,"OPERATE_INCOME_QOQ":-5.540147874516,"NET_PROFIT_RATIO":12.00115265,"ROE_AVG":6.534709897662,"GROSS_PROFIT_QOQ":-1.293607100714,"ROA":5.800728939264,"HOLDER_PROFIT_QOQ":13.601306566407,"ROE_YEARLY":6.534709897662,"ROIC_YEARLY":7.427172985368,"TOTAL_ASSETS":333156460.88,"TOTAL_LIABILITIES":35512158.16,"TAX_EBT":23.186943207127,"OCF_SALES":28.679780779017,"TOTAL_PARENT_EQUITY":293733201.64,"DEBT_ASSET_RATIO":10.6593034595,"OPERATE_PROFIT":27309534.72,"PRETAX_PROFIT":24185367.04,"NETCASH_OPERATE":44395668.36,"NETCASH_INVEST":-10062647.84,"NETCASH_FINANCE":4421134.92,"END_CASH":86287457.72,"DIVI_RATIO":0.305599915194,"DIVIDEND_RATE":1.36,"CURRENT_RATIO":4.170414004812,"COMMON_ACS":1500000000,"CURRENTDEBT_DEBT":85.697018533441,"ISSUED_COMMON_SHARES":956675000,"HK_COMMON_SHARES":956675000,"PER_SHARES":2000,"TOTAL_MARKET_CAP":478337500,"HKSK_MARKET_CAP":478337500,"PE_TTM":23.402030332681,"PB_TTM":1.78224784828,"REPORT_DATE_SQ":"2019-12-31 00:00:00","REPORT_TYPE_SQ":"2019年年报","OPERATE_INCOME_SQ":184496640.36,"DPS_HKD":0.0068,"OPERATE_INCOME_QOQ_SQ":-74.617736047769,"NET_PROFIT_RATIO_SQ":19.509909595,"HOLDER_PROFIT_SQ":35098451.96,"HOLDER_PROFIT_QOQ_SQ":-41.309476113706,"ROE_AVG_SQ":8.718280196741,"PE_TTM_SQ":21.662598373984,"PB_TTM_SQ":1.546915225898,"ROA_SQ":6.720541457947,"START_DATE":"2020-01-01 00:00:00","FISCAL_YEAR":"12-31","CURRENCY":"HKD","IS_CNY_CODE":0,"DPS_HKD_LY":0.006,"ORG_TYPE":"一般企业","PREMIUM_INCOME":null,"PREMIUM_INCOME_YOY":null,"NET_INTEREST_INCOME":null,"NET_INTEREST_INCOME_YOY":null,"FEE_COMMISSION_INCOME":null,"FEE_COMMISSION_INCOME_YOY":null,"ACCOUNTS_RECE_TDAYS":9.587614356087,"INVENTORY_TDAYS":3.790680980714,"CURRENT_ASSETS_TDAYS":1.397205952734,"TOTAL_ASSETS_TDAYS":0.492359254892,"PREMIUM_EXPENSE":null,"LOAN_DEPOSIT":null,"LOAN_EQUITY":null,"LOAN_ASSETS":null,"DEPOSIT_EQUITY":null,"DEPOSIT_ASSETS":null,"EQUITY_MULTIPLIER":1.119310727051,"EQUITY_RATIO":0.120899367051},{"SECUCODE":"06898.HK","SECURITY_CODE":"06898","SECURITY_NAME_ABBR":"中国铝罐","ORG_CODE":"10312572","STD_REPORT_DATE":"2020-06-30 00:00:00","REPORT_DATE":"2020-06-30 00:00:00","DATE_TYPE_CODE":"002","REPORT_TYPE":"2020年中报","PER_NETCASH_OPERATE":0.023993139473,"PER_OI":0.099846993596,"BPS":0.303548426623,"BASIC_EPS":0.01461504,"DILUTED_EPS":0.0091344,"OPERATE_INCOME":90040521.12,"OPERATE_INCOME_YOY":-21.6424613868,"GROSS_PROFIT":33812808.48,"GROSS_PROFIT_YOY":-20.484687454606,"HOLDER_PROFIT":12777198.72,"HOLDER_PROFIT_YOY":-61.3324118867,"GROSS_PROFIT_RATIO":37.552879591775,"EPS_TTM":0.017802414301,"OPERATE_INCOME_QOQ":-11.176261627185,"NET_PROFIT_RATIO":14.4491899405,"ROE_AVG":4.425797959855,"GROSS_PROFIT_QOQ":-13.562864198932,"ROA":3.928909985886,"HOLDER_PROFIT_QOQ":-54.260232906295,"ROE_YEARLY":8.85159591971,"ROIC_YEARLY":9.695843846175,"TOTAL_ASSETS":329554536.96,"TOTAL_LIABILITIES":35092537.92,"TAX_EBT":24.604308930178,"OCF_SALES":24.029906769602,"TOTAL_PARENT_EQUITY":290397191.04,"DEBT_ASSET_RATIO":10.6484766508,"OPERATE_PROFIT":18404902.56,"PRETAX_PROFIT":17255795.04,"NETCASH_OPERATE":21636653.28,"NETCASH_INVEST":-4076682.72,"NETCASH_FINANCE":5989426.08,"END_CASH":67682250.24,"DIVI_RATIO":0.347165496526,"DIVIDEND_RATE":1.36,"CURRENT_RATIO":3.781204322031,"COMMON_ACS":1500000000,"CURRENTDEBT_DEBT":90.819407569369,"ISSUED_COMMON_SHARES":956675000,"HK_COMMON_SHARES":956675000,"PER_SHARES":2000,"TOTAL_MARKET_CAP":478337500,"HKSK_MARKET_CAP":478337500,"PE_TTM":23.402030332681,"PB_TTM":1.78224784828,"REPORT_DATE_SQ":"2019-06-30 00:00:00","REPORT_TYPE_SQ":"2019年中报","OPERATE_INCOME_SQ":110660348.34,"DPS_HKD":0.0068,"OPERATE_INCOME_QOQ_SQ":-3.711399488236,"NET_PROFIT_RATIO_SQ":29.4708225026,"HOLDER_PROFIT_SQ":31821700.5,"HOLDER_PROFIT_QOQ_SQ":-14.118994668293,"ROE_AVG_SQ":7.822323516597,"PE_TTM_SQ":21.662598373984,"PB_TTM_SQ":1.546915225898,"ROA_SQ":6.052894011191,"START_DATE":"2020-01-01 00:00:00","FISCAL_YEAR":"12-31","CURRENCY":"HKD","IS_CNY_CODE":0,"DPS_HKD_LY":0.006,"ORG_TYPE":"一般企业","PREMIUM_INCOME":null,"PREMIUM_INCOME_YOY":null,"NET_INTEREST_INCOME":null,"NET_INTEREST_INCOME_YOY":null,"FEE_COMMISSION_INCOME":null,"FEE_COMMISSION_INCOME_YOY":null,"ACCOUNTS_RECE_TDAYS":4.356143800959,"INVENTORY_TDAYS":1.984877065699,"CURRENT_ASSETS_TDAYS":0.806633225044,"TOTAL_ASSETS_TDAYS":0.276869062081,"PREMIUM_EXPENSE":null,"LOAN_DEPOSIT":null,"LOAN_EQUITY":null,"LOAN_ASSETS":null,"DEPOSIT_EQUITY":null,"DEPOSIT_ASSETS":null,"EQUITY_MULTIPLIER":1.11917509911,"EQUITY_RATIO":0.120843241611}],"count":27},"success":true,"message":"ok","code":0}