{"version":"311aa7f47dbc6bbf2adbbb744217eba1","result":{"pages":3,"data":[{"SECUCODE":"06896.HK","SECURITY_CODE":"06896","SECURITY_NAME_ABBR":"金嗓子","ORG_CODE":"10443201","STD_REPORT_DATE":"2024-06-30 00:00:00","REPORT_DATE":"2024-06-30 00:00:00","DATE_TYPE_CODE":"002","REPORT_TYPE":"2024年中报","PER_NETCASH_OPERATE":0.321631755358,"PER_OI":0.709475965167,"BPS":1.734826904296,"BASIC_EPS":0.1815,"DILUTED_EPS":0.1815,"OPERATE_INCOME":524517000,"OPERATE_INCOME_YOY":9.3547963398,"GROSS_PROFIT":391830000,"GROSS_PROFIT_YOY":8.204761418208,"HOLDER_PROFIT":134196000,"HOLDER_PROFIT_YOY":9.8670421797,"GROSS_PROFIT_RATIO":74.703012485773,"EPS_TTM":0.354677790673,"OPERATE_INCOME_QOQ":4.667263726925,"NET_PROFIT_RATIO":25.5846807634,"ROE_AVG":9.472904004574,"GROSS_PROFIT_QOQ":4.258304561005,"ROA":6.138110224443,"HOLDER_PROFIT_QOQ":4.817678144562,"ROE_YEARLY":18.945808009149,"ROIC_YEARLY":22.840880948997,"TOTAL_ASSETS":2073514000,"TOTAL_LIABILITIES":790953000,"TAX_EBT":21.058854672196,"OCF_SALES":45.33370701045,"TOTAL_PARENT_EQUITY":1282561000,"DEBT_ASSET_RATIO":38.1455345852,"OPERATE_PROFIT":176169000,"PRETAX_PROFIT":169995000,"NETCASH_OPERATE":237783000,"NETCASH_INVEST":-29417000,"NETCASH_FINANCE":-247808000,"END_CASH":939076000,"DIVI_RATIO":1.533030864347,"DIVIDEND_RATE":18.867924528302,"CURRENT_RATIO":2.037790217209,"COMMON_ACS":2000000000,"CURRENTDEBT_DEBT":98.677544683439,"ISSUED_COMMON_SHARES":739302000,"HK_COMMON_SHARES":739302000,"PER_SHARES":500,"TOTAL_MARKET_CAP":2350980360,"HKSK_MARKET_CAP":2350980360,"PE_TTM":8.089952238358,"PB_TTM":1.67297520739,"REPORT_DATE_SQ":"2023-06-30 00:00:00","REPORT_TYPE_SQ":"2023年中报","OPERATE_INCOME_SQ":479647000,"DPS_HKD":0.6,"OPERATE_INCOME_QOQ_SQ":16.888370527029,"NET_PROFIT_RATIO_SQ":25.4653943421,"HOLDER_PROFIT_SQ":122144000,"HOLDER_PROFIT_QOQ_SQ":23.260246499157,"ROE_AVG_SQ":8.230772133543,"PE_TTM_SQ":6.501103346869,"PB_TTM_SQ":1.598065436303,"ROA_SQ":5.74056719496,"START_DATE":"2024-01-01 00:00:00","FISCAL_YEAR":"12-31","CURRENCY":"HKD","IS_CNY_CODE":0,"DPS_HKD_LY":0.6,"ORG_TYPE":"一般企业","PREMIUM_INCOME":null,"PREMIUM_INCOME_YOY":null,"NET_INTEREST_INCOME":null,"NET_INTEREST_INCOME_YOY":null,"FEE_COMMISSION_INCOME":null,"FEE_COMMISSION_INCOME_YOY":null,"ACCOUNTS_RECE_TDAYS":1.503549494414,"INVENTORY_TDAYS":1.760720280787,"CURRENT_ASSETS_TDAYS":0.307805025187,"TOTAL_ASSETS_TDAYS":0.239913496721,"PREMIUM_EXPENSE":null,"LOAN_DEPOSIT":null,"LOAN_EQUITY":null,"LOAN_ASSETS":null,"DEPOSIT_EQUITY":null,"DEPOSIT_ASSETS":null,"EQUITY_MULTIPLIER":1.616698153147,"EQUITY_RATIO":0.616698153148},{"SECUCODE":"06896.HK","SECURITY_CODE":"06896","SECURITY_NAME_ABBR":"金嗓子","ORG_CODE":"10443201","STD_REPORT_DATE":"2023-12-31 00:00:00","REPORT_DATE":"2023-12-31 00:00:00","DATE_TYPE_CODE":"001","REPORT_TYPE":"2023年年报","PER_NETCASH_OPERATE":0.323058777063,"PER_OI":1.300384687178,"BPS":2.097517658548,"BASIC_EPS":0.3384,"DILUTED_EPS":0.3384,"OPERATE_INCOME":961377000,"OPERATE_INCOME_YOY":-3.0883636723,"GROSS_PROFIT":697719000,"GROSS_PROFIT_YOY":-3.218248904178,"HOLDER_PROFIT":250162000,"HOLDER_PROFIT_YOY":-11.0433898257,"GROSS_PROFIT_RATIO":72.574962787751,"EPS_TTM":0.338375927564,"OPERATE_INCOME_QOQ":-17.09043774778,"NET_PROFIT_RATIO":26.0212174828,"ROE_AVG":16.192710878662,"GROSS_PROFIT_QOQ":-18.48810475109,"ROA":10.880565910167,"HOLDER_PROFIT_QOQ":-27.830251276577,"ROE_YEARLY":16.192710878662,"ROIC_YEARLY":18.734432407254,"TOTAL_ASSETS":2299037000,"TOTAL_LIABILITIES":748338000,"TAX_EBT":30.707077981613,"OCF_SALES":24.843323690914,"TOTAL_PARENT_EQUITY":1550699000,"DEBT_ASSET_RATIO":32.5500633526,"OPERATE_PROFIT":371720000,"PRETAX_PROFIT":361021000,"NETCASH_OPERATE":238838000,"NETCASH_INVEST":-59666000,"NETCASH_FINANCE":-79383000,"END_CASH":986488000,"DIVI_RATIO":1.606887357249,"DIVIDEND_RATE":19.354838709677,"CURRENT_RATIO":2.571306709672,"COMMON_ACS":2000000000,"CURRENTDEBT_DEBT":94.461326299079,"ISSUED_COMMON_SHARES":739302000,"HK_COMMON_SHARES":739302000,"PER_SHARES":500,"TOTAL_MARKET_CAP":2291836200,"HKSK_MARKET_CAP":2291836200,"PE_TTM":7.88643142733,"PB_TTM":1.630887780789,"REPORT_DATE_SQ":"2022-12-31 00:00:00","REPORT_TYPE_SQ":"2022年年报","OPERATE_INCOME_SQ":992014000,"DPS_HKD":0.6,"OPERATE_INCOME_QOQ_SQ":30.637308804067,"NET_PROFIT_RATIO_SQ":28.3481886344,"HOLDER_PROFIT_SQ":281218000,"HOLDER_PROFIT_QOQ_SQ":72.670448963552,"ROE_AVG_SQ":19.365937001378,"PE_TTM_SQ":6.171196609864,"PB_TTM_SQ":1.516969578341,"ROA_SQ":13.226104646501,"START_DATE":"2023-01-01 00:00:00","FISCAL_YEAR":"12-31","CURRENCY":"HKD","IS_CNY_CODE":0,"DPS_HKD_LY":0.36,"ORG_TYPE":"一般企业","PREMIUM_INCOME":null,"PREMIUM_INCOME_YOY":null,"NET_INTEREST_INCOME":null,"NET_INTEREST_INCOME_YOY":null,"FEE_COMMISSION_INCOME":null,"FEE_COMMISSION_INCOME_YOY":null,"ACCOUNTS_RECE_TDAYS":1.851721946146,"INVENTORY_TDAYS":4.815363401426,"CURRENT_ASSETS_TDAYS":0.532281773924,"TOTAL_ASSETS_TDAYS":0.418142076455,"PREMIUM_EXPENSE":null,"LOAN_DEPOSIT":null,"LOAN_EQUITY":null,"LOAN_ASSETS":null,"DEPOSIT_EQUITY":null,"DEPOSIT_ASSETS":null,"EQUITY_MULTIPLIER":1.482581081177,"EQUITY_RATIO":0.482581081177},{"SECUCODE":"06896.HK","SECURITY_CODE":"06896","SECURITY_NAME_ABBR":"金嗓子","ORG_CODE":"10443201","STD_REPORT_DATE":"2023-06-30 00:00:00","REPORT_DATE":"2023-06-30 00:00:00","DATE_TYPE_CODE":"002","REPORT_TYPE":"2023年中报","PER_NETCASH_OPERATE":0.347936296669,"PER_OI":0.648783582352,"BPS":1.932732496328,"BASIC_EPS":0.1652,"DILUTED_EPS":0.1652,"OPERATE_INCOME":479647000,"OPERATE_INCOME_YOY":53.6778464141,"GROSS_PROFIT":362119000,"GROSS_PROFIT_YOY":59.476718325428,"HOLDER_PROFIT":122144000,"HOLDER_PROFIT_YOY":115.3000070507,"GROSS_PROFIT_RATIO":75.49698007076,"EPS_TTM":0.468861169049,"OPERATE_INCOME_QOQ":16.888370527029,"NET_PROFIT_RATIO":25.4653943421,"ROE_AVG":8.230772133543,"GROSS_PROFIT_QOQ":18.733285246629,"ROA":5.74056719496,"HOLDER_PROFIT_QOQ":23.260246499157,"ROE_YEARLY":16.461544267085,"ROIC_YEARLY":19.828611665202,"TOTAL_ASSETS":1956178000,"TOTAL_LIABILITIES":527305000,"TAX_EBT":21.287304175232,"OCF_SALES":53.629023010672,"TOTAL_PARENT_EQUITY":1428873000,"DEBT_ASSET_RATIO":26.9558802931,"OPERATE_PROFIT":161820000,"PRETAX_PROFIT":155177000,"NETCASH_OPERATE":257230000,"NETCASH_INVEST":-37979000,"NETCASH_FINANCE":-264952000,"END_CASH":842603000,"DIVI_RATIO":1.159686567995,"DIVIDEND_RATE":19.354838709677,"CURRENT_RATIO":2.78300218948,"COMMON_ACS":2000000000,"CURRENTDEBT_DEBT":99.868008078816,"ISSUED_COMMON_SHARES":739302000,"HK_COMMON_SHARES":739302000,"PER_SHARES":500,"TOTAL_MARKET_CAP":2291836200,"HKSK_MARKET_CAP":2291836200,"PE_TTM":7.88643142733,"PB_TTM":1.630887780789,"REPORT_DATE_SQ":"2022-06-30 00:00:00","REPORT_TYPE_SQ":"2022年中报","OPERATE_INCOME_SQ":312112000,"DPS_HKD":0.6,"OPERATE_INCOME_QOQ_SQ":-7.455794516558,"NET_PROFIT_RATIO_SQ":18.1768083252,"HOLDER_PROFIT_SQ":56732000,"HOLDER_PROFIT_QOQ_SQ":-13.205395351812,"ROE_AVG_SQ":4.234731561596,"PE_TTM_SQ":6.171196609864,"PB_TTM_SQ":1.516969578341,"ROA_SQ":3.003436386093,"START_DATE":"2023-01-01 00:00:00","FISCAL_YEAR":"12-31","CURRENCY":"HKD","IS_CNY_CODE":0,"DPS_HKD_LY":0.36,"ORG_TYPE":"一般企业","PREMIUM_INCOME":null,"PREMIUM_INCOME_YOY":null,"NET_INTEREST_INCOME":null,"NET_INTEREST_INCOME_YOY":null,"FEE_COMMISSION_INCOME":null,"FEE_COMMISSION_INCOME_YOY":null,"ACCOUNTS_RECE_TDAYS":1.1489472808,"INVENTORY_TDAYS":1.787022465503,"CURRENT_ASSETS_TDAYS":0.294243099139,"TOTAL_ASSETS_TDAYS":0.225426204591,"PREMIUM_EXPENSE":null,"LOAN_DEPOSIT":null,"LOAN_EQUITY":null,"LOAN_ASSETS":null,"DEPOSIT_EQUITY":null,"DEPOSIT_ASSETS":null,"EQUITY_MULTIPLIER":1.369035596586,"EQUITY_RATIO":0.369035596586},{"SECUCODE":"06896.HK","SECURITY_CODE":"06896","SECURITY_NAME_ABBR":"金嗓子","ORG_CODE":"10443201","STD_REPORT_DATE":"2022-12-31 00:00:00","REPORT_DATE":"2022-12-31 00:00:00","DATE_TYPE_CODE":"001","REPORT_TYPE":"2022年年报","PER_NETCASH_OPERATE":0.366759456893,"PER_OI":1.341825126944,"BPS":2.081843414464,"BASIC_EPS":0.3804,"DILUTED_EPS":0.3804,"OPERATE_INCOME":992014000,"OPERATE_INCOME_YOY":20.8972594977,"GROSS_PROFIT":720920000,"GROSS_PROFIT_YOY":24.783638201532,"HOLDER_PROFIT":281218000,"HOLDER_PROFIT_YOY":49.8686335222,"GROSS_PROFIT_RATIO":72.67236147877,"EPS_TTM":0.38038311813,"OPERATE_INCOME_QOQ":30.637308804067,"NET_PROFIT_RATIO":28.3481886344,"ROE_AVG":19.365937001378,"GROSS_PROFIT_QOQ":36.229041358889,"ROA":13.226104646501,"HOLDER_PROFIT_QOQ":72.670448963552,"ROE_YEARLY":19.365937001378,"ROIC_YEARLY":21.35199108619,"TOTAL_ASSETS":2299290000,"TOTAL_LIABILITIES":760179000,"TAX_EBT":25.20658629283,"OCF_SALES":27.332880382737,"TOTAL_PARENT_EQUITY":1539111000,"DEBT_ASSET_RATIO":33.0614668006,"OPERATE_PROFIT":386287000,"PRETAX_PROFIT":375993000,"NETCASH_OPERATE":271146000,"NETCASH_INVEST":36585000,"NETCASH_FINANCE":-142008000,"END_CASH":885515000,"DIVI_RATIO":1.429432522328,"DIVIDEND_RATE":19.354838709677,"CURRENT_RATIO":2.443037026953,"COMMON_ACS":2000000000,"CURRENTDEBT_DEBT":96.635134619609,"ISSUED_COMMON_SHARES":739302000,"HK_COMMON_SHARES":739302000,"PER_SHARES":500,"TOTAL_MARKET_CAP":2291836200,"HKSK_MARKET_CAP":2291836200,"PE_TTM":7.88643142733,"PB_TTM":1.630887780789,"REPORT_DATE_SQ":"2021-12-31 00:00:00","REPORT_TYPE_SQ":"2021年年报","OPERATE_INCOME_SQ":820543000,"DPS_HKD":0.6,"OPERATE_INCOME_QOQ_SQ":0.518429863128,"NET_PROFIT_RATIO_SQ":22.8681495059,"HOLDER_PROFIT_SQ":187643000,"HOLDER_PROFIT_QOQ_SQ":-14.600978495847,"ROE_AVG_SQ":14.515110317793,"PE_TTM_SQ":6.171196609864,"PB_TTM_SQ":1.516969578341,"ROA_SQ":10.31496588898,"START_DATE":"2022-01-01 00:00:00","FISCAL_YEAR":"12-31","CURRENCY":"HKD","IS_CNY_CODE":0,"DPS_HKD_LY":0.18,"ORG_TYPE":"一般企业","PREMIUM_INCOME":null,"PREMIUM_INCOME_YOY":null,"NET_INTEREST_INCOME":null,"NET_INTEREST_INCOME_YOY":null,"FEE_COMMISSION_INCOME":null,"FEE_COMMISSION_INCOME_YOY":null,"ACCOUNTS_RECE_TDAYS":1.917548510683,"INVENTORY_TDAYS":4.873118163597,"CURRENT_ASSETS_TDAYS":0.6143351727,"TOTAL_ASSETS_TDAYS":0.46655907427,"PREMIUM_EXPENSE":null,"LOAN_DEPOSIT":null,"LOAN_EQUITY":null,"LOAN_ASSETS":null,"DEPOSIT_EQUITY":null,"DEPOSIT_ASSETS":null,"EQUITY_MULTIPLIER":1.493907846802,"EQUITY_RATIO":0.493907846802},{"SECUCODE":"06896.HK","SECURITY_CODE":"06896","SECURITY_NAME_ABBR":"金嗓子","ORG_CODE":"10443201","STD_REPORT_DATE":"2022-06-30 00:00:00","REPORT_DATE":"2022-06-30 00:00:00","DATE_TYPE_CODE":"002","REPORT_TYPE":"2022年中报","PER_NETCASH_OPERATE":0.168978306565,"PER_OI":0.422171183089,"BPS":1.777655139578,"BASIC_EPS":0.0767,"DILUTED_EPS":0.0767,"OPERATE_INCOME":312112000,"OPERATE_INCOME_YOY":-16.3888665649,"GROSS_PROFIT":227067000,"GROSS_PROFIT_YOY":-17.611735593565,"HOLDER_PROFIT":56732000,"HOLDER_PROFIT_YOY":-30.3995779711,"GROSS_PROFIT_RATIO":72.751768595889,"EPS_TTM":0.220294277575,"OPERATE_INCOME_QOQ":-7.455794516558,"NET_PROFIT_RATIO":18.1768083252,"ROE_AVG":4.234731561596,"GROSS_PROFIT_QOQ":-8.40158826869,"ROA":3.003436386093,"HOLDER_PROFIT_QOQ":-13.205395351812,"ROE_YEARLY":8.469463123193,"ROIC_YEARLY":10.20640571956,"TOTAL_ASSETS":1824627000,"TOTAL_LIABILITIES":510403000,"TAX_EBT":24.996364309417,"OCF_SALES":40.02601630184,"TOTAL_PARENT_EQUITY":1314224000,"DEBT_ASSET_RATIO":27.9730048936,"OPERATE_PROFIT":80189000,"PRETAX_PROFIT":75639000,"NETCASH_OPERATE":124926000,"NETCASH_INVEST":-22679000,"NETCASH_FINANCE":-48663000,"END_CASH":766579000,"DIVI_RATIO":2.468207553935,"DIVIDEND_RATE":19.354838709677,"CURRENT_RATIO":2.589730955349,"COMMON_ACS":2000000000,"CURRENTDEBT_DEBT":99.802508997792,"ISSUED_COMMON_SHARES":739302000,"HK_COMMON_SHARES":739302000,"PER_SHARES":500,"TOTAL_MARKET_CAP":2291836200,"HKSK_MARKET_CAP":2291836200,"PE_TTM":7.88643142733,"PB_TTM":1.630887780789,"REPORT_DATE_SQ":"2021-06-30 00:00:00","REPORT_TYPE_SQ":"2021年中报","OPERATE_INCOME_SQ":373290000,"DPS_HKD":0.6,"OPERATE_INCOME_QOQ_SQ":26.180130800181,"NET_PROFIT_RATIO_SQ":21.8358380883,"HOLDER_PROFIT_SQ":81511000,"HOLDER_PROFIT_QOQ_SQ":42.630410510737,"ROE_AVG_SQ":6.570812921553,"PE_TTM_SQ":6.171196609864,"PB_TTM_SQ":1.516969578341,"ROA_SQ":4.724796035185,"START_DATE":"2022-01-01 00:00:00","FISCAL_YEAR":"12-31","CURRENCY":"HKD","IS_CNY_CODE":0,"DPS_HKD_LY":0.18,"ORG_TYPE":"一般企业","PREMIUM_INCOME":null,"PREMIUM_INCOME_YOY":null,"NET_INTEREST_INCOME":null,"NET_INTEREST_INCOME_YOY":null,"FEE_COMMISSION_INCOME":null,"FEE_COMMISSION_INCOME_YOY":null,"ACCOUNTS_RECE_TDAYS":1.032425378627,"INVENTORY_TDAYS":0.979995621161,"CURRENT_ASSETS_TDAYS":0.226653120772,"TOTAL_ASSETS_TDAYS":0.165234530307,"PREMIUM_EXPENSE":null,"LOAN_DEPOSIT":null,"LOAN_EQUITY":null,"LOAN_ASSETS":null,"DEPOSIT_EQUITY":null,"DEPOSIT_ASSETS":null,"EQUITY_MULTIPLIER":1.388368345122,"EQUITY_RATIO":0.388368345122},{"SECUCODE":"06896.HK","SECURITY_CODE":"06896","SECURITY_NAME_ABBR":"金嗓子","ORG_CODE":"10443201","STD_REPORT_DATE":"2021-12-31 00:00:00","REPORT_DATE":"2021-12-31 00:00:00","DATE_TYPE_CODE":"001","REPORT_TYPE":"2021年年报","PER_NETCASH_OPERATE":0.223033347671,"PER_OI":1.109888786991,"BPS":1.846529564373,"BASIC_EPS":0.2538,"DILUTED_EPS":0.2538,"OPERATE_INCOME":820543000,"OPERATE_INCOME_YOY":26.8342862796,"GROSS_PROFIT":577736000,"GROSS_PROFIT_YOY":21.464207399247,"HOLDER_PROFIT":187643000,"HOLDER_PROFIT_YOY":21.8049749435,"GROSS_PROFIT_RATIO":70.408985269511,"EPS_TTM":0.253811027158,"OPERATE_INCOME_QOQ":0.518429863128,"NET_PROFIT_RATIO":22.8681495059,"ROE_AVG":14.515110317793,"GROSS_PROFIT_QOQ":-3.539932346921,"ROA":10.31496588898,"HOLDER_PROFIT_QOQ":-14.600978495847,"ROE_YEARLY":14.515110317793,"ROIC_YEARLY":16.982104547238,"TOTAL_ASSETS":1953179000,"TOTAL_LIABILITIES":588036000,"TAX_EBT":20.774592880636,"OCF_SALES":20.095107751818,"TOTAL_PARENT_EQUITY":1365143000,"DEBT_ASSET_RATIO":30.1066108124,"OPERATE_PROFIT":244822000,"PRETAX_PROFIT":236847000,"NETCASH_OPERATE":164889000,"NETCASH_INVEST":-145113000,"NETCASH_FINANCE":-10207000,"END_CASH":712839000,"DIVI_RATIO":2.142270988334,"DIVIDEND_RATE":19.354838709677,"CURRENT_RATIO":2.477302155665,"COMMON_ACS":2000000000,"CURRENTDEBT_DEBT":98.500431946343,"ISSUED_COMMON_SHARES":739302000,"HK_COMMON_SHARES":739302000,"PER_SHARES":500,"TOTAL_MARKET_CAP":2291836200,"HKSK_MARKET_CAP":2291836200,"PE_TTM":7.88643142733,"PB_TTM":1.630887780789,"REPORT_DATE_SQ":"2020-12-31 00:00:00","REPORT_TYPE_SQ":"2020年年报","OPERATE_INCOME_SQ":646941000,"DPS_HKD":0.6,"OPERATE_INCOME_QOQ_SQ":0.079359186174,"NET_PROFIT_RATIO_SQ":23.8123723802,"HOLDER_PROFIT_SQ":154052000,"HOLDER_PROFIT_QOQ_SQ":11.618942731278,"ROE_AVG_SQ":12.975690164251,"PE_TTM_SQ":6.171196609864,"PB_TTM_SQ":1.516969578341,"ROA_SQ":9.302541846553,"START_DATE":"2021-01-01 00:00:00","FISCAL_YEAR":"12-31","CURRENCY":"HKD","IS_CNY_CODE":0,"DPS_HKD_LY":0.06,"ORG_TYPE":"一般企业","PREMIUM_INCOME":null,"PREMIUM_INCOME_YOY":null,"NET_INTEREST_INCOME":null,"NET_INTEREST_INCOME_YOY":null,"FEE_COMMISSION_INCOME":null,"FEE_COMMISSION_INCOME_YOY":null,"ACCOUNTS_RECE_TDAYS":2.103853914809,"INVENTORY_TDAYS":4.678091825135,"CURRENT_ASSETS_TDAYS":0.633353479171,"TOTAL_ASSETS_TDAYS":0.451062552583,"PREMIUM_EXPENSE":null,"LOAN_DEPOSIT":null,"LOAN_EQUITY":null,"LOAN_ASSETS":null,"DEPOSIT_EQUITY":null,"DEPOSIT_ASSETS":null,"EQUITY_MULTIPLIER":1.430750478155,"EQUITY_RATIO":0.430750478155},{"SECUCODE":"06896.HK","SECURITY_CODE":"06896","SECURITY_NAME_ABBR":"金嗓子","ORG_CODE":"10443201","STD_REPORT_DATE":"2021-06-30 00:00:00","REPORT_DATE":"2021-06-30 00:00:00","DATE_TYPE_CODE":"002","REPORT_TYPE":"2021年中报","PER_NETCASH_OPERATE":0.140546082656,"PER_OI":0.504922210409,"BPS":1.705203015818,"BASIC_EPS":0.11,"DILUTED_EPS":0.11,"OPERATE_INCOME":373290000,"OPERATE_INCOME_YOY":83.0570812083,"GROSS_PROFIT":275606000,"GROSS_PROFIT_YOY":80.94950463197,"HOLDER_PROFIT":81511000,"HOLDER_PROFIT_YOY":414.6546281096,"GROSS_PROFIT_RATIO":73.831605454205,"EPS_TTM":0.29720601324,"OPERATE_INCOME_QOQ":26.180130800181,"NET_PROFIT_RATIO":21.8358380883,"ROE_AVG":6.570812921553,"GROSS_PROFIT_QOQ":25.921752238549,"ROA":4.724796035185,"HOLDER_PROFIT_QOQ":42.630410510737,"ROE_YEARLY":13.141625843107,"ROIC_YEARLY":15.546759629465,"TOTAL_ASSETS":1765262000,"TOTAL_LIABILITIES":504602000,"TAX_EBT":16.501741446425,"OCF_SALES":27.835195156581,"TOTAL_PARENT_EQUITY":1260660000,"DEBT_ASSET_RATIO":28.5851052138,"OPERATE_PROFIT":101149000,"PRETAX_PROFIT":97620000,"NETCASH_OPERATE":103906000,"NETCASH_INVEST":-165864000,"NETCASH_FINANCE":4897000,"END_CASH":647630000,"DIVI_RATIO":1.829478462005,"DIVIDEND_RATE":19.354838709677,"CURRENT_RATIO":2.447251769528,"COMMON_ACS":2000000000,"CURRENTDEBT_DEBT":99.786366284716,"ISSUED_COMMON_SHARES":739302000,"HK_COMMON_SHARES":739302000,"PER_SHARES":500,"TOTAL_MARKET_CAP":2291836200,"HKSK_MARKET_CAP":2291836200,"PE_TTM":7.88643142733,"PB_TTM":1.630887780789,"REPORT_DATE_SQ":"2020-06-30 00:00:00","REPORT_TYPE_SQ":"2020年中报","OPERATE_INCOME_SQ":203920000,"DPS_HKD":0.6,"OPERATE_INCOME_QOQ_SQ":-18.905472012686,"NET_PROFIT_RATIO_SQ":7.7667712829,"HOLDER_PROFIT_SQ":15838000,"HOLDER_PROFIT_QOQ_SQ":-17.657938226749,"ROE_AVG_SQ":1.408986984796,"PE_TTM_SQ":6.171196609864,"PB_TTM_SQ":1.516969578341,"ROA_SQ":1.003999388903,"START_DATE":"2021-01-01 00:00:00","FISCAL_YEAR":"12-31","CURRENCY":"HKD","IS_CNY_CODE":0,"DPS_HKD_LY":0.06,"ORG_TYPE":"一般企业","PREMIUM_INCOME":null,"PREMIUM_INCOME_YOY":null,"NET_INTEREST_INCOME":null,"NET_INTEREST_INCOME_YOY":null,"FEE_COMMISSION_INCOME":null,"FEE_COMMISSION_INCOME_YOY":null,"ACCOUNTS_RECE_TDAYS":1.139860300011,"INVENTORY_TDAYS":1.795117289793,"CURRENT_ASSETS_TDAYS":0.312578240857,"TOTAL_ASSETS_TDAYS":0.216378048604,"PREMIUM_EXPENSE":null,"LOAN_DEPOSIT":null,"LOAN_EQUITY":null,"LOAN_ASSETS":null,"DEPOSIT_EQUITY":null,"DEPOSIT_ASSETS":null,"EQUITY_MULTIPLIER":1.400268113527,"EQUITY_RATIO":0.400268113528},{"SECUCODE":"06896.HK","SECURITY_CODE":"06896","SECURITY_NAME_ABBR":"金嗓子","ORG_CODE":"10443201","STD_REPORT_DATE":"2020-12-31 00:00:00","REPORT_DATE":"2020-12-31 00:00:00","DATE_TYPE_CODE":"001","REPORT_TYPE":"2020年年报","PER_NETCASH_OPERATE":0.226897803604,"PER_OI":0.875069998458,"BPS":1.650667792053,"BASIC_EPS":0.2084,"DILUTED_EPS":0.2084,"OPERATE_INCOME":646941000,"OPERATE_INCOME_YOY":-18.8411160552,"GROSS_PROFIT":475643000,"GROSS_PROFIT_YOY":-20.521642359672,"HOLDER_PROFIT":154052000,"HOLDER_PROFIT_YOY":-8.0906612256,"GROSS_PROFIT_RATIO":73.521851297104,"EPS_TTM":0.20837492662,"OPERATE_INCOME_QOQ":0.079359186174,"NET_PROFIT_RATIO":23.8123723802,"ROE_AVG":12.975690164251,"GROSS_PROFIT_QOQ":-2.786163200654,"ROA":9.302541846553,"HOLDER_PROFIT_QOQ":11.618942731278,"ROE_YEARLY":12.975690164251,"ROIC_YEARLY":15.183737595304,"TOTAL_ASSETS":1685088000,"TOTAL_LIABILITIES":464746000,"TAX_EBT":18.871322793676,"OCF_SALES":25.929103272169,"TOTAL_PARENT_EQUITY":1220342000,"DEBT_ASSET_RATIO":27.5799246093,"OPERATE_PROFIT":204895000,"PRETAX_PROFIT":189886000,"NETCASH_OPERATE":167746000,"NETCASH_INVEST":-81261000,"NETCASH_FINANCE":49361000,"END_CASH":705537000,"DIVI_RATIO":2.609392640563,"DIVIDEND_RATE":19.354838709677,"CURRENT_RATIO":2.514331940841,"COMMON_ACS":2000000000,"CURRENTDEBT_DEBT":98.945875811734,"ISSUED_COMMON_SHARES":739302000,"HK_COMMON_SHARES":739302000,"PER_SHARES":500,"TOTAL_MARKET_CAP":2291836200,"HKSK_MARKET_CAP":2291836200,"PE_TTM":7.88643142733,"PB_TTM":1.630887780789,"REPORT_DATE_SQ":"2019-12-31 00:00:00","REPORT_TYPE_SQ":"2019年年报","OPERATE_INCOME_SQ":797129000,"DPS_HKD":0.6,"OPERATE_INCOME_QOQ_SQ":4.965223551596,"NET_PROFIT_RATIO_SQ":21.0270859547,"HOLDER_PROFIT_SQ":167613000,"HOLDER_PROFIT_QOQ_SQ":40.902174735409,"ROE_AVG_SQ":15.159398753969,"PE_TTM_SQ":6.171196609864,"PB_TTM_SQ":1.516969578341,"ROA_SQ":10.768887780959,"START_DATE":"2020-01-01 00:00:00","FISCAL_YEAR":"12-31","CURRENCY":"HKD","IS_CNY_CODE":0,"DPS_HKD_LY":0.12,"ORG_TYPE":"一般企业","PREMIUM_INCOME":null,"PREMIUM_INCOME_YOY":null,"NET_INTEREST_INCOME":null,"NET_INTEREST_INCOME_YOY":null,"FEE_COMMISSION_INCOME":null,"FEE_COMMISSION_INCOME_YOY":null,"ACCOUNTS_RECE_TDAYS":1.657722179373,"INVENTORY_TDAYS":4.547875376671,"CURRENT_ASSETS_TDAYS":0.563534756584,"TOTAL_ASSETS_TDAYS":0.390660019003,"PREMIUM_EXPENSE":null,"LOAN_DEPOSIT":null,"LOAN_EQUITY":null,"LOAN_ASSETS":null,"DEPOSIT_EQUITY":null,"DEPOSIT_ASSETS":null,"EQUITY_MULTIPLIER":1.380832586275,"EQUITY_RATIO":0.380832586275},{"SECUCODE":"06896.HK","SECURITY_CODE":"06896","SECURITY_NAME_ABBR":"金嗓子","ORG_CODE":"10443201","STD_REPORT_DATE":"2020-06-30 00:00:00","REPORT_DATE":"2020-06-30 00:00:00","DATE_TYPE_CODE":"002","REPORT_TYPE":"2020年中报","PER_NETCASH_OPERATE":0.066741331689,"PER_OI":0.27582774022,"BPS":1.479789044261,"BASIC_EPS":0.02,"DILUTED_EPS":0.02,"OPERATE_INCOME":203920000,"OPERATE_INCOME_YOY":-42.4963552638,"GROSS_PROFIT":152311000,"GROSS_PROFIT_YOY":-41.753093784896,"HOLDER_PROFIT":15838000,"HOLDER_PROFIT_YOY":-65.1414108066,"GROSS_PROFIT_RATIO":74.691545704198,"EPS_TTM":0.186684196715,"OPERATE_INCOME_QOQ":-18.905472012686,"NET_PROFIT_RATIO":7.7667712829,"ROE_AVG":1.408986984796,"GROSS_PROFIT_QOQ":-18.243780662237,"ROA":1.003999388903,"HOLDER_PROFIT_QOQ":-17.657938226749,"ROE_YEARLY":2.817973969593,"ROIC_YEARLY":3.346535929621,"TOTAL_ASSETS":1528029000,"TOTAL_LIABILITIES":434018000,"TAX_EBT":30.222927130144,"OCF_SALES":24.196743821106,"TOTAL_PARENT_EQUITY":1094011000,"DEBT_ASSET_RATIO":28.4037802947,"OPERATE_PROFIT":35286000,"PRETAX_PROFIT":22698000,"NETCASH_OPERATE":49342000,"NETCASH_INVEST":-34873000,"NETCASH_FINANCE":93470000,"END_CASH":684587000,"DIVI_RATIO":2.912576477104,"DIVIDEND_RATE":19.354838709677,"CURRENT_RATIO":2.353097330808,"COMMON_ACS":2000000000,"CURRENTDEBT_DEBT":99.639415876761,"ISSUED_COMMON_SHARES":739302000,"HK_COMMON_SHARES":739302000,"PER_SHARES":500,"TOTAL_MARKET_CAP":2291836200,"HKSK_MARKET_CAP":2291836200,"PE_TTM":7.88643142733,"PB_TTM":1.630887780789,"REPORT_DATE_SQ":"2019-06-30 00:00:00","REPORT_TYPE_SQ":"2019年中报","OPERATE_INCOME_SQ":354621000,"DPS_HKD":0.6,"OPERATE_INCOME_QOQ_SQ":9.396220653016,"NET_PROFIT_RATIO_SQ":12.8122700009,"HOLDER_PROFIT_SQ":45435000,"HOLDER_PROFIT_QOQ_SQ":16.412228681033,"ROE_AVG_SQ":4.360168015454,"PE_TTM_SQ":6.171196609864,"PB_TTM_SQ":1.516969578341,"ROA_SQ":2.826908108532,"START_DATE":"2020-01-01 00:00:00","FISCAL_YEAR":"12-31","CURRENCY":"HKD","IS_CNY_CODE":0,"DPS_HKD_LY":0.12,"ORG_TYPE":"一般企业","PREMIUM_INCOME":null,"PREMIUM_INCOME_YOY":null,"NET_INTEREST_INCOME":null,"NET_INTEREST_INCOME_YOY":null,"FEE_COMMISSION_INCOME":null,"FEE_COMMISSION_INCOME_YOY":null,"ACCOUNTS_RECE_TDAYS":0.641094563963,"INVENTORY_TDAYS":0.964582087321,"CURRENT_ASSETS_TDAYS":0.189041752437,"TOTAL_ASSETS_TDAYS":0.12926856635,"PREMIUM_EXPENSE":null,"LOAN_DEPOSIT":null,"LOAN_EQUITY":null,"LOAN_ASSETS":null,"DEPOSIT_EQUITY":null,"DEPOSIT_ASSETS":null,"EQUITY_MULTIPLIER":1.396721787988,"EQUITY_RATIO":0.396721787989}],"count":25},"success":true,"message":"ok","code":0}