{"version":"56f53916a53d6584d3cc6ac98a1f544e","result":{"pages":4,"data":[{"SECUCODE":"06899.HK","SECURITY_CODE":"06899","SECURITY_NAME_ABBR":"联众","ORG_CODE":"10400492","STD_REPORT_DATE":"2023-06-30 00:00:00","REPORT_DATE":"2023-06-30 00:00:00","DATE_TYPE_CODE":"002","REPORT_TYPE":"2023年中报","PER_NETCASH_OPERATE":0.00896270274,"PER_OI":0.150707011533,"BPS":0.259495295345,"BASIC_EPS":-0.0214,"DILUTED_EPS":-0.0214,"OPERATE_INCOME":162432000,"OPERATE_INCOME_YOY":123.4493004829,"GROSS_PROFIT":53211000,"GROSS_PROFIT_YOY":43.244407354564,"HOLDER_PROFIT":-22768000,"HOLDER_PROFIT_YOY":11.0972276455,"GROSS_PROFIT_RATIO":32.758939125296,"EPS_TTM":-0.02483485137,"OPERATE_INCOME_QOQ":41.21913353421,"NET_PROFIT_RATIO":-19.4167405437,"ROE_AVG":-8.085672329265,"GROSS_PROFIT_QOQ":19.143180599416,"ROA":-2.967303361415,"HOLDER_PROFIT_QOQ":9.598432908913,"ROE_YEARLY":-16.171344658531,"ROIC_YEARLY":25.384437426659,"TOTAL_ASSETS":760992000,"TOTAL_LIABILITIES":111578000,"TAX_EBT":-0.519505354411,"OCF_SALES":5.947104018913,"TOTAL_PARENT_EQUITY":279684000,"DEBT_ASSET_RATIO":14.662177789,"OPERATE_PROFIT":-29080000,"PRETAX_PROFIT":-31376000,"NETCASH_OPERATE":9660000,"NETCASH_INVEST":113250000,"NETCASH_FINANCE":-7080000,"END_CASH":206724000,"DIVI_RATIO":null,"DIVIDEND_RATE":null,"CURRENT_RATIO":10.085058148094,"COMMON_ACS":10000000000,"CURRENTDEBT_DEBT":60.881177293015,"ISSUED_COMMON_SHARES":1077799887,"HK_COMMON_SHARES":1077799887,"PER_SHARES":1000,"TOTAL_MARKET_CAP":204781978.53,"HKSK_MARKET_CAP":204781978.53,"PE_TTM":-7.341205642727,"PB_TTM":0.675065032555,"REPORT_DATE_SQ":"2022-06-30 00:00:00","REPORT_TYPE_SQ":"2022年中报","OPERATE_INCOME_SQ":72693000,"DPS_HKD":null,"OPERATE_INCOME_QOQ_SQ":9.794527691826,"NET_PROFIT_RATIO_SQ":-80.0393435406,"HOLDER_PROFIT_SQ":-25610000,"HOLDER_PROFIT_QOQ_SQ":-67.22758828856,"ROE_AVG_SQ":-9.126464430487,"PE_TTM_SQ":-7.688946962645,"PB_TTM_SQ":0.707041797255,"ROA_SQ":-3.197159633893,"START_DATE":"2023-01-01 00:00:00","FISCAL_YEAR":"12-31","CURRENCY":"HKD","IS_CNY_CODE":0,"DPS_HKD_LY":null,"ORG_TYPE":"一般企业","PREMIUM_INCOME":null,"PREMIUM_INCOME_YOY":null,"NET_INTEREST_INCOME":null,"NET_INTEREST_INCOME_YOY":null,"FEE_COMMISSION_INCOME":null,"FEE_COMMISSION_INCOME_YOY":null,"ACCOUNTS_RECE_TDAYS":2.109643483343,"INVENTORY_TDAYS":198.945355191257,"CURRENT_ASSETS_TDAYS":0.237676438892,"TOTAL_ASSETS_TDAYS":0.211694052882,"PREMIUM_EXPENSE":null,"LOAN_DEPOSIT":null,"LOAN_EQUITY":null,"LOAN_ASSETS":null,"DEPOSIT_EQUITY":null,"DEPOSIT_ASSETS":null,"EQUITY_MULTIPLIER":1.171813357889,"EQUITY_RATIO":0.398943092919},{"SECUCODE":"06899.HK","SECURITY_CODE":"06899","SECURITY_NAME_ABBR":"联众","ORG_CODE":"10400492","STD_REPORT_DATE":"2022-12-31 00:00:00","REPORT_DATE":"2022-12-31 00:00:00","DATE_TYPE_CODE":"001","REPORT_TYPE":"2022年年报","PER_NETCASH_OPERATE":-0.075956586178,"PER_OI":0.201996681041,"BPS":0.263021924032,"BASIC_EPS":-0.0276,"DILUTED_EPS":-0.0276,"OPERATE_INCOME":217712000,"OPERATE_INCOME_YOY":51.3833744742,"GROSS_PROFIT":83915000,"GROSS_PROFIT_YOY":49.461216493009,"HOLDER_PROFIT":-29609000,"HOLDER_PROFIT_YOY":-211.7152127981,"GROSS_PROFIT_RATIO":38.544039832439,"EPS_TTM":-0.027471704495,"OPERATE_INCOME_QOQ":37.878797474367,"NET_PROFIT_RATIO":-35.5579848607,"ROE_AVG":-10.516875164276,"GROSS_PROFIT_QOQ":21.464551428654,"ROA":-3.739395374536,"HOLDER_PROFIT_QOQ":-440.881878885563,"ROE_YEARLY":-10.516875164276,"ROIC_YEARLY":15.244180269421,"TOTAL_ASSETS":773600000,"TOTAL_LIABILITIES":107384000,"TAX_EBT":null,"OCF_SALES":-37.602888219299,"TOTAL_PARENT_EQUITY":283485000,"DEBT_ASSET_RATIO":13.8810754912,"OPERATE_PROFIT":-93971000,"PRETAX_PROFIT":-77414000,"NETCASH_OPERATE":-81866000,"NETCASH_INVEST":-476165000,"NETCASH_FINANCE":-15065000,"END_CASH":87289000,"DIVI_RATIO":null,"DIVIDEND_RATE":null,"CURRENT_RATIO":11.403445680355,"COMMON_ACS":10000000000,"CURRENTDEBT_DEBT":55.6740296506,"ISSUED_COMMON_SHARES":1077799887,"HK_COMMON_SHARES":1077799887,"PER_SHARES":1000,"TOTAL_MARKET_CAP":204781978.53,"HKSK_MARKET_CAP":204781978.53,"PE_TTM":-7.341205642727,"PB_TTM":0.675065032555,"REPORT_DATE_SQ":"2021-12-31 00:00:00","REPORT_TYPE_SQ":"2021年年报","OPERATE_INCOME_SQ":143815000,"DPS_HKD":null,"OPERATE_INCOME_QOQ_SQ":33.582574772432,"NET_PROFIT_RATIO_SQ":135.1222056114,"HOLDER_PROFIT_SQ":26504000,"HOLDER_PROFIT_QOQ_SQ":121.435908219632,"ROE_AVG_SQ":10.183251655489,"PE_TTM_SQ":-6.761636776196,"PB_TTM_SQ":0.621770424722,"ROA_SQ":3.430068228644,"START_DATE":"2022-01-01 00:00:00","FISCAL_YEAR":"12-31","CURRENCY":"HKD","IS_CNY_CODE":0,"DPS_HKD_LY":null,"ORG_TYPE":"一般企业","PREMIUM_INCOME":null,"PREMIUM_INCOME_YOY":null,"NET_INTEREST_INCOME":null,"NET_INTEREST_INCOME_YOY":null,"FEE_COMMISSION_INCOME":null,"FEE_COMMISSION_INCOME_YOY":null,"ACCOUNTS_RECE_TDAYS":3.387880862718,"INVENTORY_TDAYS":240.210053859964,"CURRENT_ASSETS_TDAYS":0.3137768099,"TOTAL_ASSETS_TDAYS":0.274953982161,"PREMIUM_EXPENSE":null,"LOAN_DEPOSIT":null,"LOAN_EQUITY":null,"LOAN_ASSETS":null,"DEPOSIT_EQUITY":null,"DEPOSIT_ASSETS":null,"EQUITY_MULTIPLIER":1.161184961034,"EQUITY_RATIO":0.378799583752},{"SECUCODE":"06899.HK","SECURITY_CODE":"06899","SECURITY_NAME_ABBR":"联众","ORG_CODE":"10400492","STD_REPORT_DATE":"2022-06-30 00:00:00","REPORT_DATE":"2022-06-30 00:00:00","DATE_TYPE_CODE":"002","REPORT_TYPE":"2022年中报","PER_NETCASH_OPERATE":-0.039184453913,"PER_OI":0.06744572984,"BPS":0.261304536581,"BASIC_EPS":-0.0238,"DILUTED_EPS":-0.0238,"OPERATE_INCOME":72693000,"OPERATE_INCOME_YOY":24.0346716263,"GROSS_PROFIT":37147000,"GROSS_PROFIT_YOY":53.461951582252,"HOLDER_PROFIT":-25610000,"HOLDER_PROFIT_YOY":-228.6704312115,"GROSS_PROFIT_RATIO":51.101206443537,"EPS_TTM":0.008059009938,"OPERATE_INCOME_QOQ":9.794527691826,"NET_PROFIT_RATIO":-80.0393435406,"ROE_AVG":-9.126464430487,"GROSS_PROFIT_QOQ":23.049247484193,"ROA":-3.197159633893,"HOLDER_PROFIT_QOQ":-67.22758828856,"ROE_YEARLY":-18.252928860974,"ROIC_YEARLY":24.511281793602,"TOTAL_ASSETS":792022000,"TOTAL_LIABILITIES":113677000,"TAX_EBT":-0.001718744629,"OCF_SALES":-58.097753566368,"TOTAL_PARENT_EQUITY":281634000,"DEBT_ASSET_RATIO":14.3527578779,"OPERATE_PROFIT":-55824000,"PRETAX_PROFIT":-58182000,"NETCASH_OPERATE":-42233000,"NETCASH_INVEST":12790000,"NETCASH_FINANCE":-4108000,"END_CASH":605800000,"DIVI_RATIO":null,"DIVIDEND_RATE":null,"CURRENT_RATIO":10.405093448955,"COMMON_ACS":10000000000,"CURRENTDEBT_DEBT":59.44650193091,"ISSUED_COMMON_SHARES":1077799887,"HK_COMMON_SHARES":1077799887,"PER_SHARES":1000,"TOTAL_MARKET_CAP":204781978.53,"HKSK_MARKET_CAP":204781978.53,"PE_TTM":-7.341205642727,"PB_TTM":0.675065032555,"REPORT_DATE_SQ":"2021-06-30 00:00:00","REPORT_TYPE_SQ":"2021年中报","OPERATE_INCOME_SQ":58607000,"DPS_HKD":null,"OPERATE_INCOME_QOQ_SQ":-2.488066879817,"NET_PROFIT_RATIO_SQ":-52.2497312608,"HOLDER_PROFIT_SQ":-7792000,"HOLDER_PROFIT_QOQ_SQ":33.665071462295,"ROE_AVG_SQ":-3.320166860542,"PE_TTM_SQ":-6.761636776196,"PB_TTM_SQ":0.621770424722,"ROA_SQ":-1.046972687611,"START_DATE":"2022-01-01 00:00:00","FISCAL_YEAR":"12-31","CURRENCY":"HKD","IS_CNY_CODE":0,"DPS_HKD_LY":null,"ORG_TYPE":"一般企业","PREMIUM_INCOME":null,"PREMIUM_INCOME_YOY":null,"NET_INTEREST_INCOME":null,"NET_INTEREST_INCOME_YOY":null,"FEE_COMMISSION_INCOME":null,"FEE_COMMISSION_INCOME_YOY":null,"ACCOUNTS_RECE_TDAYS":1.276659641728,"INVENTORY_TDAYS":65.825925925926,"CURRENT_ASSETS_TDAYS":0.103178179759,"TOTAL_ASSETS_TDAYS":0.090750146531,"PREMIUM_EXPENSE":null,"LOAN_DEPOSIT":null,"LOAN_EQUITY":null,"LOAN_ASSETS":null,"DEPOSIT_EQUITY":null,"DEPOSIT_ASSETS":null,"EQUITY_MULTIPLIER":1.167579918772,"EQUITY_RATIO":0.403633794215},{"SECUCODE":"06899.HK","SECURITY_CODE":"06899","SECURITY_NAME_ABBR":"联众","ORG_CODE":"10400492","STD_REPORT_DATE":"2021-12-31 00:00:00","REPORT_DATE":"2021-12-31 00:00:00","DATE_TYPE_CODE":"001","REPORT_TYPE":"2021年年报","PER_NETCASH_OPERATE":-0.10684543707,"PER_OI":0.133433860714,"BPS":0.259409008455,"BASIC_EPS":0.0251,"DILUTED_EPS":0.0251,"OPERATE_INCOME":143815000,"OPERATE_INCOME_YOY":30.2589509723,"GROSS_PROFIT":56145000,"GROSS_PROFIT_YOY":127.657935285054,"HOLDER_PROFIT":26504000,"HOLDER_PROFIT_YOY":114.2194943989,"GROSS_PROFIT_RATIO":39.039738553002,"EPS_TTM":0.024590835757,"OPERATE_INCOME_QOQ":33.582574772432,"NET_PROFIT_RATIO":135.1222056114,"ROE_AVG":10.183251655489,"GROSS_PROFIT_QOQ":42.681067344346,"ROA":3.430068228644,"HOLDER_PROFIT_QOQ":121.435908219632,"ROE_YEARLY":10.183251655489,"ROIC_YEARLY":26.297172736428,"TOTAL_ASSETS":810025000,"TOTAL_LIABILITIES":122038000,"TAX_EBT":0.025119873514,"OCF_SALES":-80.073705802594,"TOTAL_PARENT_EQUITY":279591000,"DEBT_ASSET_RATIO":15.0659547545,"OPERATE_PROFIT":-139457000,"PRETAX_PROFIT":-135351000,"NETCASH_OPERATE":-115158000,"NETCASH_INVEST":668461000,"NETCASH_FINANCE":-45961000,"END_CASH":609070000,"DIVI_RATIO":null,"DIVIDEND_RATE":null,"CURRENT_RATIO":9.76298283707,"COMMON_ACS":10000000000,"CURRENTDEBT_DEBT":59.249578000295,"ISSUED_COMMON_SHARES":1077799887,"HK_COMMON_SHARES":1077799887,"PER_SHARES":1000,"TOTAL_MARKET_CAP":204781978.53,"HKSK_MARKET_CAP":204781978.53,"PE_TTM":-7.341205642727,"PB_TTM":0.675065032555,"REPORT_DATE_SQ":"2020-12-31 00:00:00","REPORT_TYPE_SQ":"2020年年报","OPERATE_INCOME_SQ":110407000,"DPS_HKD":null,"OPERATE_INCOME_QOQ_SQ":-55.74958417667,"NET_PROFIT_RATIO_SQ":-364.6399231933,"HOLDER_PROFIT_SQ":-186392000,"HOLDER_PROFIT_QOQ_SQ":54.148350229145,"ROE_AVG_SQ":-56.511450578403,"PE_TTM_SQ":-6.761636776196,"PB_TTM_SQ":0.621770424722,"ROA_SQ":-21.74721395615,"START_DATE":"2021-01-01 00:00:00","FISCAL_YEAR":"12-31","CURRENCY":"HKD","IS_CNY_CODE":0,"DPS_HKD_LY":null,"ORG_TYPE":"一般企业","PREMIUM_INCOME":null,"PREMIUM_INCOME_YOY":null,"NET_INTEREST_INCOME":null,"NET_INTEREST_INCOME_YOY":null,"FEE_COMMISSION_INCOME":null,"FEE_COMMISSION_INCOME_YOY":null,"ACCOUNTS_RECE_TDAYS":2.720445667698,"INVENTORY_TDAYS":170.398445092323,"CURRENT_ASSETS_TDAYS":0.220373369783,"TOTAL_ASSETS_TDAYS":0.186121061841,"PREMIUM_EXPENSE":null,"LOAN_DEPOSIT":null,"LOAN_EQUITY":null,"LOAN_ASSETS":null,"DEPOSIT_EQUITY":null,"DEPOSIT_ASSETS":null,"EQUITY_MULTIPLIER":1.177384165689,"EQUITY_RATIO":0.436487583649},{"SECUCODE":"06899.HK","SECURITY_CODE":"06899","SECURITY_NAME_ABBR":"联众","ORG_CODE":"10400492","STD_REPORT_DATE":"2021-06-30 00:00:00","REPORT_DATE":"2021-06-30 00:00:00","DATE_TYPE_CODE":"002","REPORT_TYPE":"2021年中报","PER_NETCASH_OPERATE":0.035012993094,"PER_OI":0.054376513402,"BPS":0.211935446232,"BASIC_EPS":-0.0074,"DILUTED_EPS":-0.0074,"OPERATE_INCOME":58607000,"OPERATE_INCOME_YOY":-4.4772956938,"GROSS_PROFIT":24206000,"GROSS_PROFIT_YOY":154.318134061778,"HOLDER_PROFIT":-7792000,"HOLDER_PROFIT_YOY":88.9539416793,"GROSS_PROFIT_RATIO":41.302233521593,"EPS_TTM":-0.114717955987,"OPERATE_INCOME_QOQ":-2.488066879817,"NET_PROFIT_RATIO":-52.2497312608,"ROE_AVG":-3.320166860542,"GROSS_PROFIT_QOQ":59.557213526883,"ROA":-1.046972687611,"HOLDER_PROFIT_QOQ":33.665071462295,"ROE_YEARLY":-6.640333721084,"ROIC_YEARLY":-3.676204337893,"TOTAL_ASSETS":753115000,"TOTAL_LIABILITIES":296807000,"TAX_EBT":-5.895028205038,"OCF_SALES":64.389919292917,"TOTAL_PARENT_EQUITY":228424000,"DEBT_ASSET_RATIO":39.4105813853,"OPERATE_PROFIT":-57082000,"PRETAX_PROFIT":-57082000,"NETCASH_OPERATE":37737000,"NETCASH_INVEST":-2442000,"NETCASH_FINANCE":-25405000,"END_CASH":112434000,"DIVI_RATIO":null,"DIVIDEND_RATE":null,"CURRENT_RATIO":2.485017495245,"COMMON_ACS":10000000000,"CURRENTDEBT_DEBT":86.082201565327,"ISSUED_COMMON_SHARES":1077799887,"HK_COMMON_SHARES":1077799887,"PER_SHARES":1000,"TOTAL_MARKET_CAP":204781978.53,"HKSK_MARKET_CAP":204781978.53,"PE_TTM":-7.341205642727,"PB_TTM":0.675065032555,"REPORT_DATE_SQ":"2020-06-30 00:00:00","REPORT_TYPE_SQ":"2020年中报","OPERATE_INCOME_SQ":61354000,"DPS_HKD":null,"OPERATE_INCOME_QOQ_SQ":-8.474470574857,"NET_PROFIT_RATIO_SQ":-126.04998069,"HOLDER_PROFIT_SQ":-70541000,"HOLDER_PROFIT_QOQ_SQ":3.029963288352,"ROE_AVG_SQ":-18.301635422788,"PE_TTM_SQ":-6.761636776196,"PB_TTM_SQ":0.621770424722,"ROA_SQ":-7.292284233786,"START_DATE":"2021-01-01 00:00:00","FISCAL_YEAR":"12-31","CURRENCY":"HKD","IS_CNY_CODE":0,"DPS_HKD_LY":null,"ORG_TYPE":"一般企业","PREMIUM_INCOME":null,"PREMIUM_INCOME_YOY":null,"NET_INTEREST_INCOME":null,"NET_INTEREST_INCOME_YOY":null,"FEE_COMMISSION_INCOME":null,"FEE_COMMISSION_INCOME_YOY":null,"ACCOUNTS_RECE_TDAYS":0.99379377003,"INVENTORY_TDAYS":46.708757637475,"CURRENT_ASSETS_TDAYS":0.094973257526,"TOTAL_ASSETS_TDAYS":0.078747341251,"PREMIUM_EXPENSE":null,"LOAN_DEPOSIT":null,"LOAN_EQUITY":null,"LOAN_ASSETS":null,"DEPOSIT_EQUITY":null,"DEPOSIT_ASSETS":null,"EQUITY_MULTIPLIER":1.650453202661,"EQUITY_RATIO":1.299368717823},{"SECUCODE":"06899.HK","SECURITY_CODE":"06899","SECURITY_NAME_ABBR":"联众","ORG_CODE":"10400492","STD_REPORT_DATE":"2020-12-31 00:00:00","REPORT_DATE":"2020-12-31 00:00:00","DATE_TYPE_CODE":"001","REPORT_TYPE":"2020年年报","PER_NETCASH_OPERATE":-0.021431622214,"PER_OI":0.102437383165,"BPS":0.223557269681,"BASIC_EPS":-0.1765,"DILUTED_EPS":-0.1765,"OPERATE_INCOME":110407000,"OPERATE_INCOME_YOY":-23.6788076952,"GROSS_PROFIT":24662000,"GROSS_PROFIT_YOY":-52.479864349301,"HOLDER_PROFIT":-186392000,"HOLDER_PROFIT_YOY":55.5376383843,"GROSS_PROFIT_RATIO":22.337351798346,"EPS_TTM":-0.172937483338,"OPERATE_INCOME_QOQ":-55.74958417667,"NET_PROFIT_RATIO":-364.6399231933,"ROE_AVG":-56.511450578403,"GROSS_PROFIT_QOQ":-76.253201609952,"ROA":-21.74721395615,"HOLDER_PROFIT_QOQ":54.148350229145,"ROE_YEARLY":-56.511450578403,"ROIC_YEARLY":-38.69221348058,"TOTAL_ASSETS":735367000,"TOTAL_LIABILITIES":247481000,"TAX_EBT":-0.038334178198,"OCF_SALES":-20.921680690536,"TOTAL_PARENT_EQUITY":240950000,"DEBT_ASSET_RATIO":33.6540802076,"OPERATE_PROFIT":-365695000,"PRETAX_PROFIT":-396513000,"NETCASH_OPERATE":-23099000,"NETCASH_INVEST":-106792000,"NETCASH_FINANCE":52363000,"END_CASH":103122000,"DIVI_RATIO":null,"DIVIDEND_RATE":null,"CURRENT_RATIO":3.147351393368,"COMMON_ACS":10000000000,"CURRENTDEBT_DEBT":76.936007208634,"ISSUED_COMMON_SHARES":1077799887,"HK_COMMON_SHARES":1077799887,"PER_SHARES":1000,"TOTAL_MARKET_CAP":204781978.53,"HKSK_MARKET_CAP":204781978.53,"PE_TTM":-7.341205642727,"PB_TTM":0.675065032555,"REPORT_DATE_SQ":"2019-12-31 00:00:00","REPORT_TYPE_SQ":"2019年年报","OPERATE_INCOME_SQ":144661000,"DPS_HKD":null,"OPERATE_INCOME_QOQ_SQ":-7.997840063448,"NET_PROFIT_RATIO_SQ":-167.3709772676,"HOLDER_PROFIT_SQ":-419213000,"HOLDER_PROFIT_QOQ_SQ":-40.744931224463,"ROE_AVG_SQ":-60.663500936623,"PE_TTM_SQ":-6.761636776196,"PB_TTM_SQ":0.621770424722,"ROA_SQ":-37.342510707134,"START_DATE":"2020-01-01 00:00:00","FISCAL_YEAR":"12-31","CURRENCY":"HKD","IS_CNY_CODE":0,"DPS_HKD_LY":null,"ORG_TYPE":"一般企业","PREMIUM_INCOME":null,"PREMIUM_INCOME_YOY":null,"NET_INTEREST_INCOME":null,"NET_INTEREST_INCOME_YOY":null,"FEE_COMMISSION_INCOME":null,"FEE_COMMISSION_INCOME_YOY":null,"ACCOUNTS_RECE_TDAYS":2.156007733016,"INVENTORY_TDAYS":177.159090909091,"CURRENT_ASSETS_TDAYS":0.255082555793,"TOTAL_ASSETS_TDAYS":0.128816936953,"PREMIUM_EXPENSE":null,"LOAN_DEPOSIT":null,"LOAN_EQUITY":null,"LOAN_ASSETS":null,"DEPOSIT_EQUITY":null,"DEPOSIT_ASSETS":null,"EQUITY_MULTIPLIER":1.507251694044,"EQUITY_RATIO":1.027105208549},{"SECUCODE":"06899.HK","SECURITY_CODE":"06899","SECURITY_NAME_ABBR":"联众","ORG_CODE":"10400492","STD_REPORT_DATE":"2020-06-30 00:00:00","REPORT_DATE":"2020-06-30 00:00:00","DATE_TYPE_CODE":"002","REPORT_TYPE":"2020年中报","PER_NETCASH_OPERATE":-0.03651234378,"PER_OI":0.056925224005,"BPS":0.326739689109,"BASIC_EPS":-0.0661,"DILUTED_EPS":-0.0661,"OPERATE_INCOME":61354000,"OPERATE_INCOME_YOY":-15.6740620123,"GROSS_PROFIT":9518000,"GROSS_PROFIT_YOY":-87.609997396511,"HOLDER_PROFIT":-70541000,"HOLDER_PROFIT_YOY":15.2589406917,"GROSS_PROFIT_RATIO":42.686341400618,"EPS_TTM":-0.377167417536,"OPERATE_INCOME_QOQ":-8.474470574857,"NET_PROFIT_RATIO":-126.04998069,"ROE_AVG":-18.301635422788,"GROSS_PROFIT_QOQ":-18.62247296662,"ROA":-7.292284233786,"HOLDER_PROFIT_QOQ":3.029963288352,"ROE_YEARLY":-36.603270845576,"ROIC_YEARLY":-26.995501451361,"TOTAL_ASSETS":955873000,"TOTAL_LIABILITIES":328964000,"TAX_EBT":-0.088399205688,"OCF_SALES":-31.662751029866,"TOTAL_PARENT_EQUITY":352160000,"DEBT_ASSET_RATIO":34.4150321225,"OPERATE_PROFIT":-146555000,"PRETAX_PROFIT":-156110000,"NETCASH_OPERATE":-39353000,"NETCASH_INVEST":-19367000,"NETCASH_FINANCE":67006000,"END_CASH":190344000,"DIVI_RATIO":null,"DIVIDEND_RATE":null,"CURRENT_RATIO":1.262235256089,"COMMON_ACS":10000000000,"CURRENTDEBT_DEBT":64.888863219076,"ISSUED_COMMON_SHARES":1077799887,"HK_COMMON_SHARES":1077799887,"PER_SHARES":1000,"TOTAL_MARKET_CAP":204781978.53,"HKSK_MARKET_CAP":204781978.53,"PE_TTM":-7.341205642727,"PB_TTM":0.675065032555,"REPORT_DATE_SQ":"2019-06-30 00:00:00","REPORT_TYPE_SQ":"2019年中报","OPERATE_INCOME_SQ":147390000,"DPS_HKD":null,"OPERATE_INCOME_QOQ_SQ":-13.705029371249,"NET_PROFIT_RATIO_SQ":-60.3928353348,"HOLDER_PROFIT_SQ":-83243000,"HOLDER_PROFIT_QOQ_SQ":52.188227362473,"ROE_AVG_SQ":-9.026968234328,"PE_TTM_SQ":-6.761636776196,"PB_TTM_SQ":0.621770424722,"ROA_SQ":-6.494006483631,"START_DATE":"2020-01-01 00:00:00","FISCAL_YEAR":"12-31","CURRENCY":"HKD","IS_CNY_CODE":0,"DPS_HKD_LY":null,"ORG_TYPE":"一般企业","PREMIUM_INCOME":null,"PREMIUM_INCOME_YOY":null,"NET_INTEREST_INCOME":null,"NET_INTEREST_INCOME_YOY":null,"FEE_COMMISSION_INCOME":null,"FEE_COMMISSION_INCOME_YOY":null,"ACCOUNTS_RECE_TDAYS":1.4324838608,"INVENTORY_TDAYS":141.337301587302,"CURRENT_ASSETS_TDAYS":0.463905731823,"TOTAL_ASSETS_TDAYS":0.128484629201,"PREMIUM_EXPENSE":null,"LOAN_DEPOSIT":null,"LOAN_EQUITY":null,"LOAN_ASSETS":null,"DEPOSIT_EQUITY":null,"DEPOSIT_ASSETS":null,"EQUITY_MULTIPLIER":1.524739635259,"EQUITY_RATIO":0.934132212631},{"SECUCODE":"06899.HK","SECURITY_CODE":"06899","SECURITY_NAME_ABBR":"联众","ORG_CODE":"10400492","STD_REPORT_DATE":"2019-12-31 00:00:00","REPORT_DATE":"2019-12-31 00:00:00","DATE_TYPE_CODE":"001","REPORT_TYPE":"2019年年报","PER_NETCASH_OPERATE":0.157209625745,"PER_OI":0.132309214653,"BPS":0.388486772963,"BASIC_EPS":-0.3872,"DILUTED_EPS":-0.3872,"OPERATE_INCOME":144661000,"OPERATE_INCOME_YOY":-29.9509720788,"GROSS_PROFIT":51898000,"GROSS_PROFIT_YOY":-66.501642709147,"HOLDER_PROFIT":-419213000,"HOLDER_PROFIT_YOY":32.7073534841,"GROSS_PROFIT_RATIO":46.814645258559,"EPS_TTM":-0.383418770798,"OPERATE_INCOME_QOQ":-7.997840063448,"NET_PROFIT_RATIO":-167.3709772676,"ROE_AVG":-60.663500936623,"GROSS_PROFIT_QOQ":-1.131081499845,"ROA":-37.342510707134,"HOLDER_PROFIT_QOQ":-40.744931224463,"ROE_YEARLY":-60.663500936623,"ROIC_YEARLY":-51.073397457374,"TOTAL_ASSETS":978802000,"TOTAL_LIABILITIES":321583000,"TAX_EBT":0.156000926468,"OCF_SALES":63.052672895414,"TOTAL_PARENT_EQUITY":418711000,"DEBT_ASSET_RATIO":32.8547550986,"OPERATE_PROFIT":-424844000,"PRETAX_PROFIT":-440382000,"NETCASH_OPERATE":164482000,"NETCASH_INVEST":-141135000,"NETCASH_FINANCE":13923000,"END_CASH":185848000,"DIVI_RATIO":null,"DIVIDEND_RATE":null,"CURRENT_RATIO":1.140204076392,"COMMON_ACS":10000000000,"CURRENTDEBT_DEBT":72.652472301086,"ISSUED_COMMON_SHARES":1077799887,"HK_COMMON_SHARES":1077799887,"PER_SHARES":1000,"TOTAL_MARKET_CAP":204781978.53,"HKSK_MARKET_CAP":204781978.53,"PE_TTM":-7.341205642727,"PB_TTM":0.675065032555,"REPORT_DATE_SQ":"2018-12-31 00:00:00","REPORT_TYPE_SQ":"2018年年报","OPERATE_INCOME_SQ":389166000,"DPS_HKD":null,"OPERATE_INCOME_QOQ_SQ":-42.793332389227,"NET_PROFIT_RATIO_SQ":-203.1415732039,"HOLDER_PROFIT_SQ":-622970000,"HOLDER_PROFIT_QOQ_SQ":-71.177582625326,"ROE_AVG_SQ":-51.727989012878,"PE_TTM_SQ":-6.761636776196,"PB_TTM_SQ":0.621770424722,"ROA_SQ":-43.192188146744,"START_DATE":"2019-01-01 00:00:00","FISCAL_YEAR":"12-31","CURRENCY":"HKD","IS_CNY_CODE":0,"DPS_HKD_LY":null,"ORG_TYPE":"一般企业","PREMIUM_INCOME":null,"PREMIUM_INCOME_YOY":null,"NET_INTEREST_INCOME":null,"NET_INTEREST_INCOME_YOY":null,"FEE_COMMISSION_INCOME":null,"FEE_COMMISSION_INCOME_YOY":null,"ACCOUNTS_RECE_TDAYS":1.287094004547,"INVENTORY_TDAYS":234.417138237672,"CURRENT_ASSETS_TDAYS":0.766341977651,"TOTAL_ASSETS_TDAYS":0.242831921156,"PREMIUM_EXPENSE":null,"LOAN_DEPOSIT":null,"LOAN_EQUITY":null,"LOAN_ASSETS":null,"DEPOSIT_EQUITY":null,"DEPOSIT_ASSETS":null,"EQUITY_MULTIPLIER":1.489308738792,"EQUITY_RATIO":0.76803093303},{"SECUCODE":"06899.HK","SECURITY_CODE":"06899","SECURITY_NAME_ABBR":"联众","ORG_CODE":"10400492","STD_REPORT_DATE":"2019-06-30 00:00:00","REPORT_DATE":"2019-06-30 00:00:00","DATE_TYPE_CODE":"002","REPORT_TYPE":"2019年中报","PER_NETCASH_OPERATE":-0.004236499694,"PER_OI":0.134805200764,"BPS":0.817346532158,"BASIC_EPS":-0.0774,"DILUTED_EPS":-0.0774,"OPERATE_INCOME":147390000,"OPERATE_INCOME_YOY":-24.2008146137,"GROSS_PROFIT":76820000,"GROSS_PROFIT_YOY":4.849386490507,"HOLDER_PROFIT":-83243000,"HOLDER_PROFIT_YOY":79.61529043,"GROSS_PROFIT_RATIO":52.120225252731,"EPS_TTM":-0.272421015423,"OPERATE_INCOME_QOQ":-13.705029371249,"NET_PROFIT_RATIO":-60.3928353348,"ROE_AVG":-9.026968234328,"GROSS_PROFIT_QOQ":2.830466752173,"ROA":-6.494006483631,"HOLDER_PROFIT_QOQ":52.188227362473,"ROE_YEARLY":-18.053936468657,"ROIC_YEARLY":-15.036906743017,"TOTAL_ASSETS":1297257000,"TOTAL_LIABILITIES":405543000,"TAX_EBT":6.581377775912,"OCF_SALES":-3.142682678608,"TOTAL_PARENT_EQUITY":880936000,"DEBT_ASSET_RATIO":31.2615773127,"OPERATE_PROFIT":-88540000,"PRETAX_PROFIT":-95284000,"NETCASH_OPERATE":-4632000,"NETCASH_INVEST":-47270000,"NETCASH_FINANCE":18574000,"END_CASH":121825000,"DIVI_RATIO":null,"DIVIDEND_RATE":null,"CURRENT_RATIO":1.537364576349,"COMMON_ACS":10000000000,"CURRENTDEBT_DEBT":69.874218023736,"ISSUED_COMMON_SHARES":1077799887,"HK_COMMON_SHARES":1077799887,"PER_SHARES":1000,"TOTAL_MARKET_CAP":204781978.53,"HKSK_MARKET_CAP":204781978.53,"PE_TTM":-7.341205642727,"PB_TTM":0.675065032555,"REPORT_DATE_SQ":"2018-06-30 00:00:00","REPORT_TYPE_SQ":"2018年中报","OPERATE_INCOME_SQ":194448000,"DPS_HKD":null,"OPERATE_INCOME_QOQ_SQ":-2.724362870224,"NET_PROFIT_RATIO_SQ":-277.1807156384,"HOLDER_PROFIT_SQ":-408360000,"HOLDER_PROFIT_QOQ_SQ":-1416.63610601767,"ROE_AVG_SQ":-30.612405535661,"PE_TTM_SQ":-6.761636776196,"PB_TTM_SQ":0.621770424722,"ROA_SQ":-26.283979748282,"START_DATE":"2019-01-01 00:00:00","FISCAL_YEAR":"12-31","CURRENCY":"HKD","IS_CNY_CODE":0,"DPS_HKD_LY":null,"ORG_TYPE":"一般企业","PREMIUM_INCOME":null,"PREMIUM_INCOME_YOY":null,"NET_INTEREST_INCOME":null,"NET_INTEREST_INCOME_YOY":null,"FEE_COMMISSION_INCOME":null,"FEE_COMMISSION_INCOME_YOY":null,"ACCOUNTS_RECE_TDAYS":0.710570085573,"INVENTORY_TDAYS":76.789989118607,"CURRENT_ASSETS_TDAYS":0.334711785425,"TOTAL_ASSETS_TDAYS":0.114982835268,"PREMIUM_EXPENSE":null,"LOAN_DEPOSIT":null,"LOAN_EQUITY":null,"LOAN_ASSETS":null,"DEPOSIT_EQUITY":null,"DEPOSIT_ASSETS":null,"EQUITY_MULTIPLIER":1.454790437292,"EQUITY_RATIO":0.460354668217}],"count":32},"success":true,"message":"ok","code":0}