{"version":"28c2d29418728710224f073fc42dc86e","result":{"pages":2,"data":[{"SECUCODE":"06900.HK","SECURITY_CODE":"06900","SECURITY_NAME_ABBR":"上坤地产","ORG_CODE":"10000081750","STD_REPORT_DATE":"2023-06-30 00:00:00","REPORT_DATE":"2023-06-30 00:00:00","DATE_TYPE_CODE":"002","REPORT_TYPE":"2023年中报","PER_NETCASH_OPERATE":0.207535191564,"PER_OI":0.440177718603,"BPS":0.076189855953,"BASIC_EPS":-0.17,"DILUTED_EPS":-0.17,"OPERATE_INCOME":912462000,"OPERATE_INCOME_YOY":271.6446725318,"GROSS_PROFIT":36014000,"GROSS_PROFIT_YOY":136.139766387027,"HOLDER_PROFIT":-353764000,"HOLDER_PROFIT_YOY":37.2415028801,"GROSS_PROFIT_RATIO":3.946904090253,"EPS_TTM":-0.833152913254,"OPERATE_INCOME_QOQ":21.981354762459,"NET_PROFIT_RATIO":-45.614392709,"ROE_AVG":-105.658281041398,"GROSS_PROFIT_QOQ":23.362895865264,"ROA":-1.07250036888,"HOLDER_PROFIT_QOQ":10.837721985975,"ROE_YEARLY":-211.316562082797,"ROIC_YEARLY":-2.416322766964,"TOTAL_ASSETS":32861219000,"TOTAL_LIABILITIES":29207430000,"TAX_EBT":-11.085192697769,"OCF_SALES":47.148045617242,"TOTAL_PARENT_EQUITY":157937000,"DEBT_ASSET_RATIO":88.8811519743,"OPERATE_PROFIT":-177109000,"PRETAX_PROFIT":-374680000,"NETCASH_OPERATE":430208000,"NETCASH_INVEST":72976000,"NETCASH_FINANCE":-543547000,"END_CASH":180771000,"DIVI_RATIO":null,"DIVIDEND_RATE":null,"CURRENT_RATIO":1.028325056896,"COMMON_ACS":20000000000,"CURRENTDEBT_DEBT":93.294213150558,"ISSUED_COMMON_SHARES":2072940000,"HK_COMMON_SHARES":2072940000,"PER_SHARES":2000,"TOTAL_MARKET_CAP":26948220,"HKSK_MARKET_CAP":26948220,"PE_TTM":-0.014235723133,"PB_TTM":0.157314118133,"REPORT_DATE_SQ":"2022-06-30 00:00:00","REPORT_TYPE_SQ":"2022年中报","OPERATE_INCOME_SQ":245520000,"DPS_HKD":null,"OPERATE_INCOME_QOQ_SQ":-15.312267725299,"NET_PROFIT_RATIO_SQ":-331.3868523949,"HOLDER_PROFIT_SQ":-563691000,"HOLDER_PROFIT_QOQ_SQ":-246.964492095802,"ROE_AVG_SQ":-25.372702686097,"PE_TTM_SQ":-0.03723189127,"PB_TTM_SQ":0.411436924348,"ROA_SQ":-1.376568145436,"START_DATE":"2023-01-01 00:00:00","FISCAL_YEAR":"12-31","CURRENCY":"HKD","IS_CNY_CODE":0,"DPS_HKD_LY":null,"ORG_TYPE":"一般企业","PREMIUM_INCOME":null,"PREMIUM_INCOME_YOY":null,"NET_INTEREST_INCOME":null,"NET_INTEREST_INCOME_YOY":null,"FEE_COMMISSION_INCOME":null,"FEE_COMMISSION_INCOME_YOY":null,"ACCOUNTS_RECE_TDAYS":22.34126634347,"INVENTORY_TDAYS":0.044480581387,"CURRENT_ASSETS_TDAYS":0.032420716987,"TOTAL_ASSETS_TDAYS":0.027662956988,"PREMIUM_EXPENSE":null,"LOAN_DEPOSIT":null,"LOAN_EQUITY":null,"LOAN_ASSETS":null,"DEPOSIT_EQUITY":null,"DEPOSIT_ASSETS":null,"EQUITY_MULTIPLIER":8.993737459929,"EQUITY_RATIO":184.930890165066},{"SECUCODE":"06900.HK","SECURITY_CODE":"06900","SECURITY_NAME_ABBR":"上坤地产","ORG_CODE":"10000081750","STD_REPORT_DATE":"2022-12-31 00:00:00","REPORT_DATE":"2022-12-31 00:00:00","DATE_TYPE_CODE":"001","REPORT_TYPE":"2022年年报","PER_NETCASH_OPERATE":0.186121161249,"PER_OI":1.463682499252,"BPS":0.246847955078,"BASIC_EPS":-0.93,"DILUTED_EPS":-0.93,"OPERATE_INCOME":3034126000,"OPERATE_INCOME_YOY":-63.6199020368,"GROSS_PROFIT":-580690000,"GROSS_PROFIT_YOY":-149.540291957477,"HOLDER_PROFIT":-1937003000,"HOLDER_PROFIT_YOY":-874.6245855945,"GROSS_PROFIT_RATIO":-19.138625093355,"EPS_TTM":-0.934423089911,"OPERATE_INCOME_QOQ":-57.04206856645,"NET_PROFIT_RATIO":-73.9381950519,"ROE_AVG":-128.579612363272,"GROSS_PROFIT_QOQ":-179.271838696026,"ROA":-5.271883928483,"HOLDER_PROFIT_QOQ":-427.082817453299,"ROE_YEARLY":-128.579612363272,"ROIC_YEARLY":-6.303741386758,"TOTAL_ASSETS":33108735000,"TOTAL_LIABILITIES":29087212000,"TAX_EBT":-10.37720206744,"OCF_SALES":12.715951809516,"TOTAL_PARENT_EQUITY":511701000,"DEBT_ASSET_RATIO":87.8535890906,"OPERATE_PROFIT":-1518959000,"PRETAX_PROFIT":-2032465000,"NETCASH_OPERATE":385818000,"NETCASH_INVEST":-1140715000,"NETCASH_FINANCE":-1970749000,"END_CASH":221134000,"DIVI_RATIO":null,"DIVIDEND_RATE":null,"CURRENT_RATIO":1.069449884417,"COMMON_ACS":20000000000,"CURRENTDEBT_DEBT":90.873016637002,"ISSUED_COMMON_SHARES":2072940000,"HK_COMMON_SHARES":2072940000,"PER_SHARES":2000,"TOTAL_MARKET_CAP":26948220,"HKSK_MARKET_CAP":26948220,"PE_TTM":-0.014235723133,"PB_TTM":0.157314118133,"REPORT_DATE_SQ":"2021-12-31 00:00:00","REPORT_TYPE_SQ":"2021年年报","OPERATE_INCOME_SQ":8340071000,"DPS_HKD":null,"OPERATE_INCOME_QOQ_SQ":7.503652386161,"NET_PROFIT_RATIO_SQ":6.9964152583,"HOLDER_PROFIT_SQ":250057000,"HOLDER_PROFIT_QOQ_SQ":-34.802378909988,"ROE_AVG_SQ":10.461060258706,"PE_TTM_SQ":-0.043802225023,"PB_TTM_SQ":0.48404344041,"ROA_SQ":0.70540767367,"START_DATE":"2022-01-01 00:00:00","FISCAL_YEAR":"12-31","CURRENCY":"HKD","IS_CNY_CODE":0,"DPS_HKD_LY":null,"ORG_TYPE":"一般企业","PREMIUM_INCOME":null,"PREMIUM_INCOME_YOY":null,"NET_INTEREST_INCOME":null,"NET_INTEREST_INCOME_YOY":null,"FEE_COMMISSION_INCOME":null,"FEE_COMMISSION_INCOME_YOY":null,"ACCOUNTS_RECE_TDAYS":105.516466701443,"INVENTORY_TDAYS":0.180415150653,"CURRENT_ASSETS_TDAYS":0.096601654182,"TOTAL_ASSETS_TDAYS":0.082578912353,"PREMIUM_EXPENSE":null,"LOAN_DEPOSIT":null,"LOAN_EQUITY":null,"LOAN_ASSETS":null,"DEPOSIT_EQUITY":null,"DEPOSIT_ASSETS":null,"EQUITY_MULTIPLIER":8.232884655879,"EQUITY_RATIO":56.84415703702},{"SECUCODE":"06900.HK","SECURITY_CODE":"06900","SECURITY_NAME_ABBR":"上坤地产","ORG_CODE":"10000081750","STD_REPORT_DATE":"2022-06-30 00:00:00","REPORT_DATE":"2022-06-30 00:00:00","DATE_TYPE_CODE":"002","REPORT_TYPE":"2022年中报","PER_NETCASH_OPERATE":0.377568091696,"PER_OI":0.118440475846,"BPS":0.936864549866,"BASIC_EPS":-0.27,"DILUTED_EPS":-0.27,"OPERATE_INCOME":245520000,"OPERATE_INCOME_YOY":-83.8746753852,"GROSS_PROFIT":-99652000,"GROSS_PROFIT_YOY":-129.311567026987,"HOLDER_PROFIT":-563691000,"HOLDER_PROFIT_YOY":-1146.5661610442,"GROSS_PROFIT_RATIO":-40.588139459107,"EPS_TTM":-0.177282024564,"OPERATE_INCOME_QOQ":-15.312267725299,"NET_PROFIT_RATIO":-331.3868523949,"ROE_AVG":-25.372702686097,"GROSS_PROFIT_QOQ":-37.505811934749,"ROA":-1.376568145436,"HOLDER_PROFIT_QOQ":-246.964492095802,"ROE_YEARLY":-50.745405372194,"ROIC_YEARLY":-3.334094611694,"TOTAL_ASSETS":41522470000,"TOTAL_LIABILITIES":34803276000,"TAX_EBT":-4.18856414039,"OCF_SALES":318.782991202346,"TOTAL_PARENT_EQUITY":1942064000,"DEBT_ASSET_RATIO":83.8179327964,"OPERATE_PROFIT":-465609000,"PRETAX_PROFIT":-780912000,"NETCASH_OPERATE":782676000,"NETCASH_INVEST":-1155515000,"NETCASH_FINANCE":-1378193000,"END_CASH":1195748000,"DIVI_RATIO":null,"DIVIDEND_RATE":null,"CURRENT_RATIO":1.184066879183,"COMMON_ACS":20000000000,"CURRENTDEBT_DEBT":87.011653730528,"ISSUED_COMMON_SHARES":2072940000,"HK_COMMON_SHARES":2072940000,"PER_SHARES":2000,"TOTAL_MARKET_CAP":26948220,"HKSK_MARKET_CAP":26948220,"PE_TTM":-0.014235723133,"PB_TTM":0.157314118133,"REPORT_DATE_SQ":"2021-06-30 00:00:00","REPORT_TYPE_SQ":"2021年中报","OPERATE_INCOME_SQ":1522574000,"DPS_HKD":null,"OPERATE_INCOME_QOQ_SQ":-5.282094934471,"NET_PROFIT_RATIO_SQ":17.2143357236,"HOLDER_PROFIT_SQ":53861000,"HOLDER_PROFIT_QOQ_SQ":7.715747730745,"ROE_AVG_SQ":2.353623380931,"PE_TTM_SQ":-0.043802225023,"PB_TTM_SQ":0.48404344041,"ROA_SQ":0.147996293512,"START_DATE":"2022-01-01 00:00:00","FISCAL_YEAR":"12-31","CURRENCY":"HKD","IS_CNY_CODE":0,"DPS_HKD_LY":null,"ORG_TYPE":"一般企业","PREMIUM_INCOME":null,"PREMIUM_INCOME_YOY":null,"NET_INTEREST_INCOME":null,"NET_INTEREST_INCOME_YOY":null,"FEE_COMMISSION_INCOME":null,"FEE_COMMISSION_INCOME_YOY":null,"ACCOUNTS_RECE_TDAYS":8.941982008231,"INVENTORY_TDAYS":0.01621565641,"CURRENT_ASSETS_TDAYS":0.006974395883,"TOTAL_ASSETS_TDAYS":0.005995749641,"PREMIUM_EXPENSE":null,"LOAN_DEPOSIT":null,"LOAN_EQUITY":null,"LOAN_ASSETS":null,"DEPOSIT_EQUITY":null,"DEPOSIT_ASSETS":null,"EQUITY_MULTIPLIER":6.179680181884,"EQUITY_RATIO":17.920766771847},{"SECUCODE":"06900.HK","SECURITY_CODE":"06900","SECURITY_NAME_ABBR":"上坤地产","ORG_CODE":"10000081750","STD_REPORT_DATE":"2021-12-31 00:00:00","REPORT_DATE":"2021-12-31 00:00:00","DATE_TYPE_CODE":"001","REPORT_TYPE":"2021年年报","PER_NETCASH_OPERATE":-0.436265400832,"PER_OI":4.023305546711,"BPS":1.206606558801,"BASIC_EPS":0.12,"DILUTED_EPS":0.12,"OPERATE_INCOME":8340071000,"OPERATE_INCOME_YOY":1.8252074091,"GROSS_PROFIT":1172157000,"GROSS_PROFIT_YOY":-34.676211281891,"HOLDER_PROFIT":250057000,"HOLDER_PROFIT_YOY":-29.7718949402,"GROSS_PROFIT_RATIO":14.054520638973,"EPS_TTM":0.120629154727,"OPERATE_INCOME_QOQ":7.503652386161,"NET_PROFIT_RATIO":6.9964152583,"ROE_AVG":10.461060258706,"GROSS_PROFIT_QOQ":-3.514578706577,"ROA":0.70540767367,"HOLDER_PROFIT_QOQ":-34.802378909988,"ROE_YEARLY":10.461060258706,"ROIC_YEARLY":0.905491331625,"TOTAL_ASSETS":40375546000,"TOTAL_LIABILITIES":32523440000,"TAX_EBT":-38.301387265974,"OCF_SALES":-10.843456848269,"TOTAL_PARENT_EQUITY":2501223000,"DEBT_ASSET_RATIO":80.5523224379,"OPERATE_PROFIT":637825000,"PRETAX_PROFIT":421909000,"NETCASH_OPERATE":-904352000,"NETCASH_INVEST":-3674888000,"NETCASH_FINANCE":4160826000,"END_CASH":2946780000,"DIVI_RATIO":null,"DIVIDEND_RATE":null,"CURRENT_RATIO":1.285936502955,"COMMON_ACS":20000000000,"CURRENTDEBT_DEBT":82.60776842794,"ISSUED_COMMON_SHARES":2072940000,"HK_COMMON_SHARES":2072940000,"PER_SHARES":2000,"TOTAL_MARKET_CAP":26948220,"HKSK_MARKET_CAP":26948220,"PE_TTM":-0.014235723133,"PB_TTM":0.157314118133,"REPORT_DATE_SQ":"2020-12-31 00:00:00","REPORT_TYPE_SQ":"2020年年报","OPERATE_INCOME_SQ":8190576000,"DPS_HKD":null,"OPERATE_INCOME_QOQ_SQ":8.698117717224,"NET_PROFIT_RATIO_SQ":10.8070787696,"HOLDER_PROFIT_SQ":356064000,"HOLDER_PROFIT_QOQ_SQ":62.192299983601,"ROE_AVG_SQ":22.682652514216,"PE_TTM_SQ":-0.043802225023,"PB_TTM_SQ":0.48404344041,"ROA_SQ":1.285369046693,"START_DATE":"2021-01-01 00:00:00","FISCAL_YEAR":"12-31","CURRENCY":"HKD","IS_CNY_CODE":0,"DPS_HKD_LY":0.024,"ORG_TYPE":"一般企业","PREMIUM_INCOME":null,"PREMIUM_INCOME_YOY":null,"NET_INTEREST_INCOME":null,"NET_INTEREST_INCOME_YOY":null,"FEE_COMMISSION_INCOME":null,"FEE_COMMISSION_INCOME_YOY":null,"ACCOUNTS_RECE_TDAYS":334.996425128535,"INVENTORY_TDAYS":0.434169606442,"CURRENT_ASSETS_TDAYS":0.281688171889,"TOTAL_ASSETS_TDAYS":0.235272361196,"PREMIUM_EXPENSE":null,"LOAN_DEPOSIT":null,"LOAN_EQUITY":null,"LOAN_ASSETS":null,"DEPOSIT_EQUITY":null,"DEPOSIT_ASSETS":null,"EQUITY_MULTIPLIER":5.14200215839,"EQUITY_RATIO":13.003014925099},{"SECUCODE":"06900.HK","SECURITY_CODE":"06900","SECURITY_NAME_ABBR":"上坤地产","ORG_CODE":"10000081750","STD_REPORT_DATE":"2021-06-30 00:00:00","REPORT_DATE":"2021-06-30 00:00:00","DATE_TYPE_CODE":"002","REPORT_TYPE":"2021年中报","PER_NETCASH_OPERATE":-0.758060049977,"PER_OI":0.734499792565,"BPS":1.108262178355,"BASIC_EPS":0.03,"DILUTED_EPS":0.03,"OPERATE_INCOME":1522574000,"OPERATE_INCOME_YOY":-22.1272621634,"GROSS_PROFIT":339975000,"GROSS_PROFIT_YOY":-63.026141352756,"HOLDER_PROFIT":53861000,"HOLDER_PROFIT_YOY":104.1117174473,"GROSS_PROFIT_RATIO":22.328963978106,"EPS_TTM":0.185020791726,"OPERATE_INCOME_QOQ":-5.282094934471,"NET_PROFIT_RATIO":17.2143357236,"ROE_AVG":2.353623380931,"GROSS_PROFIT_QOQ":-32.296726445903,"ROA":0.147996293512,"HOLDER_PROFIT_QOQ":7.715747730745,"ROE_YEARLY":4.707246761862,"ROIC_YEARLY":0.385105819194,"TOTAL_ASSETS":42265345000,"TOTAL_LIABILITIES":34754729000,"TAX_EBT":789.104771920599,"OCF_SALES":-103.207660185975,"TOTAL_PARENT_EQUITY":2297361000,"DEBT_ASSET_RATIO":82.2298481179,"OPERATE_PROFIT":110209000,"PRETAX_PROFIT":-38035000,"NETCASH_OPERATE":-1571413000,"NETCASH_INVEST":-2334345000,"NETCASH_FINANCE":4801897000,"END_CASH":4261333000,"DIVI_RATIO":null,"DIVIDEND_RATE":null,"CURRENT_RATIO":1.372037578296,"COMMON_ACS":20000000000,"CURRENTDEBT_DEBT":73.98029200573,"ISSUED_COMMON_SHARES":2072940000,"HK_COMMON_SHARES":2072940000,"PER_SHARES":2000,"TOTAL_MARKET_CAP":26948220,"HKSK_MARKET_CAP":26948220,"PE_TTM":-0.014235723133,"PB_TTM":0.157314118133,"REPORT_DATE_SQ":"2020-06-30 00:00:00","REPORT_TYPE_SQ":"2020年中报","OPERATE_INCOME_SQ":1955208000,"DPS_HKD":null,"OPERATE_INCOME_QOQ_SQ":0,"NET_PROFIT_RATIO_SQ":11.2370653148,"HOLDER_PROFIT_SQ":26388000,"HOLDER_PROFIT_QOQ_SQ":0,"ROE_AVG_SQ":null,"PE_TTM_SQ":-0.043802225023,"PB_TTM_SQ":0.48404344041,"ROA_SQ":null,"START_DATE":"2021-01-01 00:00:00","FISCAL_YEAR":"12-31","CURRENCY":"HKD","IS_CNY_CODE":0,"DPS_HKD_LY":0.024,"ORG_TYPE":"一般企业","PREMIUM_INCOME":null,"PREMIUM_INCOME_YOY":null,"NET_INTEREST_INCOME":null,"NET_INTEREST_INCOME_YOY":null,"FEE_COMMISSION_INCOME":null,"FEE_COMMISSION_INCOME_YOY":null,"ACCOUNTS_RECE_TDAYS":58.877571539056,"INVENTORY_TDAYS":0.072235905343,"CURRENT_ASSETS_TDAYS":0.050800595151,"TOTAL_ASSETS_TDAYS":0.041836450975,"PREMIUM_EXPENSE":null,"LOAN_DEPOSIT":null,"LOAN_EQUITY":null,"LOAN_ASSETS":null,"DEPOSIT_EQUITY":null,"DEPOSIT_ASSETS":null,"EQUITY_MULTIPLIER":5.62741391652,"EQUITY_RATIO":15.128109600537},{"SECUCODE":"06900.HK","SECURITY_CODE":"06900","SECURITY_NAME_ABBR":"上坤地产","ORG_CODE":"10000081750","STD_REPORT_DATE":"2020-12-31 00:00:00","REPORT_DATE":"2020-12-31 00:00:00","DATE_TYPE_CODE":"001","REPORT_TYPE":"2020年年报","PER_NETCASH_OPERATE":-0.496884617982,"PER_OI":3.95118816753,"BPS":1.099644466314,"BASIC_EPS":0.23,"DILUTED_EPS":0.23,"OPERATE_INCOME":8190576000,"OPERATE_INCOME_YOY":8.6981177172,"GROSS_PROFIT":1794380000,"GROSS_PROFIT_YOY":-41.568745573402,"HOLDER_PROFIT":356064000,"HOLDER_PROFIT_YOY":62.1922999836,"GROSS_PROFIT_RATIO":21.907860936764,"EPS_TTM":0.171767634374,"OPERATE_INCOME_QOQ":8.698117717224,"NET_PROFIT_RATIO":10.8070787696,"ROE_AVG":22.682652514216,"GROSS_PROFIT_QOQ":-41.568745573402,"ROA":1.285369046693,"HOLDER_PROFIT_QOQ":62.192299983601,"ROE_YEARLY":22.682652514216,"ROIC_YEARLY":1.580462496474,"TOTAL_ASSETS":30521613000,"TOTAL_LIABILITIES":24239044000,"TAX_EBT":33.548791034557,"OCF_SALES":-12.575574660439,"TOTAL_PARENT_EQUITY":2279497000,"DEBT_ASSET_RATIO":79.41599941,"OPERATE_PROFIT":1381808000,"PRETAX_PROFIT":1332048000,"NETCASH_OPERATE":-244648000,"NETCASH_INVEST":-1068523000,"NETCASH_FINANCE":3604866000,"END_CASH":3365194000,"DIVI_RATIO":null,"DIVIDEND_RATE":null,"CURRENT_RATIO":1.40090405765,"COMMON_ACS":20000000000,"CURRENTDEBT_DEBT":72.639263330683,"ISSUED_COMMON_SHARES":2072940000,"HK_COMMON_SHARES":2072940000,"PER_SHARES":2000,"TOTAL_MARKET_CAP":26948220,"HKSK_MARKET_CAP":26948220,"PE_TTM":-0.014235723133,"PB_TTM":0.157314118133,"REPORT_DATE_SQ":"2019-12-31 00:00:00","REPORT_TYPE_SQ":"2019年年报","OPERATE_INCOME_SQ":7535159000,"DPS_HKD":null,"OPERATE_INCOME_QOQ_SQ":10.04351117703,"NET_PROFIT_RATIO_SQ":8.9830752078,"HOLDER_PROFIT_SQ":219532000,"HOLDER_PROFIT_QOQ_SQ":42.043182597556,"ROE_AVG_SQ":29.784800569288,"PE_TTM_SQ":-0.043802225023,"PB_TTM_SQ":0.48404344041,"ROA_SQ":0.980732005928,"START_DATE":"2020-01-01 00:00:00","FISCAL_YEAR":"12-31","CURRENCY":"HKD","IS_CNY_CODE":0,"DPS_HKD_LY":null,"ORG_TYPE":"一般企业","PREMIUM_INCOME":null,"PREMIUM_INCOME_YOY":null,"NET_INTEREST_INCOME":null,"NET_INTEREST_INCOME_YOY":null,"FEE_COMMISSION_INCOME":null,"FEE_COMMISSION_INCOME_YOY":null,"ACCOUNTS_RECE_TDAYS":225.716537602998,"INVENTORY_TDAYS":0.547749704896,"CURRENT_ASSETS_TDAYS":0.360480506528,"TOTAL_ASSETS_TDAYS":0.295674734457,"PREMIUM_EXPENSE":null,"LOAN_DEPOSIT":null,"LOAN_EQUITY":null,"LOAN_ASSETS":null,"DEPOSIT_EQUITY":null,"DEPOSIT_ASSETS":null,"EQUITY_MULTIPLIER":4.858142107156,"EQUITY_RATIO":10.633505549689},{"SECUCODE":"06900.HK","SECURITY_CODE":"06900","SECURITY_NAME_ABBR":"上坤地产","ORG_CODE":"10000081750","STD_REPORT_DATE":"2020-06-30 00:00:00","REPORT_DATE":"2020-06-30 00:00:00","DATE_TYPE_CODE":"002","REPORT_TYPE":"2020年中报","PER_NETCASH_OPERATE":null,"PER_OI":null,"BPS":null,"BASIC_EPS":0.02,"DILUTED_EPS":0.02,"OPERATE_INCOME":1955208000,"OPERATE_INCOME_YOY":null,"GROSS_PROFIT":919501000,"GROSS_PROFIT_YOY":null,"HOLDER_PROFIT":26388000,"HOLDER_PROFIT_YOY":null,"GROSS_PROFIT_RATIO":47.028295710738,"EPS_TTM":0.1392271944,"OPERATE_INCOME_QOQ":0,"NET_PROFIT_RATIO":11.2370653148,"ROE_AVG":null,"GROSS_PROFIT_QOQ":0,"ROA":null,"HOLDER_PROFIT_QOQ":0,"ROE_YEARLY":null,"ROIC_YEARLY":null,"TOTAL_ASSETS":null,"TOTAL_LIABILITIES":null,"TAX_EBT":63.974381257522,"OCF_SALES":134.48144647526,"TOTAL_PARENT_EQUITY":null,"DEBT_ASSET_RATIO":null,"OPERATE_PROFIT":725197000,"PRETAX_PROFIT":609866000,"NETCASH_OPERATE":2629392000,"NETCASH_INVEST":99391000,"NETCASH_FINANCE":-2250200000,"END_CASH":1552082000,"DIVI_RATIO":null,"DIVIDEND_RATE":null,"CURRENT_RATIO":null,"COMMON_ACS":20000000000,"CURRENTDEBT_DEBT":null,"ISSUED_COMMON_SHARES":2072940000,"HK_COMMON_SHARES":2072940000,"PER_SHARES":2000,"TOTAL_MARKET_CAP":26948220,"HKSK_MARKET_CAP":26948220,"PE_TTM":-0.014235723133,"PB_TTM":0.157314118133,"REPORT_DATE_SQ":"2019-06-30 00:00:00","REPORT_TYPE_SQ":"2019年中报","OPERATE_INCOME_SQ":null,"DPS_HKD":null,"OPERATE_INCOME_QOQ_SQ":0,"NET_PROFIT_RATIO_SQ":null,"HOLDER_PROFIT_SQ":null,"HOLDER_PROFIT_QOQ_SQ":0,"ROE_AVG_SQ":null,"PE_TTM_SQ":-0.043802225023,"PB_TTM_SQ":0.48404344041,"ROA_SQ":null,"START_DATE":"2020-01-01 00:00:00","FISCAL_YEAR":"12-31","CURRENCY":"HKD","IS_CNY_CODE":0,"DPS_HKD_LY":null,"ORG_TYPE":"一般企业","PREMIUM_INCOME":null,"PREMIUM_INCOME_YOY":null,"NET_INTEREST_INCOME":null,"NET_INTEREST_INCOME_YOY":null,"FEE_COMMISSION_INCOME":null,"FEE_COMMISSION_INCOME_YOY":null,"ACCOUNTS_RECE_TDAYS":null,"INVENTORY_TDAYS":null,"CURRENT_ASSETS_TDAYS":0.188211240069,"TOTAL_ASSETS_TDAYS":0.157164763132,"PREMIUM_EXPENSE":null,"LOAN_DEPOSIT":null,"LOAN_EQUITY":null,"LOAN_ASSETS":null,"DEPOSIT_EQUITY":null,"DEPOSIT_ASSETS":null,"EQUITY_MULTIPLIER":null,"EQUITY_RATIO":null},{"SECUCODE":"06900.HK","SECURITY_CODE":"06900","SECURITY_NAME_ABBR":"上坤地产","ORG_CODE":"10000081750","STD_REPORT_DATE":"2019-12-31 00:00:00","REPORT_DATE":"2019-12-31 00:00:00","DATE_TYPE_CODE":"001","REPORT_TYPE":"2019年年报","PER_NETCASH_OPERATE":1.2734653554,"PER_OI":4.7787978378,"BPS":0.414884174168,"BASIC_EPS":0.11,"DILUTED_EPS":0.11,"OPERATE_INCOME":7535159000,"OPERATE_INCOME_YOY":10.043511177,"GROSS_PROFIT":3070925000,"GROSS_PROFIT_YOY":-12.901105028631,"HOLDER_PROFIT":219532000,"HOLDER_PROFIT_YOY":42.0431825976,"GROSS_PROFIT_RATIO":40.754614467989,"EPS_TTM":0.1392271944,"OPERATE_INCOME_QOQ":10.04351117703,"NET_PROFIT_RATIO":8.9830752078,"ROE_AVG":29.784800569288,"GROSS_PROFIT_QOQ":-12.90110502863,"ROA":0.980732005928,"HOLDER_PROFIT_QOQ":42.043182597556,"ROE_YEARLY":29.784800569288,"ROIC_YEARLY":1.093899392668,"TOTAL_ASSETS":24880997000,"TOTAL_LIABILITIES":22118325000,"TAX_EBT":73.491769156512,"OCF_SALES":26.648236619825,"TOTAL_PARENT_EQUITY":860030000,"DEBT_ASSET_RATIO":88.8964578067,"OPERATE_PROFIT":2791919000,"PRETAX_PROFIT":2553505000,"NETCASH_OPERATE":2007987000,"NETCASH_INVEST":-758862000,"NETCASH_FINANCE":-630295000,"END_CASH":1073499000,"DIVI_RATIO":null,"DIVIDEND_RATE":null,"CURRENT_RATIO":1.073764020233,"COMMON_ACS":20000000000,"CURRENTDEBT_DEBT":87.481520413503,"ISSUED_COMMON_SHARES":2072940000,"HK_COMMON_SHARES":2072940000,"PER_SHARES":2000,"TOTAL_MARKET_CAP":26948220,"HKSK_MARKET_CAP":26948220,"PE_TTM":-0.014235723133,"PB_TTM":0.157314118133,"REPORT_DATE_SQ":"2018-12-31 00:00:00","REPORT_TYPE_SQ":"2018年年报","OPERATE_INCOME_SQ":6847436000,"DPS_HKD":null,"OPERATE_INCOME_QOQ_SQ":470.096128388763,"NET_PROFIT_RATIO_SQ":9.8271528204,"HOLDER_PROFIT_SQ":154553000,"HOLDER_PROFIT_QOQ_SQ":209.285385523604,"ROE_AVG_SQ":24.892070688565,"PE_TTM_SQ":-0.043802225023,"PB_TTM_SQ":0.48404344041,"ROA_SQ":0.883194469818,"START_DATE":"2019-01-01 00:00:00","FISCAL_YEAR":"12-31","CURRENCY":"HKD","IS_CNY_CODE":0,"DPS_HKD_LY":null,"ORG_TYPE":"一般企业","PREMIUM_INCOME":null,"PREMIUM_INCOME_YOY":null,"NET_INTEREST_INCOME":null,"NET_INTEREST_INCOME_YOY":null,"FEE_COMMISSION_INCOME":null,"FEE_COMMISSION_INCOME_YOY":null,"ACCOUNTS_RECE_TDAYS":199.429883414718,"INVENTORY_TDAYS":0.442506794487,"CURRENT_ASSETS_TDAYS":0.406278840943,"TOTAL_ASSETS_TDAYS":0.336623890871,"PREMIUM_EXPENSE":null,"LOAN_DEPOSIT":null,"LOAN_EQUITY":null,"LOAN_ASSETS":null,"DEPOSIT_EQUITY":null,"DEPOSIT_ASSETS":null,"EQUITY_MULTIPLIER":9.006135002607,"EQUITY_RATIO":25.718085415625},{"SECUCODE":"06900.HK","SECURITY_CODE":"06900","SECURITY_NAME_ABBR":"上坤地产","ORG_CODE":"10000081750","STD_REPORT_DATE":"2018-12-31 00:00:00","REPORT_DATE":"2018-12-31 00:00:00","DATE_TYPE_CODE":"001","REPORT_TYPE":"2018年年报","PER_NETCASH_OPERATE":-1.74172779696,"PER_OI":3.133021517013,"BPS":0.296241569944,"BASIC_EPS":null,"DILUTED_EPS":null,"OPERATE_INCOME":6847436000,"OPERATE_INCOME_YOY":470.0961283888,"GROSS_PROFIT":3525791000,"GROSS_PROFIT_YOY":849.613371865969,"HOLDER_PROFIT":154553000,"HOLDER_PROFIT_YOY":209.2853855236,"GROSS_PROFIT_RATIO":51.490674757676,"EPS_TTM":0.070715209973,"OPERATE_INCOME_QOQ":470.096128388763,"NET_PROFIT_RATIO":9.8271528204,"ROE_AVG":24.892070688565,"GROSS_PROFIT_QOQ":849.613371865969,"ROA":0.883194469818,"HOLDER_PROFIT_QOQ":209.285385523604,"ROE_YEARLY":24.892070688565,"ROIC_YEARLY":0.941623894082,"TOTAL_ASSETS":19888012000,"TOTAL_LIABILITIES":18073234000,"TAX_EBT":77.667564290034,"OCF_SALES":-55.592589693427,"TOTAL_PARENT_EQUITY":614091000,"DEBT_ASSET_RATIO":90.8750155621,"OPERATE_PROFIT":null,"PRETAX_PROFIT":3013142000,"NETCASH_OPERATE":-3806667000,"NETCASH_INVEST":230918000,"NETCASH_FINANCE":3524156000,"END_CASH":454669000,"DIVI_RATIO":null,"DIVIDEND_RATE":null,"CURRENT_RATIO":1.216865429332,"COMMON_ACS":20000000000,"CURRENTDEBT_DEBT":74.191885082659,"ISSUED_COMMON_SHARES":2072940000,"HK_COMMON_SHARES":2072940000,"PER_SHARES":2000,"TOTAL_MARKET_CAP":26948220,"HKSK_MARKET_CAP":26948220,"PE_TTM":-0.014235723133,"PB_TTM":0.157314118133,"REPORT_DATE_SQ":"2017-12-31 00:00:00","REPORT_TYPE_SQ":"2017年年报","OPERATE_INCOME_SQ":1201102000,"DPS_HKD":null,"OPERATE_INCOME_QOQ_SQ":null,"NET_PROFIT_RATIO_SQ":2.8788562503,"HOLDER_PROFIT_SQ":49971000,"HOLDER_PROFIT_QOQ_SQ":null,"ROE_AVG_SQ":7.96104471287,"PE_TTM_SQ":-0.043802225023,"PB_TTM_SQ":0.48404344041,"ROA_SQ":0.330701145194,"START_DATE":"2018-01-01 00:00:00","FISCAL_YEAR":"12-31","CURRENCY":"HKD","IS_CNY_CODE":0,"DPS_HKD_LY":null,"ORG_TYPE":"一般企业","PREMIUM_INCOME":null,"PREMIUM_INCOME_YOY":null,"NET_INTEREST_INCOME":null,"NET_INTEREST_INCOME_YOY":null,"FEE_COMMISSION_INCOME":null,"FEE_COMMISSION_INCOME_YOY":null,"ACCOUNTS_RECE_TDAYS":286.845652765851,"INVENTORY_TDAYS":0.420360160101,"CURRENT_ASSETS_TDAYS":0.481292145306,"TOTAL_ASSETS_TDAYS":0.391297328919,"PREMIUM_EXPENSE":null,"LOAN_DEPOSIT":null,"LOAN_EQUITY":null,"LOAN_ASSETS":null,"DEPOSIT_EQUITY":null,"DEPOSIT_ASSETS":null,"EQUITY_MULTIPLIER":10.958922799326,"EQUITY_RATIO":29.430872623113}],"count":10},"success":true,"message":"ok","code":0}