{"version":"ab10fa002483c49f09fa97cf695662ba","result":{"pages":2,"data":[{"SECUCODE":"06909.HK","SECURITY_CODE":"06909","SECURITY_NAME_ABBR":"百得利控股","ORG_CODE":"10000163036","STD_REPORT_DATE":"2024-06-30 00:00:00","REPORT_DATE":"2024-06-30 00:00:00","DATE_TYPE_CODE":"002","REPORT_TYPE":"2024年中报","PER_NETCASH_OPERATE":0.610086746988,"PER_OI":6.875754216867,"BPS":4.339887550201,"BASIC_EPS":0.05,"DILUTED_EPS":0.05,"OPERATE_INCOME":4280157000,"OPERATE_INCOME_YOY":-20.1989843642,"GROSS_PROFIT":203673000,"GROSS_PROFIT_YOY":-36.256971350956,"HOLDER_PROFIT":33878000,"HOLDER_PROFIT_YOY":-4.6469081595,"GROSS_PROFIT_RATIO":4.758540399336,"EPS_TTM":0.088613654618,"OPERATE_INCOME_QOQ":-10.098187437899,"NET_PROFIT_RATIO":1.1098191024,"ROE_AVG":1.255908037489,"GROSS_PROFIT_QOQ":-20.028041228558,"ROA":0.711010856673,"HOLDER_PROFIT_QOQ":-2.906025029483,"ROE_YEARLY":2.511816074978,"ROIC_YEARLY":1.905784394288,"TOTAL_ASSETS":4816959000,"TOTAL_LIABILITIES":1901988000,"TAX_EBT":30.455024595924,"OCF_SALES":8.87301563938,"TOTAL_PARENT_EQUITY":2701580000,"DEBT_ASSET_RATIO":39.4852436984,"OPERATE_PROFIT":84653000,"PRETAX_PROFIT":68304000,"NETCASH_OPERATE":379779000,"NETCASH_INVEST":21948000,"NETCASH_FINANCE":-134987000,"END_CASH":1126654000,"DIVI_RATIO":0.677364005112,"DIVIDEND_RATE":9.041095890411,"CURRENT_RATIO":2.015894383969,"COMMON_ACS":1000000000,"CURRENTDEBT_DEBT":69.792764202508,"ISSUED_COMMON_SHARES":622500000,"HK_COMMON_SHARES":622500000,"PER_SHARES":1000,"TOTAL_MARKET_CAP":454425000,"HKSK_MARKET_CAP":454425000,"PE_TTM":7.416036568432,"PB_TTM":0.153519277238,"REPORT_DATE_SQ":"2023-06-30 00:00:00","REPORT_TYPE_SQ":"2023年中报","OPERATE_INCOME_SQ":5363537000,"DPS_HKD":0.066,"OPERATE_INCOME_QOQ_SQ":7.784726211149,"NET_PROFIT_RATIO_SQ":0.9645127833,"HOLDER_PROFIT_SQ":35529000,"HOLDER_PROFIT_QOQ_SQ":-72.0552912644,"ROE_AVG_SQ":1.332743903594,"PE_TTM_SQ":9.094838741632,"PB_TTM_SQ":0.139664181605,"ROA_SQ":0.696711607105,"START_DATE":"2024-01-01 00:00:00","FISCAL_YEAR":"12-31","CURRENCY":"HKD","IS_CNY_CODE":0,"DPS_HKD_LY":0.066,"ORG_TYPE":"一般企业","PREMIUM_INCOME":null,"PREMIUM_INCOME_YOY":null,"NET_INTEREST_INCOME":null,"NET_INTEREST_INCOME_YOY":null,"FEE_COMMISSION_INCOME":null,"FEE_COMMISSION_INCOME_YOY":null,"ACCOUNTS_RECE_TDAYS":84.808484500233,"INVENTORY_TDAYS":4.949682182167,"CURRENT_ASSETS_TDAYS":1.665586280431,"TOTAL_ASSETS_TDAYS":0.898293315799,"PREMIUM_EXPENSE":null,"LOAN_DEPOSIT":null,"LOAN_EQUITY":null,"LOAN_ASSETS":null,"DEPOSIT_EQUITY":null,"DEPOSIT_ASSETS":null,"EQUITY_MULTIPLIER":1.652489510188,"EQUITY_RATIO":0.704028013237},{"SECUCODE":"06909.HK","SECURITY_CODE":"06909","SECURITY_NAME_ABBR":"百得利控股","ORG_CODE":"10000163036","STD_REPORT_DATE":"2023-12-31 00:00:00","REPORT_DATE":"2023-12-31 00:00:00","DATE_TYPE_CODE":"001","REPORT_TYPE":"2023年年报","PER_NETCASH_OPERATE":1.032690763052,"PER_OI":17.234473895582,"BPS":4.326748594378,"BASIC_EPS":0.09,"DILUTED_EPS":0.09,"OPERATE_INCOME":10728460000,"OPERATE_INCOME_YOY":6.4148818124,"GROSS_PROFIT":578434000,"GROSS_PROFIT_YOY":-34.08482547294,"HOLDER_PROFIT":56813000,"HOLDER_PROFIT_YOY":-66.8782939229,"GROSS_PROFIT_RATIO":5.391584626312,"EPS_TTM":0.091265863454,"OPERATE_INCOME_QOQ":-1.27090771287,"NET_PROFIT_RATIO":0.7865341344,"ROE_AVG":2.12225817863,"GROSS_PROFIT_QOQ":-18.477030731395,"ROA":1.189387563695,"HOLDER_PROFIT_QOQ":18.525859011537,"ROE_YEARLY":2.12225817863,"ROIC_YEARLY":1.494566861565,"TOTAL_ASSETS":4712572000,"TOTAL_LIABILITIES":1819404000,"TAX_EBT":36.73726431008,"OCF_SALES":5.992006308454,"TOTAL_PARENT_EQUITY":2693401000,"DEBT_ASSET_RATIO":38.6074525758,"OPERATE_PROFIT":180900000,"PRETAX_PROFIT":133385000,"NETCASH_OPERATE":642850000,"NETCASH_INVEST":-172089000,"NETCASH_FINANCE":-314459000,"END_CASH":858471000,"DIVI_RATIO":0.657679637583,"DIVIDEND_RATE":6.947368421053,"CURRENT_RATIO":2.033151601583,"COMMON_ACS":1000000000,"CURRENTDEBT_DEBT":66.597413218834,"ISSUED_COMMON_SHARES":622500000,"HK_COMMON_SHARES":622500000,"PER_SHARES":1000,"TOTAL_MARKET_CAP":591375000,"HKSK_MARKET_CAP":591375000,"PE_TTM":9.651006493165,"PB_TTM":0.199785360789,"REPORT_DATE_SQ":"2022-12-31 00:00:00","REPORT_TYPE_SQ":"2022年年报","OPERATE_INCOME_SQ":10081729000,"DPS_HKD":0.066,"OPERATE_INCOME_QOQ_SQ":5.029738737492,"NET_PROFIT_RATIO_SQ":2.4087435796,"HOLDER_PROFIT_SQ":171528000,"HOLDER_PROFIT_QOQ_SQ":-57.753180924796,"ROE_AVG_SQ":6.537606540351,"PE_TTM_SQ":3.112134182174,"PB_TTM_SQ":0.206273252832,"ROA_SQ":3.811797710361,"START_DATE":"2023-01-01 00:00:00","FISCAL_YEAR":"12-31","CURRENCY":"HKD","IS_CNY_CODE":0,"DPS_HKD_LY":0.0326,"ORG_TYPE":"一般企业","PREMIUM_INCOME":null,"PREMIUM_INCOME_YOY":null,"NET_INTEREST_INCOME":null,"NET_INTEREST_INCOME_YOY":null,"FEE_COMMISSION_INCOME":null,"FEE_COMMISSION_INCOME_YOY":null,"ACCOUNTS_RECE_TDAYS":193.917035698147,"INVENTORY_TDAYS":12.26543295659,"CURRENT_ASSETS_TDAYS":4.326800593579,"TOTAL_ASSETS_TDAYS":2.24601709144,"PREMIUM_EXPENSE":null,"LOAN_DEPOSIT":null,"LOAN_EQUITY":null,"LOAN_ASSETS":null,"DEPOSIT_EQUITY":null,"DEPOSIT_ASSETS":null,"EQUITY_MULTIPLIER":1.628862202264,"EQUITY_RATIO":0.675504315919},{"SECUCODE":"06909.HK","SECURITY_CODE":"06909","SECURITY_NAME_ABBR":"百得利控股","ORG_CODE":"10000163036","STD_REPORT_DATE":"2023-06-30 00:00:00","REPORT_DATE":"2023-06-30 00:00:00","DATE_TYPE_CODE":"002","REPORT_TYPE":"2023年中报","PER_NETCASH_OPERATE":0.896363052209,"PER_OI":8.616123694779,"BPS":4.290914056225,"BASIC_EPS":0.06,"DILUTED_EPS":0.06,"OPERATE_INCOME":5363537000,"OPERATE_INCOME_YOY":17.1409932335,"GROSS_PROFIT":319522000,"GROSS_PROFIT_YOY":-34.461058806638,"HOLDER_PROFIT":35529000,"HOLDER_PROFIT_YOY":-77.6721299113,"GROSS_PROFIT_RATIO":5.957300192019,"EPS_TTM":0.077000803213,"OPERATE_INCOME_QOQ":7.784726211149,"NET_PROFIT_RATIO":0.9645127833,"ROE_AVG":1.332743903594,"GROSS_PROFIT_QOQ":-19.145272653306,"ROA":0.696711607105,"HOLDER_PROFIT_QOQ":-72.0552912644,"ROE_YEARLY":2.665487807188,"ROIC_YEARLY":1.863812726926,"TOTAL_ASSETS":5358307000,"TOTAL_LIABILITIES":2498813000,"TAX_EBT":32.424171173289,"OCF_SALES":10.403321539499,"TOTAL_PARENT_EQUITY":2671094000,"DEBT_ASSET_RATIO":46.6343753727,"OPERATE_PROFIT":102318000,"PRETAX_PROFIT":76554000,"NETCASH_OPERATE":557986000,"NETCASH_INVEST":-143536000,"NETCASH_FINANCE":367778000,"END_CASH":1486018000,"DIVI_RATIO":0.779520439989,"DIVIDEND_RATE":6.947368421053,"CURRENT_RATIO":1.610601347304,"COMMON_ACS":1000000000,"CURRENTDEBT_DEBT":76.158560084328,"ISSUED_COMMON_SHARES":622500000,"HK_COMMON_SHARES":622500000,"PER_SHARES":1000,"TOTAL_MARKET_CAP":591375000,"HKSK_MARKET_CAP":591375000,"PE_TTM":9.651006493165,"PB_TTM":0.199785360789,"REPORT_DATE_SQ":"2022-06-30 00:00:00","REPORT_TYPE_SQ":"2022年中报","OPERATE_INCOME_SQ":4578702000,"DPS_HKD":0.066,"OPERATE_INCOME_QOQ_SQ":-3.652983527839,"NET_PROFIT_RATIO_SQ":4.6663224643,"HOLDER_PROFIT_SQ":159124000,"HOLDER_PROFIT_QOQ_SQ":-10.967699493454,"ROE_AVG_SQ":6.082807746134,"PE_TTM_SQ":3.112134182174,"PB_TTM_SQ":0.206273252832,"ROA_SQ":3.458289667511,"START_DATE":"2023-01-01 00:00:00","FISCAL_YEAR":"12-31","CURRENCY":"HKD","IS_CNY_CODE":0,"DPS_HKD_LY":0.0326,"ORG_TYPE":"一般企业","PREMIUM_INCOME":null,"PREMIUM_INCOME_YOY":null,"NET_INTEREST_INCOME":null,"NET_INTEREST_INCOME_YOY":null,"FEE_COMMISSION_INCOME":null,"FEE_COMMISSION_INCOME_YOY":null,"ACCOUNTS_RECE_TDAYS":104.19591844664,"INVENTORY_TDAYS":6.549716145184,"CURRENT_ASSETS_TDAYS":1.929113698231,"TOTAL_ASSETS_TDAYS":1.051771365092,"PREMIUM_EXPENSE":null,"LOAN_DEPOSIT":null,"LOAN_EQUITY":null,"LOAN_ASSETS":null,"DEPOSIT_EQUITY":null,"DEPOSIT_ASSETS":null,"EQUITY_MULTIPLIER":1.873865446125,"EQUITY_RATIO":0.935501708289},{"SECUCODE":"06909.HK","SECURITY_CODE":"06909","SECURITY_NAME_ABBR":"百得利控股","ORG_CODE":"10000163036","STD_REPORT_DATE":"2022-12-31 00:00:00","REPORT_DATE":"2022-12-31 00:00:00","DATE_TYPE_CODE":"001","REPORT_TYPE":"2022年年报","PER_NETCASH_OPERATE":0.020647389558,"PER_OI":16.195548594378,"BPS":4.274077108434,"BASIC_EPS":0.28,"DILUTED_EPS":0.28,"OPERATE_INCOME":10081729000,"OPERATE_INCOME_YOY":1.1930196821,"GROSS_PROFIT":877543000,"GROSS_PROFIT_YOY":-24.727014772511,"HOLDER_PROFIT":171528000,"HOLDER_PROFIT_YOY":-62.3866850865,"GROSS_PROFIT_RATIO":8.704290702517,"EPS_TTM":0.275546987952,"OPERATE_INCOME_QOQ":5.029738737492,"NET_PROFIT_RATIO":2.4087435796,"ROE_AVG":6.537606540351,"GROSS_PROFIT_QOQ":-21.247009327846,"ROA":3.811797710361,"HOLDER_PROFIT_QOQ":-57.753180924796,"ROE_YEARLY":6.537606540351,"ROIC_YEARLY":5.24497046631,"TOTAL_ASSETS":4840748000,"TOTAL_LIABILITIES":2007996000,"TAX_EBT":24.441422913095,"OCF_SALES":0.127488052893,"TOTAL_PARENT_EQUITY":2660613000,"DEBT_ASSET_RATIO":41.4811099442,"OPERATE_PROFIT":359233000,"PRETAX_PROFIT":321397000,"NETCASH_OPERATE":12853000,"NETCASH_INVEST":-625164000,"NETCASH_FINANCE":-27996000,"END_CASH":701887000,"DIVI_RATIO":0.217834716489,"DIVIDEND_RATE":6.947368421053,"CURRENT_RATIO":1.774916412461,"COMMON_ACS":1000000000,"CURRENTDEBT_DEBT":70.020607610772,"ISSUED_COMMON_SHARES":622500000,"HK_COMMON_SHARES":622500000,"PER_SHARES":1000,"TOTAL_MARKET_CAP":591375000,"HKSK_MARKET_CAP":591375000,"PE_TTM":9.651006493165,"PB_TTM":0.199785360789,"REPORT_DATE_SQ":"2021-12-31 00:00:00","REPORT_TYPE_SQ":"2021年年报","OPERATE_INCOME_SQ":9962870000,"DPS_HKD":0.066,"OPERATE_INCOME_QOQ_SQ":-1.544622272986,"NET_PROFIT_RATIO_SQ":5.6277458202,"HOLDER_PROFIT_SQ":456030000,"HOLDER_PROFIT_QOQ_SQ":23.661104090852,"ROE_AVG_SQ":22.165198116374,"PE_TTM_SQ":3.112134182174,"PB_TTM_SQ":0.206273252832,"ROA_SQ":12.667969770546,"START_DATE":"2022-01-01 00:00:00","FISCAL_YEAR":"12-31","CURRENCY":"HKD","IS_CNY_CODE":0,"DPS_HKD_LY":0.2579,"ORG_TYPE":"一般企业","PREMIUM_INCOME":null,"PREMIUM_INCOME_YOY":null,"NET_INTEREST_INCOME":null,"NET_INTEREST_INCOME_YOY":null,"FEE_COMMISSION_INCOME":null,"FEE_COMMISSION_INCOME_YOY":null,"ACCOUNTS_RECE_TDAYS":207.402441909503,"INVENTORY_TDAYS":12.314412548566,"CURRENT_ASSETS_TDAYS":3.938618485205,"TOTAL_ASSETS_TDAYS":2.240422060461,"PREMIUM_EXPENSE":null,"LOAN_DEPOSIT":null,"LOAN_EQUITY":null,"LOAN_ASSETS":null,"DEPOSIT_EQUITY":null,"DEPOSIT_ASSETS":null,"EQUITY_MULTIPLIER":1.708849909912,"EQUITY_RATIO":0.754711790103},{"SECUCODE":"06909.HK","SECURITY_CODE":"06909","SECURITY_NAME_ABBR":"百得利控股","ORG_CODE":"10000163036","STD_REPORT_DATE":"2022-06-30 00:00:00","REPORT_DATE":"2022-06-30 00:00:00","DATE_TYPE_CODE":"002","REPORT_TYPE":"2022年中报","PER_NETCASH_OPERATE":0.075145381526,"PER_OI":7.355344578313,"BPS":4.249179116466,"BASIC_EPS":0.26,"DILUTED_EPS":0.26,"OPERATE_INCOME":4578702000,"OPERATE_INCOME_YOY":-7.3633059553,"GROSS_PROFIT":487530000,"GROSS_PROFIT_YOY":-11.639329406434,"HOLDER_PROFIT":159124000,"HOLDER_PROFIT_YOY":-23.9150808071,"GROSS_PROFIT_RATIO":10.647777470558,"EPS_TTM":0.652231325301,"OPERATE_INCOME_QOQ":-3.652983527839,"NET_PROFIT_RATIO":4.6663224643,"ROE_AVG":6.082807746134,"GROSS_PROFIT_QOQ":-5.449216728128,"ROA":3.458289667511,"HOLDER_PROFIT_QOQ":-10.967699493454,"ROE_YEARLY":12.165615492268,"ROIC_YEARLY":9.869106757272,"TOTAL_ASSETS":5043368000,"TOTAL_LIABILITIES":2242897000,"TAX_EBT":18.847069816201,"OCF_SALES":1.021643251734,"TOTAL_PARENT_EQUITY":2645114000,"DEBT_ASSET_RATIO":44.4722058751,"OPERATE_PROFIT":279893000,"PRETAX_PROFIT":263277000,"NETCASH_OPERATE":46778000,"NETCASH_INVEST":-450348000,"NETCASH_FINANCE":56718000,"END_CASH":996454000,"DIVI_RATIO":0.092028238558,"DIVIDEND_RATE":6.947368421053,"CURRENT_RATIO":1.659582851184,"COMMON_ACS":1000000000,"CURRENTDEBT_DEBT":71.742661388374,"ISSUED_COMMON_SHARES":622500000,"HK_COMMON_SHARES":622500000,"PER_SHARES":1000,"TOTAL_MARKET_CAP":591375000,"HKSK_MARKET_CAP":591375000,"PE_TTM":9.651006493165,"PB_TTM":0.199785360789,"REPORT_DATE_SQ":"2021-06-30 00:00:00","REPORT_TYPE_SQ":"2021年中报","OPERATE_INCOME_SQ":4942644000,"DPS_HKD":0.066,"OPERATE_INCOME_QOQ_SQ":18.586884296852,"NET_PROFIT_RATIO_SQ":5.3987299105,"HOLDER_PROFIT_SQ":209140000,"HOLDER_PROFIT_QOQ_SQ":56.93579137303,"ROE_AVG_SQ":12.810386495253,"PE_TTM_SQ":3.112134182174,"PB_TTM_SQ":0.206273252832,"ROA_SQ":6.646375422966,"START_DATE":"2022-01-01 00:00:00","FISCAL_YEAR":"12-31","CURRENCY":"HKD","IS_CNY_CODE":0,"DPS_HKD_LY":0.2579,"ORG_TYPE":"一般企业","PREMIUM_INCOME":null,"PREMIUM_INCOME_YOY":null,"NET_INTEREST_INCOME":null,"NET_INTEREST_INCOME_YOY":null,"FEE_COMMISSION_INCOME":null,"FEE_COMMISSION_INCOME_YOY":null,"ACCOUNTS_RECE_TDAYS":102.912993639163,"INVENTORY_TDAYS":5.493736718601,"CURRENT_ASSETS_TDAYS":1.729662487982,"TOTAL_ASSETS_TDAYS":0.99510305279,"PREMIUM_EXPENSE":null,"LOAN_DEPOSIT":null,"LOAN_EQUITY":null,"LOAN_ASSETS":null,"DEPOSIT_EQUITY":null,"DEPOSIT_ASSETS":null,"EQUITY_MULTIPLIER":1.800899920048,"EQUITY_RATIO":0.847939635116},{"SECUCODE":"06909.HK","SECURITY_CODE":"06909","SECURITY_NAME_ABBR":"百得利控股","ORG_CODE":"10000163036","STD_REPORT_DATE":"2021-12-31 00:00:00","REPORT_DATE":"2021-12-31 00:00:00","DATE_TYPE_CODE":"001","REPORT_TYPE":"2021年年报","PER_NETCASH_OPERATE":0.650925301205,"PER_OI":16.004610441767,"BPS":4.155521285141,"BASIC_EPS":0.86,"DILUTED_EPS":0.86,"OPERATE_INCOME":9962870000,"OPERATE_INCOME_YOY":16.7551648692,"GROSS_PROFIT":1165814000,"GROSS_PROFIT_YOY":34.992641379877,"HOLDER_PROFIT":456030000,"HOLDER_PROFIT_YOY":94.0685323256,"GROSS_PROFIT_RATIO":11.829101453698,"EPS_TTM":0.732578313253,"OPERATE_INCOME_QOQ":-1.544622272986,"NET_PROFIT_RATIO":5.6277458202,"ROE_AVG":22.165198116374,"GROSS_PROFIT_QOQ":8.551338426311,"ROA":12.667969770546,"HOLDER_PROFIT_QOQ":23.661104090852,"ROE_YEARLY":22.165198116374,"ROIC_YEARLY":17.463180387381,"TOTAL_ASSETS":4159100000,"TOTAL_LIABILITIES":1351464000,"TAX_EBT":22.911671212988,"OCF_SALES":4.067111183826,"TOTAL_PARENT_EQUITY":2586812000,"DEBT_ASSET_RATIO":32.494145368,"OPERATE_PROFIT":746937000,"PRETAX_PROFIT":727328000,"NETCASH_OPERATE":405201000,"NETCASH_INVEST":293188000,"NETCASH_FINANCE":414564000,"END_CASH":1333369000,"DIVI_RATIO":0.081934857904,"DIVIDEND_RATE":6.947368421053,"CURRENT_RATIO":2.715973373054,"COMMON_ACS":1000000000,"CURRENTDEBT_DEBT":71.48462704149,"ISSUED_COMMON_SHARES":622500000,"HK_COMMON_SHARES":622500000,"PER_SHARES":1000,"TOTAL_MARKET_CAP":591375000,"HKSK_MARKET_CAP":591375000,"PE_TTM":9.651006493165,"PB_TTM":0.199785360789,"REPORT_DATE_SQ":"2020-12-31 00:00:00","REPORT_TYPE_SQ":"2020年年报","OPERATE_INCOME_SQ":8533130000,"DPS_HKD":0.066,"OPERATE_INCOME_QOQ_SQ":5.805946196146,"NET_PROFIT_RATIO_SQ":3.5917769916,"HOLDER_PROFIT_SQ":234984000,"HOLDER_PROFIT_QOQ_SQ":45.458597188434,"ROE_AVG_SQ":16.658023989897,"PE_TTM_SQ":3.112134182174,"PB_TTM_SQ":0.206273252832,"ROA_SQ":7.428909975081,"START_DATE":"2021-01-01 00:00:00","FISCAL_YEAR":"12-31","CURRENCY":"HKD","IS_CNY_CODE":0,"DPS_HKD_LY":null,"ORG_TYPE":"一般企业","PREMIUM_INCOME":null,"PREMIUM_INCOME_YOY":null,"NET_INTEREST_INCOME":null,"NET_INTEREST_INCOME_YOY":null,"FEE_COMMISSION_INCOME":null,"FEE_COMMISSION_INCOME_YOY":null,"ACCOUNTS_RECE_TDAYS":251.083557000466,"INVENTORY_TDAYS":16.176654362172,"CURRENT_ASSETS_TDAYS":4.729663203519,"TOTAL_ASSETS_TDAYS":2.767566519481,"PREMIUM_EXPENSE":null,"LOAN_DEPOSIT":null,"LOAN_EQUITY":null,"LOAN_ASSETS":null,"DEPOSIT_EQUITY":null,"DEPOSIT_ASSETS":null,"EQUITY_MULTIPLIER":1.481352995901,"EQUITY_RATIO":0.522443842073},{"SECUCODE":"06909.HK","SECURITY_CODE":"06909","SECURITY_NAME_ABBR":"百得利控股","ORG_CODE":"10000163036","STD_REPORT_DATE":"2021-06-30 00:00:00","REPORT_DATE":"2021-06-30 00:00:00","DATE_TYPE_CODE":"002","REPORT_TYPE":"2021年中报","PER_NETCASH_OPERATE":71943000,"PER_OI":4942644000,"BPS":2.790595983936,"BASIC_EPS":0.46,"DILUTED_EPS":0.46,"OPERATE_INCOME":4942644000,"OPERATE_INCOME_YOY":47.2514606294,"GROSS_PROFIT":551750000,"GROSS_PROFIT_YOY":61.504191644811,"HOLDER_PROFIT":209140000,"HOLDER_PROFIT_YOY":177.5580623756,"GROSS_PROFIT_RATIO":11.404766355821,"EPS_TTM":368774000,"OPERATE_INCOME_QOQ":18.586884296852,"NET_PROFIT_RATIO":5.3987299105,"ROE_AVG":12.810386495253,"GROSS_PROFIT_QOQ":25.713485091123,"ROA":6.646375422966,"HOLDER_PROFIT_QOQ":56.93579137303,"ROE_YEARLY":25.620772990506,"ROIC_YEARLY":15.915211206245,"TOTAL_ASSETS":3252722000,"TOTAL_LIABILITIES":1341707000,"TAX_EBT":21.724616381978,"OCF_SALES":1.45555698529,"TOTAL_PARENT_EQUITY":1737146000,"DEBT_ASSET_RATIO":41.2487448974,"OPERATE_PROFIT":350075000,"PRETAX_PROFIT":340899000,"NETCASH_OPERATE":71943000,"NETCASH_INVEST":226729000,"NETCASH_FINANCE":-96909000,"END_CASH":432785000,"DIVI_RATIO":1.63E-10,"DIVIDEND_RATE":6.947368421053,"CURRENT_RATIO":1.775776342995,"COMMON_ACS":1000000000,"CURRENTDEBT_DEBT":76.419069141027,"ISSUED_COMMON_SHARES":622500000,"HK_COMMON_SHARES":622500000,"PER_SHARES":1000,"TOTAL_MARKET_CAP":591375000,"HKSK_MARKET_CAP":591375000,"PE_TTM":9.651006493165,"PB_TTM":0.199785360789,"REPORT_DATE_SQ":"2020-06-30 00:00:00","REPORT_TYPE_SQ":"2020年中报","OPERATE_INCOME_SQ":3356601000,"DPS_HKD":0.066,"OPERATE_INCOME_QOQ_SQ":0,"NET_PROFIT_RATIO_SQ":3.2206687658,"HOLDER_PROFIT_SQ":75350000,"HOLDER_PROFIT_QOQ_SQ":0,"ROE_AVG_SQ":null,"PE_TTM_SQ":3.112134182174,"PB_TTM_SQ":0.206273252832,"ROA_SQ":null,"START_DATE":"2021-01-01 00:00:00","FISCAL_YEAR":"12-31","CURRENCY":"HKD","IS_CNY_CODE":0,"DPS_HKD_LY":null,"ORG_TYPE":"一般企业","PREMIUM_INCOME":null,"PREMIUM_INCOME_YOY":null,"NET_INTEREST_INCOME":null,"NET_INTEREST_INCOME_YOY":null,"FEE_COMMISSION_INCOME":null,"FEE_COMMISSION_INCOME_YOY":null,"ACCOUNTS_RECE_TDAYS":105.051998427188,"INVENTORY_TDAYS":8.158641762541,"CURRENT_ASSETS_TDAYS":2.899084021717,"TOTAL_ASSETS_TDAYS":1.570750100701,"PREMIUM_EXPENSE":null,"LOAN_DEPOSIT":null,"LOAN_EQUITY":null,"LOAN_ASSETS":null,"DEPOSIT_EQUITY":null,"DEPOSIT_ASSETS":null,"EQUITY_MULTIPLIER":1.702091297035,"EQUITY_RATIO":0.772362829607},{"SECUCODE":"06909.HK","SECURITY_CODE":"06909","SECURITY_NAME_ABBR":"百得利控股","ORG_CODE":"10000163036","STD_REPORT_DATE":"2020-12-31 00:00:00","REPORT_DATE":"2020-12-31 00:00:00","DATE_TYPE_CODE":"001","REPORT_TYPE":"2020年年报","PER_NETCASH_OPERATE":null,"PER_OI":null,"BPS":2.454645783133,"BASIC_EPS":0.52,"DILUTED_EPS":0.52,"OPERATE_INCOME":8533130000,"OPERATE_INCOME_YOY":4.3325405094,"GROSS_PROFIT":863613000,"GROSS_PROFIT_YOY":10.408489921989,"HOLDER_PROFIT":234984000,"HOLDER_PROFIT_YOY":46.9963780128,"GROSS_PROFIT_RATIO":10.120706001198,"EPS_TTM":null,"OPERATE_INCOME_QOQ":5.805946196146,"NET_PROFIT_RATIO":3.5917769916,"ROE_AVG":16.658023989897,"GROSS_PROFIT_QOQ":16.993306447134,"ROA":7.428909975081,"HOLDER_PROFIT_QOQ":45.458597188434,"ROE_YEARLY":16.658023989897,"ROIC_YEARLY":8.807294885687,"TOTAL_ASSETS":3040633000,"TOTAL_LIABILITIES":1346447000,"TAX_EBT":27.062768316945,"OCF_SALES":9.261490215197,"TOTAL_PARENT_EQUITY":1528017000,"DEBT_ASSET_RATIO":44.2817992175,"OPERATE_PROFIT":479164000,"PRETAX_PROFIT":420212000,"NETCASH_OPERATE":790295000,"NETCASH_INVEST":-145594000,"NETCASH_FINANCE":-788546000,"END_CASH":230672000,"DIVI_RATIO":null,"DIVIDEND_RATE":6.947368421053,"CURRENT_RATIO":1.587963892878,"COMMON_ACS":1000000000,"CURRENTDEBT_DEBT":74.320712215186,"ISSUED_COMMON_SHARES":622500000,"HK_COMMON_SHARES":622500000,"PER_SHARES":1000,"TOTAL_MARKET_CAP":591375000,"HKSK_MARKET_CAP":591375000,"PE_TTM":9.651006493165,"PB_TTM":0.199785360789,"REPORT_DATE_SQ":"2019-12-31 00:00:00","REPORT_TYPE_SQ":"2019年年报","OPERATE_INCOME_SQ":8178781000,"DPS_HKD":0.066,"OPERATE_INCOME_QOQ_SQ":-2.739827840486,"NET_PROFIT_RATIO_SQ":2.7496518124,"HOLDER_PROFIT_SQ":159857000,"HOLDER_PROFIT_QOQ_SQ":-22.75611135003,"ROE_AVG_SQ":13.134706809372,"PE_TTM_SQ":3.112134182174,"PB_TTM_SQ":0.206273252832,"ROA_SQ":4.755412633345,"START_DATE":"2020-01-01 00:00:00","FISCAL_YEAR":"12-31","CURRENCY":"HKD","IS_CNY_CODE":0,"DPS_HKD_LY":null,"ORG_TYPE":"一般企业","PREMIUM_INCOME":null,"PREMIUM_INCOME_YOY":null,"NET_INTEREST_INCOME":null,"NET_INTEREST_INCOME_YOY":null,"FEE_COMMISSION_INCOME":null,"FEE_COMMISSION_INCOME_YOY":null,"ACCOUNTS_RECE_TDAYS":164.82769943983,"INVENTORY_TDAYS":13.659259272452,"CURRENT_ASSETS_TDAYS":5.022274120291,"TOTAL_ASSETS_TDAYS":2.697709400456,"PREMIUM_EXPENSE":null,"LOAN_DEPOSIT":null,"LOAN_EQUITY":null,"LOAN_ASSETS":null,"DEPOSIT_EQUITY":null,"DEPOSIT_ASSETS":null,"EQUITY_MULTIPLIER":1.794745677276,"EQUITY_RATIO":0.881172787999},{"SECUCODE":"06909.HK","SECURITY_CODE":"06909","SECURITY_NAME_ABBR":"百得利控股","ORG_CODE":"10000163036","STD_REPORT_DATE":"2020-09-30 00:00:00","REPORT_DATE":"2020-09-30 00:00:00","DATE_TYPE_CODE":"004","REPORT_TYPE":"2020年三季报","PER_NETCASH_OPERATE":null,"PER_OI":null,"BPS":2.345052208835,"BASIC_EPS":null,"DILUTED_EPS":null,"OPERATE_INCOME":5788607000,"OPERATE_INCOME_YOY":-1.9295888302,"GROSS_PROFIT":574041000,"GROSS_PROFIT_YOY":-7.123025696285,"HOLDER_PROFIT":166742000,"HOLDER_PROFIT_YOY":1.0239197344,"GROSS_PROFIT_RATIO":9.916738172068,"EPS_TTM":null,"OPERATE_INCOME_QOQ":-1.392554709559,"NET_PROFIT_RATIO":3.7612848825,"ROE_AVG":12.113260606695,"GROSS_PROFIT_QOQ":-5.628370310331,"ROA":5.383595985243,"HOLDER_PROFIT_QOQ":1.057194867913,"ROE_YEARLY":16.15101414226,"ROIC_YEARLY":6.440961458605,"TOTAL_ASSETS":2908876000,"TOTAL_LIABILITIES":1307287000,"TAX_EBT":25.136848764923,"OCF_SALES":9.449890103094,"TOTAL_PARENT_EQUITY":1459795000,"DEBT_ASSET_RATIO":44.9413106643,"OPERATE_PROFIT":null,"PRETAX_PROFIT":290832000,"NETCASH_OPERATE":547017000,"NETCASH_INVEST":-47349000,"NETCASH_FINANCE":-600766000,"END_CASH":273444000,"DIVI_RATIO":null,"DIVIDEND_RATE":6.947368421053,"CURRENT_RATIO":1.529159438285,"COMMON_ACS":1000000000,"CURRENTDEBT_DEBT":74.915225195386,"ISSUED_COMMON_SHARES":622500000,"HK_COMMON_SHARES":622500000,"PER_SHARES":1000,"TOTAL_MARKET_CAP":591375000,"HKSK_MARKET_CAP":591375000,"PE_TTM":9.651006493165,"PB_TTM":0.199785360789,"REPORT_DATE_SQ":"2019-09-30 00:00:00","REPORT_TYPE_SQ":"2019年三季报","OPERATE_INCOME_SQ":5902501000,"DPS_HKD":0.066,"OPERATE_INCOME_QOQ_SQ":0,"NET_PROFIT_RATIO_SQ":3.6778646882,"HOLDER_PROFIT_SQ":165052000,"HOLDER_PROFIT_QOQ_SQ":0,"ROE_AVG_SQ":null,"PE_TTM_SQ":3.112134182174,"PB_TTM_SQ":0.206273252832,"ROA_SQ":null,"START_DATE":"2020-01-01 00:00:00","FISCAL_YEAR":"12-31","CURRENCY":"HKD","IS_CNY_CODE":0,"DPS_HKD_LY":null,"ORG_TYPE":"一般企业","PREMIUM_INCOME":null,"PREMIUM_INCOME_YOY":null,"NET_INTEREST_INCOME":null,"NET_INTEREST_INCOME_YOY":null,"FEE_COMMISSION_INCOME":null,"FEE_COMMISSION_INCOME_YOY":null,"ACCOUNTS_RECE_TDAYS":106.6483717931,"INVENTORY_TDAYS":9.486220640751,"CURRENT_ASSETS_TDAYS":3.501192294677,"TOTAL_ASSETS_TDAYS":1.868966511458,"PREMIUM_EXPENSE":null,"LOAN_DEPOSIT":null,"LOAN_EQUITY":null,"LOAN_ASSETS":null,"DEPOSIT_EQUITY":null,"DEPOSIT_ASSETS":null,"EQUITY_MULTIPLIER":1.816243742932,"EQUITY_RATIO":0.895527796711}],"count":13},"success":true,"message":"ok","code":0}