{"version":"2bb4d2349e258eaca227619164212869","result":{"pages":3,"data":[{"SECUCODE":"06908.HK","SECURITY_CODE":"06908","SECURITY_NAME_ABBR":"宏光半导体","ORG_CODE":"10541043","STD_REPORT_DATE":"2024-06-30 00:00:00","REPORT_DATE":"2024-06-30 00:00:00","DATE_TYPE_CODE":"002","REPORT_TYPE":"2024年中报","PER_NETCASH_OPERATE":-0.046173728858,"PER_OI":0.045605195099,"BPS":0.636501104413,"BASIC_EPS":-0.0722,"DILUTED_EPS":-0.0722,"OPERATE_INCOME":34252000,"OPERATE_INCOME_YOY":-25.38503431,"GROSS_PROFIT":2718000,"GROSS_PROFIT_YOY":-10.562685093781,"HOLDER_PROFIT":-54246000,"HOLDER_PROFIT_YOY":-10.4491590992,"GROSS_PROFIT_RATIO":7.935303047997,"EPS_TTM":-0.207514821971,"OPERATE_INCOME_QOQ":-13.15237020316,"NET_PROFIT_RATIO":-167.0121452762,"ROE_AVG":-8.467410552967,"GROSS_PROFIT_QOQ":-3.762306610408,"ROA":-7.420966014258,"HOLDER_PROFIT_QOQ":-3.404921611168,"ROE_YEARLY":-16.934821105933,"ROIC_YEARLY":-16.808881321322,"TOTAL_ASSETS":697080000,"TOTAL_LIABILITIES":36302000,"TAX_EBT":null,"OCF_SALES":-101.246642531823,"TOTAL_PARENT_EQUITY":597559000,"DEBT_ASSET_RATIO":5.2077236472,"OPERATE_PROFIT":-55041000,"PRETAX_PROFIT":-57205000,"NETCASH_OPERATE":-34679000,"NETCASH_INVEST":8814000,"NETCASH_FINANCE":-2762000,"END_CASH":21691000,"DIVI_RATIO":null,"DIVIDEND_RATE":null,"CURRENT_RATIO":10.308493440279,"COMMON_ACS":10000000000,"CURRENTDEBT_DEBT":88.606688336731,"ISSUED_COMMON_SHARES":938818481,"HK_COMMON_SHARES":938818481,"PER_SHARES":5000,"TOTAL_MARKET_CAP":647784751.89,"HKSK_MARKET_CAP":647784751.89,"PE_TTM":-3.755571079235,"PB_TTM":0.989392156013,"REPORT_DATE_SQ":"2023-06-30 00:00:00","REPORT_TYPE_SQ":"2023年中报","OPERATE_INCOME_SQ":45905000,"DPS_HKD":null,"OPERATE_INCOME_QOQ_SQ":2.819991316072,"NET_PROFIT_RATIO_SQ":-113.1445376321,"HOLDER_PROFIT_SQ":-49114000,"HOLDER_PROFIT_QOQ_SQ":2.370491770908,"ROE_AVG_SQ":-8.342144441019,"PE_TTM_SQ":-4.093285085721,"PB_TTM_SQ":0.688024477789,"ROA_SQ":-6.536493113019,"START_DATE":"2024-01-01 00:00:00","FISCAL_YEAR":"12-31","CURRENCY":"HKD","IS_CNY_CODE":0,"DPS_HKD_LY":null,"ORG_TYPE":"一般企业","PREMIUM_INCOME":null,"PREMIUM_INCOME_YOY":null,"NET_INTEREST_INCOME":null,"NET_INTEREST_INCOME_YOY":null,"FEE_COMMISSION_INCOME":null,"FEE_COMMISSION_INCOME_YOY":null,"ACCOUNTS_RECE_TDAYS":0.469250476073,"INVENTORY_TDAYS":0.605596205181,"CURRENT_ASSETS_TDAYS":0.10452258853,"TOTAL_ASSETS_TDAYS":0.046857450857,"PREMIUM_EXPENSE":null,"LOAN_DEPOSIT":null,"LOAN_EQUITY":null,"LOAN_ASSETS":null,"DEPOSIT_EQUITY":null,"DEPOSIT_ASSETS":null,"EQUITY_MULTIPLIER":1.054938269736,"EQUITY_RATIO":0.060750486563},{"SECUCODE":"06908.HK","SECURITY_CODE":"06908","SECURITY_NAME_ABBR":"宏光半导体","ORG_CODE":"10541043","STD_REPORT_DATE":"2023-12-31 00:00:00","REPORT_DATE":"2023-12-31 00:00:00","DATE_TYPE_CODE":"001","REPORT_TYPE":"2023年年报","PER_NETCASH_OPERATE":-0.030879238723,"PER_OI":0.117967426304,"BPS":0.728287750867,"BASIC_EPS":-0.2365,"DILUTED_EPS":-0.2365,"OPERATE_INCOME":88600000,"OPERATE_INCOME_YOY":1.2363171005,"GROSS_PROFIT":8532000,"GROSS_PROFIT_YOY":-48.073763008947,"HOLDER_PROFIT":-150723000,"HOLDER_PROFIT_YOY":-48.8078430598,"GROSS_PROFIT_RATIO":9.629796839729,"EPS_TTM":-0.200681765179,"OPERATE_INCOME_QOQ":-1.540239592826,"NET_PROFIT_RATIO":-177.8476297968,"ROE_AVG":-23.596851310858,"GROSS_PROFIT_QOQ":-25.085608920889,"ROA":-20.324111343493,"HOLDER_PROFIT_QOQ":-52.420969601359,"ROE_YEARLY":-23.596851310858,"ROIC_YEARLY":-22.545739026897,"TOTAL_ASSETS":764886000,"TOTAL_LIABILITIES":44276000,"TAX_EBT":1.829180918204,"OCF_SALES":-26.176072234763,"TOTAL_PARENT_EQUITY":683730000,"DEBT_ASSET_RATIO":5.7885750295,"OPERATE_PROFIT":-152338000,"PRETAX_PROFIT":-160509000,"NETCASH_OPERATE":-23192000,"NETCASH_INVEST":-53568000,"NETCASH_FINANCE":82164000,"END_CASH":49287000,"DIVI_RATIO":null,"DIVIDEND_RATE":null,"CURRENT_RATIO":8.208679780977,"COMMON_ACS":10000000000,"CURRENTDEBT_DEBT":89.095672599151,"ISSUED_COMMON_SHARES":938818481,"HK_COMMON_SHARES":938818481,"PER_SHARES":5000,"TOTAL_MARKET_CAP":572679273.41,"HKSK_MARKET_CAP":572679273.41,"PE_TTM":-3.320142548309,"PB_TTM":0.874680021982,"REPORT_DATE_SQ":"2022-12-31 00:00:00","REPORT_TYPE_SQ":"2022年年报","OPERATE_INCOME_SQ":87518000,"DPS_HKD":null,"OPERATE_INCOME_QOQ_SQ":-7.166344909519,"NET_PROFIT_RATIO_SQ":-115.7327635458,"HOLDER_PROFIT_SQ":-101287000,"HOLDER_PROFIT_QOQ_SQ":77.845414199566,"ROE_AVG_SQ":-16.837739330643,"PE_TTM_SQ":-3.599267920203,"PB_TTM_SQ":0.604987040814,"ROA_SQ":-14.63493574901,"START_DATE":"2023-01-01 00:00:00","FISCAL_YEAR":"12-31","CURRENCY":"HKD","IS_CNY_CODE":0,"DPS_HKD_LY":null,"ORG_TYPE":"一般企业","PREMIUM_INCOME":null,"PREMIUM_INCOME_YOY":null,"NET_INTEREST_INCOME":null,"NET_INTEREST_INCOME_YOY":null,"FEE_COMMISSION_INCOME":null,"FEE_COMMISSION_INCOME_YOY":null,"ACCOUNTS_RECE_TDAYS":1.214047876786,"INVENTORY_TDAYS":1.486360303331,"CURRENT_ASSETS_TDAYS":0.290396591282,"TOTAL_ASSETS_TDAYS":0.119471896461,"PREMIUM_EXPENSE":null,"LOAN_DEPOSIT":null,"LOAN_EQUITY":null,"LOAN_ASSETS":null,"DEPOSIT_EQUITY":null,"DEPOSIT_ASSETS":null,"EQUITY_MULTIPLIER":1.061442389087,"EQUITY_RATIO":0.06475655595},{"SECUCODE":"06908.HK","SECURITY_CODE":"06908","SECURITY_NAME_ABBR":"宏光半导体","ORG_CODE":"10541043","STD_REPORT_DATE":"2023-06-30 00:00:00","REPORT_DATE":"2023-06-30 00:00:00","DATE_TYPE_CODE":"002","REPORT_TYPE":"2023年中报","PER_NETCASH_OPERATE":-0.03929369483,"PER_OI":0.073849623794,"BPS":0.621778343539,"BASIC_EPS":-0.0839,"DILUTED_EPS":-0.0839,"OPERATE_INCOME":45905000,"OPERATE_INCOME_YOY":5.6817920206,"GROSS_PROFIT":3039000,"GROSS_PROFIT_YOY":-62.393268159881,"HOLDER_PROFIT":-49114000,"HOLDER_PROFIT_YOY":4.6607784141,"GROSS_PROFIT_RATIO":6.620193878662,"EPS_TTM":-0.159082755658,"OPERATE_INCOME_QOQ":2.819991316072,"NET_PROFIT_RATIO":-113.1445376321,"ROE_AVG":-8.342144441019,"GROSS_PROFIT_QOQ":-30.685898606293,"ROA":-6.536493113019,"HOLDER_PROFIT_QOQ":2.370491770908,"ROE_YEARLY":-16.684288882038,"ROIC_YEARLY":-14.471545074779,"TOTAL_ASSETS":784455000,"TOTAL_LIABILITIES":167478000,"TAX_EBT":0.264992223054,"OCF_SALES":-53.20771157826,"TOTAL_PARENT_EQUITY":583737000,"DEBT_ASSET_RATIO":21.3495994034,"OPERATE_PROFIT":-45804000,"PRETAX_PROFIT":-52077000,"NETCASH_OPERATE":-24425000,"NETCASH_INVEST":-48885000,"NETCASH_FINANCE":80060000,"END_CASH":52005000,"DIVI_RATIO":null,"DIVIDEND_RATE":null,"CURRENT_RATIO":1.964713319189,"COMMON_ACS":10000000000,"CURRENTDEBT_DEBT":95.401784114929,"ISSUED_COMMON_SHARES":938818481,"HK_COMMON_SHARES":938818481,"PER_SHARES":5000,"TOTAL_MARKET_CAP":572679273.41,"HKSK_MARKET_CAP":572679273.41,"PE_TTM":-3.320142548309,"PB_TTM":0.874680021982,"REPORT_DATE_SQ":"2022-06-30 00:00:00","REPORT_TYPE_SQ":"2022年中报","OPERATE_INCOME_SQ":43437000,"DPS_HKD":null,"OPERATE_INCOME_QOQ_SQ":-25.260629315744,"NET_PROFIT_RATIO_SQ":-118.5970485991,"HOLDER_PROFIT_SQ":-51515000,"HOLDER_PROFIT_QOQ_SQ":-2.31790450869,"ROE_AVG_SQ":-8.689821530987,"PE_TTM_SQ":-3.599267920203,"PB_TTM_SQ":0.604987040814,"ROA_SQ":-7.910221329574,"START_DATE":"2023-01-01 00:00:00","FISCAL_YEAR":"12-31","CURRENCY":"HKD","IS_CNY_CODE":0,"DPS_HKD_LY":null,"ORG_TYPE":"一般企业","PREMIUM_INCOME":null,"PREMIUM_INCOME_YOY":null,"NET_INTEREST_INCOME":null,"NET_INTEREST_INCOME_YOY":null,"FEE_COMMISSION_INCOME":null,"FEE_COMMISSION_INCOME_YOY":null,"ACCOUNTS_RECE_TDAYS":0.543466679295,"INVENTORY_TDAYS":0.796025998143,"CURRENT_ASSETS_TDAYS":0.152940196568,"TOTAL_ASSETS_TDAYS":0.061094131277,"PREMIUM_EXPENSE":null,"LOAN_DEPOSIT":null,"LOAN_EQUITY":null,"LOAN_ASSETS":null,"DEPOSIT_EQUITY":null,"DEPOSIT_ASSETS":null,"EQUITY_MULTIPLIER":1.271449340899,"EQUITY_RATIO":0.286906603488},{"SECUCODE":"06908.HK","SECURITY_CODE":"06908","SECURITY_NAME_ABBR":"宏光半导体","ORG_CODE":"10541043","STD_REPORT_DATE":"2022-12-31 00:00:00","REPORT_DATE":"2022-12-31 00:00:00","DATE_TYPE_CODE":"001","REPORT_TYPE":"2022年年报","PER_NETCASH_OPERATE":-0.163072278074,"PER_OI":0.150477733016,"BPS":0.632448137757,"BASIC_EPS":-0.1781,"DILUTED_EPS":-0.1781,"OPERATE_INCOME":87518000,"OPERATE_INCOME_YOY":-30.6167104022,"GROSS_PROFIT":16431000,"GROSS_PROFIT_YOY":-35.582389148077,"HOLDER_PROFIT":-101287000,"HOLDER_PROFIT_YOY":77.3318920564,"GROSS_PROFIT_RATIO":18.774423547156,"EPS_TTM":-0.174152038941,"OPERATE_INCOME_QOQ":-7.166344909519,"NET_PROFIT_RATIO":-115.7327635458,"ROE_AVG":-16.837739330643,"GROSS_PROFIT_QOQ":-9.331199646838,"ROA":-14.63493574901,"HOLDER_PROFIT_QOQ":77.845414199566,"ROE_YEARLY":-16.837739330643,"ROIC_YEARLY":-16.733963567154,"TOTAL_ASSETS":718308000,"TOTAL_LIABILITIES":108363000,"TAX_EBT":0.353186549397,"OCF_SALES":-108.369706803172,"TOTAL_PARENT_EQUITY":593754000,"DEBT_ASSET_RATIO":15.0858684575,"OPERATE_PROFIT":-99638000,"PRETAX_PROFIT":-101646000,"NETCASH_OPERATE":-94843000,"NETCASH_INVEST":-53703000,"NETCASH_FINANCE":75544000,"END_CASH":43794000,"DIVI_RATIO":null,"DIVIDEND_RATE":null,"CURRENT_RATIO":2.94730775564,"COMMON_ACS":10000000000,"CURRENTDEBT_DEBT":89.668982955437,"ISSUED_COMMON_SHARES":938818481,"HK_COMMON_SHARES":938818481,"PER_SHARES":5000,"TOTAL_MARKET_CAP":572679273.41,"HKSK_MARKET_CAP":572679273.41,"PE_TTM":-3.320142548309,"PB_TTM":0.874680021982,"REPORT_DATE_SQ":"2021-12-31 00:00:00","REPORT_TYPE_SQ":"2021年年报","OPERATE_INCOME_SQ":126137000,"DPS_HKD":null,"OPERATE_INCOME_QOQ_SQ":-18.341544258071,"NET_PROFIT_RATIO_SQ":-354.2386452825,"HOLDER_PROFIT_SQ":-446826000,"HOLDER_PROFIT_QOQ_SQ":-1117.21103816503,"ROE_AVG_SQ":-114.351156368922,"PE_TTM_SQ":-3.599267920203,"PB_TTM_SQ":0.604987040814,"ROA_SQ":-100.812681623739,"START_DATE":"2022-01-01 00:00:00","FISCAL_YEAR":"12-31","CURRENCY":"HKD","IS_CNY_CODE":0,"DPS_HKD_LY":null,"ORG_TYPE":"一般企业","PREMIUM_INCOME":null,"PREMIUM_INCOME_YOY":null,"NET_INTEREST_INCOME":null,"NET_INTEREST_INCOME_YOY":null,"FEE_COMMISSION_INCOME":null,"FEE_COMMISSION_INCOME_YOY":null,"ACCOUNTS_RECE_TDAYS":1.002250304908,"INVENTORY_TDAYS":1.5034685504,"CURRENT_ASSETS_TDAYS":0.291333366622,"TOTAL_ASSETS_TDAYS":0.126454560495,"PREMIUM_EXPENSE":null,"LOAN_DEPOSIT":null,"LOAN_EQUITY":null,"LOAN_ASSETS":null,"DEPOSIT_EQUITY":null,"DEPOSIT_ASSETS":null,"EQUITY_MULTIPLIER":1.177660280844,"EQUITY_RATIO":0.182504875757},{"SECUCODE":"06908.HK","SECURITY_CODE":"06908","SECURITY_NAME_ABBR":"宏光半导体","ORG_CODE":"10541043","STD_REPORT_DATE":"2022-06-30 00:00:00","REPORT_DATE":"2022-06-30 00:00:00","DATE_TYPE_CODE":"002","REPORT_TYPE":"2022年中报","PER_NETCASH_OPERATE":-0.060957325436,"PER_OI":0.077071848202,"BPS":0.613855619231,"BASIC_EPS":-0.0914,"DILUTED_EPS":-0.0914,"OPERATE_INCOME":43437000,"OPERATE_INCOME_YOY":-42.3147410359,"GROSS_PROFIT":8081000,"GROSS_PROFIT_YOY":-47.749903013061,"HOLDER_PROFIT":-51515000,"HOLDER_PROFIT_YOY":-25.1640021381,"GROSS_PROFIT_RATIO":18.603955153441,"EPS_TTM":-0.81119641726,"OPERATE_INCOME_QOQ":-25.260629315744,"NET_PROFIT_RATIO":-118.5970485991,"ROE_AVG":-8.689821530987,"GROSS_PROFIT_QOQ":-28.952836476261,"ROA":-7.910221329574,"HOLDER_PROFIT_QOQ":-2.31790450869,"ROE_YEARLY":-17.379643061975,"ROIC_YEARLY":-17.869624413553,"TOTAL_ASSETS":636619000,"TOTAL_LIABILITIES":60320000,"TAX_EBT":1.967687301376,"OCF_SALES":-79.091557888436,"TOTAL_PARENT_EQUITY":576299000,"DEBT_ASSET_RATIO":9.4750549387,"OPERATE_PROFIT":-51552000,"PRETAX_PROFIT":-52549000,"NETCASH_OPERATE":-34355000,"NETCASH_INVEST":-43236000,"NETCASH_FINANCE":-1406000,"END_CASH":35722000,"DIVI_RATIO":null,"DIVIDEND_RATE":null,"CURRENT_RATIO":5.234242337816,"COMMON_ACS":10000000000,"CURRENTDEBT_DEBT":75.565318302387,"ISSUED_COMMON_SHARES":938818481,"HK_COMMON_SHARES":938818481,"PER_SHARES":5000,"TOTAL_MARKET_CAP":572679273.41,"HKSK_MARKET_CAP":572679273.41,"PE_TTM":-3.320142548309,"PB_TTM":0.874680021982,"REPORT_DATE_SQ":"2021-06-30 00:00:00","REPORT_TYPE_SQ":"2021年中报","OPERATE_INCOME_SQ":75300000,"DPS_HKD":null,"OPERATE_INCOME_QOQ_SQ":26.619123734579,"NET_PROFIT_RATIO_SQ":-54.6586985392,"HOLDER_PROFIT_SQ":-41158000,"HOLDER_PROFIT_QOQ_SQ":-904.492658338812,"ROE_AVG_SQ":-19.938138386899,"PE_TTM_SQ":-3.599267920203,"PB_TTM_SQ":0.604987040814,"ROA_SQ":-15.474008530669,"START_DATE":"2022-01-01 00:00:00","FISCAL_YEAR":"12-31","CURRENCY":"HKD","IS_CNY_CODE":0,"DPS_HKD_LY":null,"ORG_TYPE":"一般企业","PREMIUM_INCOME":null,"PREMIUM_INCOME_YOY":null,"NET_INTEREST_INCOME":null,"NET_INTEREST_INCOME_YOY":null,"FEE_COMMISSION_INCOME":null,"FEE_COMMISSION_INCOME_YOY":null,"ACCOUNTS_RECE_TDAYS":0.449100496278,"INVENTORY_TDAYS":0.790546357061,"CURRENT_ASSETS_TDAYS":0.157093568267,"TOTAL_ASSETS_TDAYS":0.066698298339,"PREMIUM_EXPENSE":null,"LOAN_DEPOSIT":null,"LOAN_EQUITY":null,"LOAN_ASSETS":null,"DEPOSIT_EQUITY":null,"DEPOSIT_ASSETS":null,"EQUITY_MULTIPLIER":1.104667889412,"EQUITY_RATIO":0.104667889412},{"SECUCODE":"06908.HK","SECURITY_CODE":"06908","SECURITY_NAME_ABBR":"宏光半导体","ORG_CODE":"10541043","STD_REPORT_DATE":"2021-12-31 00:00:00","REPORT_DATE":"2021-12-31 00:00:00","DATE_TYPE_CODE":"001","REPORT_TYPE":"2021年年报","PER_NETCASH_OPERATE":-0.106353721049,"PER_OI":0.223809464665,"BPS":0.649050921272,"BASIC_EPS":-0.9222,"DILUTED_EPS":-0.9222,"OPERATE_INCOME":126137000,"OPERATE_INCOME_YOY":3.3952211156,"GROSS_PROFIT":25507000,"GROSS_PROFIT_YOY":-3.276326267491,"HOLDER_PROFIT":-446826000,"HOLDER_PROFIT_YOY":-9892.3734385273,"GROSS_PROFIT_RATIO":20.221663746561,"EPS_TTM":-0.792819615643,"OPERATE_INCOME_QOQ":-18.341544258071,"NET_PROFIT_RATIO":-354.2386452825,"ROE_AVG":-114.351156368922,"GROSS_PROFIT_QOQ":-20.412493369528,"ROA":-100.812681623739,"HOLDER_PROFIT_QOQ":-1117.21103816503,"ROE_YEARLY":-114.351156368922,"ROIC_YEARLY":-117.026219366869,"TOTAL_ASSETS":665873000,"TOTAL_LIABILITIES":56532000,"TAX_EBT":0.178274623345,"OCF_SALES":-47.519760260669,"TOTAL_PARENT_EQUITY":609341000,"DEBT_ASSET_RATIO":8.4899072346,"OPERATE_PROFIT":-72067000,"PRETAX_PROFIT":-447624000,"NETCASH_OPERATE":-59940000,"NETCASH_INVEST":-217407000,"NETCASH_FINANCE":385805000,"END_CASH":113640000,"DIVI_RATIO":null,"DIVIDEND_RATE":null,"CURRENT_RATIO":8.132267742603,"COMMON_ACS":10000000000,"CURRENTDEBT_DEBT":68.393122479304,"ISSUED_COMMON_SHARES":938818481,"HK_COMMON_SHARES":938818481,"PER_SHARES":5000,"TOTAL_MARKET_CAP":572679273.41,"HKSK_MARKET_CAP":572679273.41,"PE_TTM":-3.320142548309,"PB_TTM":0.874680021982,"REPORT_DATE_SQ":"2020-12-31 00:00:00","REPORT_TYPE_SQ":"2020年年报","OPERATE_INCOME_SQ":121995000,"DPS_HKD":null,"OPERATE_INCOME_QOQ_SQ":-37.892009123121,"NET_PROFIT_RATIO_SQ":3.7403172261,"HOLDER_PROFIT_SQ":4563000,"HOLDER_PROFIT_QOQ_SQ":-67.645181876197,"ROE_AVG_SQ":2.686068997183,"PE_TTM_SQ":-3.599267920203,"PB_TTM_SQ":0.604987040814,"ROA_SQ":1.955553269862,"START_DATE":"2021-01-01 00:00:00","FISCAL_YEAR":"12-31","CURRENCY":"HKD","IS_CNY_CODE":0,"DPS_HKD_LY":null,"ORG_TYPE":"一般企业","PREMIUM_INCOME":null,"PREMIUM_INCOME_YOY":null,"NET_INTEREST_INCOME":null,"NET_INTEREST_INCOME_YOY":null,"FEE_COMMISSION_INCOME":null,"FEE_COMMISSION_INCOME_YOY":null,"ACCOUNTS_RECE_TDAYS":1.1911009967,"INVENTORY_TDAYS":2.718701032042,"CURRENT_ASSETS_TDAYS":0.506549885146,"TOTAL_ASSETS_TDAYS":0.284589733408,"PREMIUM_EXPENSE":null,"LOAN_DEPOSIT":null,"LOAN_EQUITY":null,"LOAN_ASSETS":null,"DEPOSIT_EQUITY":null,"DEPOSIT_ASSETS":null,"EQUITY_MULTIPLIER":1.092775637944,"EQUITY_RATIO":0.092775637943},{"SECUCODE":"06908.HK","SECURITY_CODE":"06908","SECURITY_NAME_ABBR":"宏光半导体","ORG_CODE":"10541043","STD_REPORT_DATE":"2021-06-30 00:00:00","REPORT_DATE":"2021-06-30 00:00:00","DATE_TYPE_CODE":"002","REPORT_TYPE":"2021年中报","PER_NETCASH_OPERATE":0.003122916667,"PER_OI":0.156875,"BPS":0.256386090465,"BASIC_EPS":-0.097,"DILUTED_EPS":-0.097,"OPERATE_INCOME":75300000,"OPERATE_INCOME_YOY":75.8277681782,"GROSS_PROFIT":15466000,"GROSS_PROFIT_YOY":58.009807928075,"HOLDER_PROFIT":-41158000,"HOLDER_PROFIT_YOY":-36203.5087719298,"GROSS_PROFIT_RATIO":20.539176626826,"EPS_TTM":-0.076477083333,"OPERATE_INCOME_QOQ":26.619123734579,"NET_PROFIT_RATIO":-54.6586985392,"ROE_AVG":-19.938138386899,"GROSS_PROFIT_QOQ":21.531227484737,"ROA":-15.474008530669,"HOLDER_PROFIT_QOQ":-904.492658338812,"ROE_YEARLY":-39.876276773798,"ROIC_YEARLY":-31.941887154135,"TOTAL_ASSETS":311388000,"TOTAL_LIABILITIES":70688000,"TAX_EBT":-2.897572439311,"OCF_SALES":1.990703851262,"TOTAL_PARENT_EQUITY":240700000,"DEBT_ASSET_RATIO":22.7009390214,"OPERATE_PROFIT":-39680000,"PRETAX_PROFIT":-39999000,"NETCASH_OPERATE":1499000,"NETCASH_INVEST":-38446000,"NETCASH_FINANCE":35100000,"END_CASH":7378000,"DIVI_RATIO":null,"DIVIDEND_RATE":null,"CURRENT_RATIO":2.489472778383,"COMMON_ACS":10000000000,"CURRENTDEBT_DEBT":98.636260751471,"ISSUED_COMMON_SHARES":938818481,"HK_COMMON_SHARES":938818481,"PER_SHARES":5000,"TOTAL_MARKET_CAP":572679273.41,"HKSK_MARKET_CAP":572679273.41,"PE_TTM":-3.320142548309,"PB_TTM":0.874680021982,"REPORT_DATE_SQ":"2020-06-30 00:00:00","REPORT_TYPE_SQ":"2020年中报","OPERATE_INCOME_SQ":42826000,"DPS_HKD":null,"OPERATE_INCOME_QOQ_SQ":-19.253473649593,"NET_PROFIT_RATIO_SQ":0.2661934339,"HOLDER_PROFIT_SQ":114000,"HOLDER_PROFIT_QOQ_SQ":-18.375969440908,"ROE_AVG_SQ":0.067993331882,"PE_TTM_SQ":-3.599267920203,"PB_TTM_SQ":0.604987040814,"ROA_SQ":0.050787201625,"START_DATE":"2021-01-01 00:00:00","FISCAL_YEAR":"12-31","CURRENCY":"HKD","IS_CNY_CODE":0,"DPS_HKD_LY":null,"ORG_TYPE":"一般企业","PREMIUM_INCOME":null,"PREMIUM_INCOME_YOY":null,"NET_INTEREST_INCOME":null,"NET_INTEREST_INCOME_YOY":null,"FEE_COMMISSION_INCOME":null,"FEE_COMMISSION_INCOME_YOY":null,"ACCOUNTS_RECE_TDAYS":0.686226709985,"INVENTORY_TDAYS":1.485156870532,"CURRENT_ASSETS_TDAYS":0.42164323271,"TOTAL_ASSETS_TDAYS":0.283102396219,"PREMIUM_EXPENSE":null,"LOAN_DEPOSIT":null,"LOAN_EQUITY":null,"LOAN_ASSETS":null,"DEPOSIT_EQUITY":null,"DEPOSIT_ASSETS":null,"EQUITY_MULTIPLIER":1.29367677607,"EQUITY_RATIO":0.29367677607},{"SECUCODE":"06908.HK","SECURITY_CODE":"06908","SECURITY_NAME_ABBR":"宏光半导体","ORG_CODE":"10541043","STD_REPORT_DATE":"2020-12-31 00:00:00","REPORT_DATE":"2020-12-31 00:00:00","DATE_TYPE_CODE":"001","REPORT_TYPE":"2020年年报","PER_NETCASH_OPERATE":-0.054645,"PER_OI":0.3049875,"BPS":0.18337623671,"BASIC_EPS":0.0114,"DILUTED_EPS":0.0114,"OPERATE_INCOME":121995000,"OPERATE_INCOME_YOY":-49.8499547809,"GROSS_PROFIT":26371000,"GROSS_PROFIT_YOY":-56.240873489977,"HOLDER_PROFIT":4563000,"HOLDER_PROFIT_YOY":-73.5906933673,"GROSS_PROFIT_RATIO":21.616459690971,"EPS_TTM":0.0114075,"OPERATE_INCOME_QOQ":-37.892009123121,"NET_PROFIT_RATIO":3.7403172261,"ROE_AVG":2.686068997183,"GROSS_PROFIT_QOQ":-45.954420625487,"ROA":1.955553269862,"HOLDER_PROFIT_QOQ":-67.645181876197,"ROE_YEARLY":2.686068997183,"ROIC_YEARLY":2.136175950114,"TOTAL_ASSETS":220575000,"TOTAL_LIABILITIES":48418000,"TAX_EBT":28.636221457617,"OCF_SALES":-17.917127751137,"TOTAL_PARENT_EQUITY":172157000,"DEBT_ASSET_RATIO":21.950810382,"OPERATE_PROFIT":10099000,"PRETAX_PROFIT":6394000,"NETCASH_OPERATE":-21858000,"NETCASH_INVEST":3047000,"NETCASH_FINANCE":-2487000,"END_CASH":9174000,"DIVI_RATIO":null,"DIVIDEND_RATE":null,"CURRENT_RATIO":3.882303186653,"COMMON_ACS":10000000000,"CURRENTDEBT_DEBT":97.672353257053,"ISSUED_COMMON_SHARES":938818481,"HK_COMMON_SHARES":938818481,"PER_SHARES":5000,"TOTAL_MARKET_CAP":572679273.41,"HKSK_MARKET_CAP":572679273.41,"PE_TTM":-3.320142548309,"PB_TTM":0.874680021982,"REPORT_DATE_SQ":"2019-12-31 00:00:00","REPORT_TYPE_SQ":"2019年年报","OPERATE_INCOME_SQ":243260000,"DPS_HKD":null,"OPERATE_INCOME_QOQ_SQ":0.946974412602,"NET_PROFIT_RATIO_SQ":7.1026884815,"HOLDER_PROFIT_SQ":17278000,"HOLDER_PROFIT_QOQ_SQ":-28.419918800232,"ROE_AVG_SQ":10.873300063561,"PE_TTM_SQ":-3.599267920203,"PB_TTM_SQ":0.604987040814,"ROA_SQ":7.764625520173,"START_DATE":"2020-01-01 00:00:00","FISCAL_YEAR":"12-31","CURRENCY":"HKD","IS_CNY_CODE":0,"DPS_HKD_LY":null,"ORG_TYPE":"一般企业","PREMIUM_INCOME":null,"PREMIUM_INCOME_YOY":null,"NET_INTEREST_INCOME":null,"NET_INTEREST_INCOME_YOY":null,"FEE_COMMISSION_INCOME":null,"FEE_COMMISSION_INCOME_YOY":null,"ACCOUNTS_RECE_TDAYS":0.969749722775,"INVENTORY_TDAYS":3.094627831715,"CURRENT_ASSETS_TDAYS":0.616494428582,"TOTAL_ASSETS_TDAYS":0.522830859428,"PREMIUM_EXPENSE":null,"LOAN_DEPOSIT":null,"LOAN_EQUITY":null,"LOAN_ASSETS":null,"DEPOSIT_EQUITY":null,"DEPOSIT_ASSETS":null,"EQUITY_MULTIPLIER":1.281243283748,"EQUITY_RATIO":0.281243283747},{"SECUCODE":"06908.HK","SECURITY_CODE":"06908","SECURITY_NAME_ABBR":"宏光半导体","ORG_CODE":"10541043","STD_REPORT_DATE":"2020-06-30 00:00:00","REPORT_DATE":"2020-06-30 00:00:00","DATE_TYPE_CODE":"002","REPORT_TYPE":"2020年中报","PER_NETCASH_OPERATE":-0.074415,"PER_OI":0.107065,"BPS":0.178661800332,"BASIC_EPS":0.0003,"DILUTED_EPS":0.0003,"OPERATE_INCOME":42826000,"OPERATE_INCOME_YOY":-52.2361758605,"GROSS_PROFIT":9788000,"GROSS_PROFIT_YOY":-53.956157681814,"HOLDER_PROFIT":114000,"HOLDER_PROFIT_YOY":-96.5339008817,"GROSS_PROFIT_RATIO":22.855274833045,"EPS_TTM":0.0352575,"OPERATE_INCOME_QOQ":-19.253473649593,"NET_PROFIT_RATIO":0.2661934339,"ROE_AVG":0.067993331882,"GROSS_PROFIT_QOQ":-19.0329218107,"ROA":0.050787201625,"HOLDER_PROFIT_QOQ":-18.375969440908,"ROE_YEARLY":0.135986663764,"ROIC_YEARLY":0.109494835013,"TOTAL_ASSETS":202836000,"TOTAL_LIABILITIES":35105000,"TAX_EBT":33.720930232558,"OCF_SALES":-69.504506608135,"TOTAL_PARENT_EQUITY":167731000,"DEBT_ASSET_RATIO":17.3070855272,"OPERATE_PROFIT":520000,"PRETAX_PROFIT":172000,"NETCASH_OPERATE":-29766000,"NETCASH_INVEST":8866000,"NETCASH_FINANCE":-7201000,"END_CASH":2189000,"DIVI_RATIO":null,"DIVIDEND_RATE":null,"CURRENT_RATIO":5.047278022109,"COMMON_ACS":10000000000,"CURRENTDEBT_DEBT":95.860988463182,"ISSUED_COMMON_SHARES":938818481,"HK_COMMON_SHARES":938818481,"PER_SHARES":5000,"TOTAL_MARKET_CAP":572679273.41,"HKSK_MARKET_CAP":572679273.41,"PE_TTM":-3.320142548309,"PB_TTM":0.874680021982,"REPORT_DATE_SQ":"2019-06-30 00:00:00","REPORT_TYPE_SQ":"2019年中报","OPERATE_INCOME_SQ":89662000,"DPS_HKD":null,"OPERATE_INCOME_QOQ_SQ":9.387708724902,"NET_PROFIT_RATIO_SQ":3.6682206509,"HOLDER_PROFIT_SQ":3289000,"HOLDER_PROFIT_QOQ_SQ":4.370810912867,"ROE_AVG_SQ":2.166538215784,"PE_TTM_SQ":-3.599267920203,"PB_TTM_SQ":0.604987040814,"ROA_SQ":1.680002656131,"START_DATE":"2020-01-01 00:00:00","FISCAL_YEAR":"12-31","CURRENCY":"HKD","IS_CNY_CODE":0,"DPS_HKD_LY":null,"ORG_TYPE":"一般企业","PREMIUM_INCOME":null,"PREMIUM_INCOME_YOY":null,"NET_INTEREST_INCOME":null,"NET_INTEREST_INCOME_YOY":null,"FEE_COMMISSION_INCOME":null,"FEE_COMMISSION_INCOME_YOY":null,"ACCOUNTS_RECE_TDAYS":0.316725215398,"INVENTORY_TDAYS":1.375265370686,"CURRENT_ASSETS_TDAYS":0.22420639595,"TOTAL_ASSETS_TDAYS":0.190790587439,"PREMIUM_EXPENSE":null,"LOAN_DEPOSIT":null,"LOAN_EQUITY":null,"LOAN_ASSETS":null,"DEPOSIT_EQUITY":null,"DEPOSIT_ASSETS":null,"EQUITY_MULTIPLIER":1.209293452015,"EQUITY_RATIO":0.209293452015}],"count":27},"success":true,"message":"ok","code":0}