{"version":"7acd933f3b48c81b3f8258925d0621f4","result":{"pages":2,"data":[{"SECUCODE":"06919.HK","SECURITY_CODE":"06919","SECURITY_NAME_ABBR":"人瑞人才","ORG_CODE":"10000023758","STD_REPORT_DATE":"2024-06-30 00:00:00","REPORT_DATE":"2024-06-30 00:00:00","DATE_TYPE_CODE":"002","REPORT_TYPE":"2024年中报","PER_NETCASH_OPERATE":-1.091155915953,"PER_OI":15.841416188969,"BPS":8.237153775977,"BASIC_EPS":0.14,"DILUTED_EPS":0.14,"OPERATE_INCOME":2482348000,"OPERATE_INCOME_YOY":20.0185272571,"GROSS_PROFIT":230442000,"GROSS_PROFIT_YOY":37.567457853766,"HOLDER_PROFIT":21853000,"HOLDER_PROFIT_YOY":117.2698349572,"GROSS_PROFIT_RATIO":9.283227009267,"EPS_TTM":0.337205110414,"OPERATE_INCOME_QOQ":9.25823067628,"NET_PROFIT_RATIO":0.8215205926,"ROE_AVG":1.697628268894,"GROSS_PROFIT_QOQ":14.894745063882,"ROA":0.91900377686,"HOLDER_PROFIT_QOQ":28.736752344987,"ROE_YEARLY":3.395256537788,"ROIC_YEARLY":2.315288393945,"TOTAL_ASSETS":2464445000,"TOTAL_LIABILITIES":954148000,"TAX_EBT":24.116246185905,"OCF_SALES":-6.887994753354,"TOTAL_PARENT_EQUITY":1290761000,"DEBT_ASSET_RATIO":38.7165467276,"OPERATE_PROFIT":31487000,"PRETAX_PROFIT":26874000,"NETCASH_OPERATE":-170984000,"NETCASH_INVEST":21275000,"NETCASH_FINANCE":119667000,"END_CASH":255207000,"DIVI_RATIO":0.241869999835,"DIVIDEND_RATE":2.25,"CURRENT_RATIO":2.056771187743,"COMMON_ACS":2000000000,"CURRENTDEBT_DEBT":97.494623475603,"ISSUED_COMMON_SHARES":156699879,"HK_COMMON_SHARES":156699879,"PER_SHARES":100,"TOTAL_MARKET_CAP":626799516,"HKSK_MARKET_CAP":626799516,"PE_TTM":10.74626934124,"PB_TTM":0.443201632419,"REPORT_DATE_SQ":"2023-06-30 00:00:00","REPORT_TYPE_SQ":"2023年中报","OPERATE_INCOME_SQ":2068304000,"DPS_HKD":0.09,"OPERATE_INCOME_QOQ_SQ":9.191763076442,"NET_PROFIT_RATIO_SQ":0.911423079,"HOLDER_PROFIT_SQ":10058000,"HOLDER_PROFIT_QOQ_SQ":485.868821032452,"ROE_AVG_SQ":0.80090968306,"PE_TTM_SQ":23.217452675002,"PB_TTM_SQ":0.549104803958,"ROA_SQ":0.469917764391,"START_DATE":"2024-01-01 00:00:00","FISCAL_YEAR":"12-31","CURRENCY":"HKD","IS_CNY_CODE":0,"DPS_HKD_LY":0.09,"ORG_TYPE":"一般企业","PREMIUM_INCOME":null,"PREMIUM_INCOME_YOY":null,"NET_INTEREST_INCOME":null,"NET_INTEREST_INCOME_YOY":null,"FEE_COMMISSION_INCOME":null,"FEE_COMMISSION_INCOME_YOY":null,"ACCOUNTS_RECE_TDAYS":1.750625186004,"INVENTORY_TDAYS":null,"CURRENT_ASSETS_TDAYS":1.353857229536,"TOTAL_ASSETS_TDAYS":1.043924032161,"PREMIUM_EXPENSE":null,"LOAN_DEPOSIT":null,"LOAN_EQUITY":null,"LOAN_ASSETS":null,"DEPOSIT_EQUITY":null,"DEPOSIT_ASSETS":null,"EQUITY_MULTIPLIER":1.631761832276,"EQUITY_RATIO":0.739213533722},{"SECUCODE":"06919.HK","SECURITY_CODE":"06919","SECURITY_NAME_ABBR":"人瑞人才","ORG_CODE":"10000023758","STD_REPORT_DATE":"2023-12-31 00:00:00","REPORT_DATE":"2023-12-31 00:00:00","DATE_TYPE_CODE":"001","REPORT_TYPE":"2023年年报","PER_NETCASH_OPERATE":-0.969286006915,"PER_OI":28.539728483134,"BPS":8.192552592845,"BASIC_EPS":0.27,"DILUTED_EPS":0.26,"OPERATE_INCOME":4472172000,"OPERATE_INCOME_YOY":22.9225526998,"GROSS_PROFIT":422498000,"GROSS_PROFIT_YOY":128.748240389821,"HOLDER_PROFIT":41045000,"HOLDER_PROFIT_YOY":662.0293030262,"GROSS_PROFIT_RATIO":9.447266339488,"EPS_TTM":0.261933833401,"OPERATE_INCOME_QOQ":12.574931694918,"NET_PROFIT_RATIO":1.5157288226,"ROE_AVG":3.244838457719,"GROSS_PROFIT_QOQ":47.4857487948,"ROA":1.85755753699,"HOLDER_PROFIT_QOQ":45.652945351313,"ROE_YEARLY":3.244838457719,"ROIC_YEARLY":2.446305107798,"TOTAL_ASSETS":2291357000,"TOTAL_LIABILITIES":786829000,"TAX_EBT":9.108462167634,"OCF_SALES":-3.396269195371,"TOTAL_PARENT_EQUITY":1283772000,"DEBT_ASSET_RATIO":34.3389964986,"OPERATE_PROFIT":82793000,"PRETAX_PROFIT":74579000,"NETCASH_OPERATE":-151887000,"NETCASH_INVEST":38779000,"NETCASH_FINANCE":43222000,"END_CASH":284877000,"DIVI_RATIO":0.311375582684,"DIVIDEND_RATE":2.050113895216,"CURRENT_RATIO":2.282926003788,"COMMON_ACS":2000000000,"CURRENTDEBT_DEBT":97.634301735193,"ISSUED_COMMON_SHARES":156699879,"HK_COMMON_SHARES":156699879,"PER_SHARES":100,"TOTAL_MARKET_CAP":687912468.81,"HKSK_MARKET_CAP":687912468.81,"PE_TTM":11.794030602011,"PB_TTM":0.48641379158,"REPORT_DATE_SQ":"2022-12-31 00:00:00","REPORT_TYPE_SQ":"2022年年报","OPERATE_INCOME_SQ":3638203000,"DPS_HKD":0.09,"OPERATE_INCOME_QOQ_SQ":-16.261508221473,"NET_PROFIT_RATIO_SQ":0.18844468,"HOLDER_PROFIT_SQ":-7303000,"HOLDER_PROFIT_QOQ_SQ":-637.776141384389,"ROE_AVG_SQ":-0.584024845247,"PE_TTM_SQ":24.08629705785,"PB_TTM_SQ":0.56965342448,"ROA_SQ":-0.354444620515,"START_DATE":"2023-01-01 00:00:00","FISCAL_YEAR":"12-31","CURRENCY":"HKD","IS_CNY_CODE":0,"DPS_HKD_LY":null,"ORG_TYPE":"一般企业","PREMIUM_INCOME":null,"PREMIUM_INCOME_YOY":null,"NET_INTEREST_INCOME":null,"NET_INTEREST_INCOME_YOY":null,"FEE_COMMISSION_INCOME":null,"FEE_COMMISSION_INCOME_YOY":null,"ACCOUNTS_RECE_TDAYS":3.961451738273,"INVENTORY_TDAYS":null,"CURRENT_ASSETS_TDAYS":2.752108386562,"TOTAL_ASSETS_TDAYS":2.023953418277,"PREMIUM_EXPENSE":null,"LOAN_DEPOSIT":null,"LOAN_EQUITY":null,"LOAN_ASSETS":null,"DEPOSIT_EQUITY":null,"DEPOSIT_ASSETS":null,"EQUITY_MULTIPLIER":1.522973982538,"EQUITY_RATIO":0.612904004761},{"SECUCODE":"06919.HK","SECURITY_CODE":"06919","SECURITY_NAME_ABBR":"人瑞人才","ORG_CODE":"10000023758","STD_REPORT_DATE":"2023-06-30 00:00:00","REPORT_DATE":"2023-06-30 00:00:00","DATE_TYPE_CODE":"002","REPORT_TYPE":"2023年中报","PER_NETCASH_OPERATE":-1.187205766764,"PER_OI":13.199142291616,"BPS":8.076279369686,"BASIC_EPS":0.07,"DILUTED_EPS":0.06,"OPERATE_INCOME":2068304000,"OPERATE_INCOME_YOY":19.286990113,"GROSS_PROFIT":167512000,"GROSS_PROFIT_YOY":154.790478363374,"HOLDER_PROFIT":10058000,"HOLDER_PROFIT_YOY":139.5594886922,"GROSS_PROFIT_RATIO":8.099002854513,"EPS_TTM":0.179834216719,"OPERATE_INCOME_QOQ":9.191763076442,"NET_PROFIT_RATIO":0.911423079,"ROE_AVG":0.80090968306,"GROSS_PROFIT_QOQ":55.098538170005,"ROA":0.469917764391,"HOLDER_PROFIT_QOQ":485.868821032452,"ROE_YEARLY":1.60181936612,"ROIC_YEARLY":1.228090900461,"TOTAL_ASSETS":2152862000,"TOTAL_LIABILITIES":675015000,"TAX_EBT":6.083100836987,"OCF_SALES":-8.994567529725,"TOTAL_PARENT_EQUITY":1265552000,"DEBT_ASSET_RATIO":31.3543088224,"OPERATE_PROFIT":23402000,"PRETAX_PROFIT":20072000,"NETCASH_OPERATE":-186035000,"NETCASH_INVEST":41647000,"NETCASH_FINANCE":23953000,"END_CASH":234537000,"DIVI_RATIO":0.453527707284,"DIVIDEND_RATE":2.050113895216,"CURRENT_RATIO":2.400502009578,"COMMON_ACS":2000000000,"CURRENTDEBT_DEBT":96.203788063969,"ISSUED_COMMON_SHARES":156699879,"HK_COMMON_SHARES":156699879,"PER_SHARES":100,"TOTAL_MARKET_CAP":687912468.81,"HKSK_MARKET_CAP":687912468.81,"PE_TTM":11.794030602011,"PB_TTM":0.48641379158,"REPORT_DATE_SQ":"2022-06-30 00:00:00","REPORT_TYPE_SQ":"2022年中报","OPERATE_INCOME_SQ":1733889000,"DPS_HKD":0.09,"OPERATE_INCOME_QOQ_SQ":-8.322723123533,"NET_PROFIT_RATIO_SQ":-1.4196410497,"HOLDER_PROFIT_SQ":-25425000,"HOLDER_PROFIT_QOQ_SQ":-98.664266674536,"ROE_AVG_SQ":-2.059202163438,"PE_TTM_SQ":24.08629705785,"PB_TTM_SQ":0.56965342448,"ROA_SQ":-1.378041311429,"START_DATE":"2023-01-01 00:00:00","FISCAL_YEAR":"12-31","CURRENCY":"HKD","IS_CNY_CODE":0,"DPS_HKD_LY":null,"ORG_TYPE":"一般企业","PREMIUM_INCOME":null,"PREMIUM_INCOME_YOY":null,"NET_INTEREST_INCOME":null,"NET_INTEREST_INCOME_YOY":null,"FEE_COMMISSION_INCOME":null,"FEE_COMMISSION_INCOME_YOY":null,"ACCOUNTS_RECE_TDAYS":1.967257771809,"INVENTORY_TDAYS":null,"CURRENT_ASSETS_TDAYS":1.354009271767,"TOTAL_ASSETS_TDAYS":0.966328088846,"PREMIUM_EXPENSE":null,"LOAN_DEPOSIT":null,"LOAN_EQUITY":null,"LOAN_ASSETS":null,"DEPOSIT_EQUITY":null,"DEPOSIT_ASSETS":null,"EQUITY_MULTIPLIER":1.456755672272,"EQUITY_RATIO":0.533375949783},{"SECUCODE":"06919.HK","SECURITY_CODE":"06919","SECURITY_NAME_ABBR":"人瑞人才","ORG_CODE":"10000023758","STD_REPORT_DATE":"2022-12-31 00:00:00","REPORT_DATE":"2022-12-31 00:00:00","DATE_TYPE_CODE":"001","REPORT_TYPE":"2022年年报","PER_NETCASH_OPERATE":0.758807222819,"PER_OI":23.21765034675,"BPS":7.952092930461,"BASIC_EPS":-0.05,"DILUTED_EPS":-0.05,"OPERATE_INCOME":3638203000,"OPERATE_INCOME_YOY":-23.23083104,"GROSS_PROFIT":184700000,"GROSS_PROFIT_YOY":-26.644928888871,"HOLDER_PROFIT":-7303000,"HOLDER_PROFIT_YOY":-107.1832551369,"GROSS_PROFIT_RATIO":5.076682087283,"EPS_TTM":-0.046605013652,"OPERATE_INCOME_QOQ":-16.261508221473,"NET_PROFIT_RATIO":0.18844468,"ROE_AVG":-0.584024845247,"GROSS_PROFIT_QOQ":14.632920191407,"ROA":-0.354444620515,"HOLDER_PROFIT_QOQ":-637.776141384389,"ROE_YEARLY":-0.584024845247,"ROIC_YEARLY":-0.503377620409,"TOTAL_ASSETS":2127887000,"TOTAL_LIABILITIES":678293000,"TAX_EBT":46.803227808814,"OCF_SALES":3.268234345362,"TOTAL_PARENT_EQUITY":1246092000,"DEBT_ASSET_RATIO":31.8763637355,"OPERATE_PROFIT":11445000,"PRETAX_PROFIT":12888000,"NETCASH_OPERATE":118905000,"NETCASH_INVEST":-328109000,"NETCASH_FINANCE":-91336000,"END_CASH":354436000,"DIVI_RATIO":-1.750022017152,"DIVIDEND_RATE":2.050113895216,"CURRENT_RATIO":2.33374355039,"COMMON_ACS":2000000000,"CURRENTDEBT_DEBT":94.52021471547,"ISSUED_COMMON_SHARES":156699879,"HK_COMMON_SHARES":156699879,"PER_SHARES":100,"TOTAL_MARKET_CAP":687912468.81,"HKSK_MARKET_CAP":687912468.81,"PE_TTM":11.794030602011,"PB_TTM":0.48641379158,"REPORT_DATE_SQ":"2021-12-31 00:00:00","REPORT_TYPE_SQ":"2021年年报","OPERATE_INCOME_SQ":4739146000,"DPS_HKD":0.09,"OPERATE_INCOME_QOQ_SQ":25.94749381776,"NET_PROFIT_RATIO_SQ":2.1596296042,"HOLDER_PROFIT_SQ":101667000,"HOLDER_PROFIT_QOQ_SQ":-50.28046615578,"ROE_AVG_SQ":8.169334481322,"PE_TTM_SQ":24.08629705785,"PB_TTM_SQ":0.56965342448,"ROA_SQ":5.403726113837,"START_DATE":"2022-01-01 00:00:00","FISCAL_YEAR":"12-31","CURRENCY":"HKD","IS_CNY_CODE":0,"DPS_HKD_LY":0.24,"ORG_TYPE":"一般企业","PREMIUM_INCOME":null,"PREMIUM_INCOME_YOY":null,"NET_INTEREST_INCOME":null,"NET_INTEREST_INCOME_YOY":null,"FEE_COMMISSION_INCOME":null,"FEE_COMMISSION_INCOME_YOY":null,"ACCOUNTS_RECE_TDAYS":4.238104584947,"INVENTORY_TDAYS":null,"CURRENT_ASSETS_TDAYS":2.310810853726,"TOTAL_ASSETS_TDAYS":1.765769521694,"PREMIUM_EXPENSE":null,"LOAN_DEPOSIT":null,"LOAN_EQUITY":null,"LOAN_ASSETS":null,"DEPOSIT_EQUITY":null,"DEPOSIT_ASSETS":null,"EQUITY_MULTIPLIER":1.467919293265,"EQUITY_RATIO":0.544336212735},{"SECUCODE":"06919.HK","SECURITY_CODE":"06919","SECURITY_NAME_ABBR":"人瑞人才","ORG_CODE":"10000023758","STD_REPORT_DATE":"2022-06-30 00:00:00","REPORT_DATE":"2022-06-30 00:00:00","DATE_TYPE_CODE":"002","REPORT_TYPE":"2022年中报","PER_NETCASH_OPERATE":-0.126030729098,"PER_OI":11.065030879826,"BPS":7.750956846623,"BASIC_EPS":-0.17,"DILUTED_EPS":-0.17,"OPERATE_INCOME":1733889000,"OPERATE_INCOME_YOY":-18.5323131209,"GROSS_PROFIT":65745000,"GROSS_PROFIT_YOY":-57.96651130675,"HOLDER_PROFIT":-25425000,"HOLDER_PROFIT_YOY":-133.9525132204,"GROSS_PROFIT_RATIO":3.791765216805,"EPS_TTM":0.008666247917,"OPERATE_INCOME_QOQ":-8.322723123533,"NET_PROFIT_RATIO":-1.4196410497,"ROE_AVG":-2.059202163438,"GROSS_PROFIT_QOQ":-36.008721588314,"ROA":-1.378041311429,"HOLDER_PROFIT_QOQ":-98.664266674536,"ROE_YEARLY":-4.118404326876,"ROIC_YEARLY":-4.028723172051,"TOTAL_ASSETS":1697094000,"TOTAL_LIABILITIES":458807000,"TAX_EBT":13.909485170677,"OCF_SALES":-1.139000247421,"TOTAL_PARENT_EQUITY":1214574000,"DEBT_ASSET_RATIO":27.0348607679,"OPERATE_PROFIT":-29619000,"PRETAX_PROFIT":-28592000,"NETCASH_OPERATE":-19749000,"NETCASH_INVEST":-130458000,"NETCASH_FINANCE":-17728000,"END_CASH":480658000,"DIVI_RATIO":9.41120087722,"DIVIDEND_RATE":2.050113895216,"CURRENT_RATIO":2.806199352773,"COMMON_ACS":2000000000,"CURRENTDEBT_DEBT":90.721588816213,"ISSUED_COMMON_SHARES":156699879,"HK_COMMON_SHARES":156699879,"PER_SHARES":100,"TOTAL_MARKET_CAP":687912468.81,"HKSK_MARKET_CAP":687912468.81,"PE_TTM":11.794030602011,"PB_TTM":0.48641379158,"REPORT_DATE_SQ":"2021-06-30 00:00:00","REPORT_TYPE_SQ":"2021年中报","OPERATE_INCOME_SQ":2128315000,"DPS_HKD":0.09,"OPERATE_INCOME_QOQ_SQ":32.958511009692,"NET_PROFIT_RATIO_SQ":3.5076574661,"HOLDER_PROFIT_SQ":74884000,"HOLDER_PROFIT_QOQ_SQ":11.973211547729,"ROE_AVG_SQ":6.065748455799,"PE_TTM_SQ":24.08629705785,"PB_TTM_SQ":0.56965342448,"ROA_SQ":4.157572924364,"START_DATE":"2022-01-01 00:00:00","FISCAL_YEAR":"12-31","CURRENCY":"HKD","IS_CNY_CODE":0,"DPS_HKD_LY":0.24,"ORG_TYPE":"一般企业","PREMIUM_INCOME":null,"PREMIUM_INCOME_YOY":null,"NET_INTEREST_INCOME":null,"NET_INTEREST_INCOME_YOY":null,"FEE_COMMISSION_INCOME":null,"FEE_COMMISSION_INCOME_YOY":null,"ACCOUNTS_RECE_TDAYS":2.704667019201,"INVENTORY_TDAYS":null,"CURRENT_ASSETS_TDAYS":1.229412492524,"TOTAL_ASSETS_TDAYS":0.939772142156,"PREMIUM_EXPENSE":null,"LOAN_DEPOSIT":null,"LOAN_EQUITY":null,"LOAN_ASSETS":null,"DEPOSIT_EQUITY":null,"DEPOSIT_ASSETS":null,"EQUITY_MULTIPLIER":1.370517497156,"EQUITY_RATIO":0.377751376203},{"SECUCODE":"06919.HK","SECURITY_CODE":"06919","SECURITY_NAME_ABBR":"人瑞人才","ORG_CODE":"10000023758","STD_REPORT_DATE":"2021-12-31 00:00:00","REPORT_DATE":"2021-12-31 00:00:00","DATE_TYPE_CODE":"001","REPORT_TYPE":"2021年年报","PER_NETCASH_OPERATE":-0.574678137411,"PER_OI":30.273711080244,"BPS":8.007849195595,"BASIC_EPS":0.66,"DILUTED_EPS":0.61,"OPERATE_INCOME":4739146000,"OPERATE_INCOME_YOY":67.4579124341,"GROSS_PROFIT":251789000,"GROSS_PROFIT_YOY":-7.04227952035,"HOLDER_PROFIT":101667000,"HOLDER_PROFIT_YOY":-44.3274411881,"GROSS_PROFIT_RATIO":5.312961449172,"EPS_TTM":0.649449792092,"OPERATE_INCOME_QOQ":25.94749381776,"NET_PROFIT_RATIO":2.1596296042,"ROE_AVG":8.169334481322,"GROSS_PROFIT_QOQ":-23.133118617679,"ROA":5.403726113837,"HOLDER_PROFIT_QOQ":-50.28046615578,"ROE_YEARLY":8.169334481322,"ROIC_YEARLY":9.535247316931,"TOTAL_ASSETS":1992926000,"TOTAL_LIABILITIES":715194000,"TAX_EBT":15.013119872455,"OCF_SALES":-1.898274499245,"TOTAL_PARENT_EQUITY":1254829000,"DEBT_ASSET_RATIO":35.8866310139,"OPERATE_PROFIT":116816000,"PRETAX_PROFIT":120428000,"NETCASH_OPERATE":-89962000,"NETCASH_INVEST":-126156000,"NETCASH_FINANCE":-108932000,"END_CASH":638373000,"DIVI_RATIO":0.125582918022,"DIVIDEND_RATE":2.050113895216,"CURRENT_RATIO":2.512966761602,"COMMON_ACS":2000000000,"CURRENTDEBT_DEBT":91.953092447644,"ISSUED_COMMON_SHARES":156699879,"HK_COMMON_SHARES":156699879,"PER_SHARES":100,"TOTAL_MARKET_CAP":687912468.81,"HKSK_MARKET_CAP":687912468.81,"PE_TTM":11.794030602011,"PB_TTM":0.48641379158,"REPORT_DATE_SQ":"2020-12-31 00:00:00","REPORT_TYPE_SQ":"2020年年报","OPERATE_INCOME_SQ":2830052000,"DPS_HKD":0.09,"OPERATE_INCOME_QOQ_SQ":17.63396308606,"NET_PROFIT_RATIO_SQ":6.4633794715,"HOLDER_PROFIT_SQ":182616000,"HOLDER_PROFIT_QOQ_SQ":136.698619400736,"ROE_AVG_SQ":15.869075090385,"PE_TTM_SQ":24.08629705785,"PB_TTM_SQ":0.56965342448,"ROA_SQ":11.223117350274,"START_DATE":"2021-01-01 00:00:00","FISCAL_YEAR":"12-31","CURRENCY":"HKD","IS_CNY_CODE":0,"DPS_HKD_LY":0.42,"ORG_TYPE":"一般企业","PREMIUM_INCOME":null,"PREMIUM_INCOME_YOY":null,"NET_INTEREST_INCOME":null,"NET_INTEREST_INCOME_YOY":null,"FEE_COMMISSION_INCOME":null,"FEE_COMMISSION_INCOME_YOY":null,"ACCOUNTS_RECE_TDAYS":7.650842390076,"INVENTORY_TDAYS":null,"CURRENT_ASSETS_TDAYS":2.874436950085,"TOTAL_ASSETS_TDAYS":2.518914396755,"PREMIUM_EXPENSE":null,"LOAN_DEPOSIT":null,"LOAN_EQUITY":null,"LOAN_ASSETS":null,"DEPOSIT_EQUITY":null,"DEPOSIT_ASSETS":null,"EQUITY_MULTIPLIER":1.559737096668,"EQUITY_RATIO":0.569953356194},{"SECUCODE":"06919.HK","SECURITY_CODE":"06919","SECURITY_NAME_ABBR":"人瑞人才","ORG_CODE":"10000023758","STD_REPORT_DATE":"2021-06-30 00:00:00","REPORT_DATE":"2021-06-30 00:00:00","DATE_TYPE_CODE":"002","REPORT_TYPE":"2021年中报","PER_NETCASH_OPERATE":-0.404769852815,"PER_OI":13.595697072373,"BPS":7.88076549823,"BASIC_EPS":0.49,"DILUTED_EPS":0.45,"OPERATE_INCOME":2128315000,"OPERATE_INCOME_YOY":78.0164640858,"GROSS_PROFIT":156411000,"GROSS_PROFIT_YOY":56.865911142313,"HOLDER_PROFIT":74884000,"HOLDER_PROFIT_YOY":41.2399328543,"GROSS_PROFIT_RATIO":7.349053124185,"EPS_TTM":1.306226631422,"OPERATE_INCOME_QOQ":32.958511009692,"NET_PROFIT_RATIO":3.5076574661,"ROE_AVG":6.065748455799,"GROSS_PROFIT_QOQ":20.933383543033,"ROA":4.157572924364,"HOLDER_PROFIT_QOQ":11.973211547729,"ROE_YEARLY":12.131496911599,"ROIC_YEARLY":18.358117388349,"TOTAL_ASSETS":1832372000,"TOTAL_LIABILITIES":595786000,"TAX_EBT":14.297194287551,"OCF_SALES":-2.977190876351,"TOTAL_PARENT_EQUITY":1234915000,"DEBT_ASSET_RATIO":32.5144675863,"OPERATE_PROFIT":84807000,"PRETAX_PROFIT":87108000,"NETCASH_OPERATE":-63364000,"NETCASH_INVEST":136443000,"NETCASH_FINANCE":-38794000,"END_CASH":999870000,"DIVI_RATIO":0.062439241429,"DIVIDEND_RATE":2.050113895216,"CURRENT_RATIO":3.067531584824,"COMMON_ACS":2000000000,"CURRENTDEBT_DEBT":89.888315603254,"ISSUED_COMMON_SHARES":156699879,"HK_COMMON_SHARES":156699879,"PER_SHARES":100,"TOTAL_MARKET_CAP":687912468.81,"HKSK_MARKET_CAP":687912468.81,"PE_TTM":11.794030602011,"PB_TTM":0.48641379158,"REPORT_DATE_SQ":"2020-06-30 00:00:00","REPORT_TYPE_SQ":"2020年中报","OPERATE_INCOME_SQ":1195572000,"DPS_HKD":0.09,"OPERATE_INCOME_QOQ_SQ":5.167465829924,"NET_PROFIT_RATIO_SQ":4.4346137246,"HOLDER_PROFIT_SQ":53019000,"HOLDER_PROFIT_QOQ_SQ":36.190020658322,"ROE_AVG_SQ":4.695241882135,"PE_TTM_SQ":24.08629705785,"PB_TTM_SQ":0.56965342448,"ROA_SQ":3.46954033613,"START_DATE":"2021-01-01 00:00:00","FISCAL_YEAR":"12-31","CURRENCY":"HKD","IS_CNY_CODE":0,"DPS_HKD_LY":0.42,"ORG_TYPE":"一般企业","PREMIUM_INCOME":null,"PREMIUM_INCOME_YOY":null,"NET_INTEREST_INCOME":null,"NET_INTEREST_INCOME_YOY":null,"FEE_COMMISSION_INCOME":null,"FEE_COMMISSION_INCOME_YOY":null,"ACCOUNTS_RECE_TDAYS":4.041286032474,"INVENTORY_TDAYS":null,"CURRENT_ASSETS_TDAYS":1.294753011315,"TOTAL_ASSETS_TDAYS":1.181644252246,"PREMIUM_EXPENSE":null,"LOAN_DEPOSIT":null,"LOAN_EQUITY":null,"LOAN_ASSETS":null,"DEPOSIT_EQUITY":null,"DEPOSIT_ASSETS":null,"EQUITY_MULTIPLIER":1.481799082313,"EQUITY_RATIO":0.482451018896},{"SECUCODE":"06919.HK","SECURITY_CODE":"06919","SECURITY_NAME_ABBR":"人瑞人才","ORG_CODE":"10000023758","STD_REPORT_DATE":"2020-12-31 00:00:00","REPORT_DATE":"2020-12-31 00:00:00","DATE_TYPE_CODE":"001","REPORT_TYPE":"2020年年报","PER_NETCASH_OPERATE":0.994554190587,"PER_OI":18.087435343959,"BPS":7.875960133958,"BASIC_EPS":1.19,"DILUTED_EPS":1.07,"OPERATE_INCOME":2830052000,"OPERATE_INCOME_YOY":23.7126579329,"GROSS_PROFIT":270864000,"GROSS_PROFIT_YOY":12.445357743322,"HOLDER_PROFIT":182616000,"HOLDER_PROFIT_YOY":123.4173814583,"GROSS_PROFIT_RATIO":9.570990215021,"EPS_TTM":1.167135830993,"OPERATE_INCOME_QOQ":17.63396308606,"NET_PROFIT_RATIO":6.4633794715,"ROE_AVG":15.869075090385,"GROSS_PROFIT_QOQ":20.561359155024,"ROA":11.223117350274,"HOLDER_PROFIT_QOQ":136.698619400736,"ROE_YEARLY":15.869075090385,"ROIC_YEARLY":29.085905004456,"TOTAL_ASSETS":1769922000,"TOTAL_LIABILITIES":533859000,"TAX_EBT":12.225399963531,"OCF_SALES":5.498591545314,"TOTAL_PARENT_EQUITY":1234162000,"DEBT_ASSET_RATIO":30.1628546343,"OPERATE_PROFIT":198541000,"PRETAX_PROFIT":208394000,"NETCASH_OPERATE":155613000,"NETCASH_INVEST":-200222000,"NETCASH_FINANCE":-16673000,"END_CASH":967225000,"DIVI_RATIO":0.069880298277,"DIVIDEND_RATE":2.050113895216,"CURRENT_RATIO":3.335823831717,"COMMON_ACS":2000000000,"CURRENTDEBT_DEBT":92.360342337584,"ISSUED_COMMON_SHARES":156699879,"HK_COMMON_SHARES":156699879,"PER_SHARES":100,"TOTAL_MARKET_CAP":687912468.81,"HKSK_MARKET_CAP":687912468.81,"PE_TTM":11.794030602011,"PB_TTM":0.48641379158,"REPORT_DATE_SQ":"2019-12-31 00:00:00","REPORT_TYPE_SQ":"2019年年报","OPERATE_INCOME_SQ":2287601000,"DPS_HKD":0.09,"OPERATE_INCOME_QOQ_SQ":12.455597362338,"NET_PROFIT_RATIO_SQ":-34.0894675251,"HOLDER_PROFIT_SQ":-779831000,"HOLDER_PROFIT_QOQ_SQ":-101.358951054007,"ROE_AVG_SQ":-203.091831725392,"PE_TTM_SQ":24.08629705785,"PB_TTM_SQ":0.56965342448,"ROA_SQ":-79.673858961012,"START_DATE":"2020-01-01 00:00:00","FISCAL_YEAR":"12-31","CURRENCY":"HKD","IS_CNY_CODE":0,"DPS_HKD_LY":null,"ORG_TYPE":"一般企业","PREMIUM_INCOME":null,"PREMIUM_INCOME_YOY":null,"NET_INTEREST_INCOME":null,"NET_INTEREST_INCOME_YOY":null,"FEE_COMMISSION_INCOME":null,"FEE_COMMISSION_INCOME_YOY":null,"ACCOUNTS_RECE_TDAYS":6.90806703387,"INVENTORY_TDAYS":null,"CURRENT_ASSETS_TDAYS":1.872370211733,"TOTAL_ASSETS_TDAYS":1.739278360241,"PREMIUM_EXPENSE":null,"LOAN_DEPOSIT":null,"LOAN_EQUITY":null,"LOAN_ASSETS":null,"DEPOSIT_EQUITY":null,"DEPOSIT_ASSETS":null,"EQUITY_MULTIPLIER":1.431902742822,"EQUITY_RATIO":0.43256800971},{"SECUCODE":"06919.HK","SECURITY_CODE":"06919","SECURITY_NAME_ABBR":"人瑞人才","ORG_CODE":"10000023758","STD_REPORT_DATE":"2020-06-30 00:00:00","REPORT_DATE":"2020-06-30 00:00:00","DATE_TYPE_CODE":"002","REPORT_TYPE":"2020年中报","PER_NETCASH_OPERATE":0.119412053572,"PER_OI":7.780147559329,"BPS":7.600790808524,"BASIC_EPS":0.35,"DILUTED_EPS":0.31,"OPERATE_INCOME":1195572000,"OPERATE_INCOME_YOY":10.9722739175,"GROSS_PROFIT":99710000,"GROSS_PROFIT_YOY":-13.988233873333,"HOLDER_PROFIT":53019000,"HOLDER_PROFIT_YOY":123.131997103,"GROSS_PROFIT_RATIO":8.339941049138,"EPS_TTM":-3.238181579192,"OPERATE_INCOME_QOQ":5.167465829924,"NET_PROFIT_RATIO":4.4346137246,"ROE_AVG":4.695241882135,"GROSS_PROFIT_QOQ":-6.73184299562,"ROA":3.46954033613,"HOLDER_PROFIT_QOQ":36.190020658322,"ROE_YEARLY":9.39048376427,"ROIC_YEARLY":19.873734557691,"TOTAL_ASSETS":1571894000,"TOTAL_LIABILITIES":380851000,"TAX_EBT":12.052749440159,"OCF_SALES":1.534830190068,"TOTAL_PARENT_EQUITY":1191043000,"DEBT_ASSET_RATIO":24.2287965982,"OPERATE_PROFIT":52586000,"PRETAX_PROFIT":60285000,"NETCASH_OPERATE":18350000,"NETCASH_INVEST":-140734000,"NETCASH_FINANCE":51987000,"END_CASH":959682000,"DIVI_RATIO":-0.025186913706,"DIVIDEND_RATE":2.050113895216,"CURRENT_RATIO":4.402455931275,"COMMON_ACS":2000000000,"CURRENTDEBT_DEBT":87.689673914471,"ISSUED_COMMON_SHARES":156699879,"HK_COMMON_SHARES":156699879,"PER_SHARES":100,"TOTAL_MARKET_CAP":687912468.81,"HKSK_MARKET_CAP":687912468.81,"PE_TTM":11.794030602011,"PB_TTM":0.48641379158,"REPORT_DATE_SQ":"2019-06-30 00:00:00","REPORT_TYPE_SQ":"2019年中报","OPERATE_INCOME_SQ":1077361000,"DPS_HKD":0.09,"OPERATE_INCOME_QOQ_SQ":25.888813044939,"NET_PROFIT_RATIO_SQ":-21.2743917777,"HOLDER_PROFIT_SQ":-229202000,"HOLDER_PROFIT_QOQ_SQ":-182.82323730237,"ROE_AVG_SQ":55.131356767964,"PE_TTM_SQ":24.08629705785,"PB_TTM_SQ":0.56965342448,"ROA_SQ":-46.540981392907,"START_DATE":"2020-01-01 00:00:00","FISCAL_YEAR":"12-31","CURRENCY":"HKD","IS_CNY_CODE":0,"DPS_HKD_LY":null,"ORG_TYPE":"一般企业","PREMIUM_INCOME":null,"PREMIUM_INCOME_YOY":null,"NET_INTEREST_INCOME":null,"NET_INTEREST_INCOME_YOY":null,"FEE_COMMISSION_INCOME":null,"FEE_COMMISSION_INCOME_YOY":null,"ACCOUNTS_RECE_TDAYS":3.434406921831,"INVENTORY_TDAYS":null,"CURRENT_ASSETS_TDAYS":0.839460628999,"TOTAL_ASSETS_TDAYS":0.782377124945,"PREMIUM_EXPENSE":null,"LOAN_DEPOSIT":null,"LOAN_EQUITY":null,"LOAN_ASSETS":null,"DEPOSIT_EQUITY":null,"DEPOSIT_ASSETS":null,"EQUITY_MULTIPLIER":1.319762594633,"EQUITY_RATIO":0.319762594633}],"count":15},"success":true,"message":"ok","code":0}