{"version":"7e0b0235caff55a71e7072e70e8dee56","result":{"pages":2,"data":[{"SECUCODE":"06913.HK","SECURITY_CODE":"06913","SECURITY_NAME_ABBR":"华南职业教育","ORG_CODE":"10000214356","STD_REPORT_DATE":"2024-06-30 00:00:00","REPORT_DATE":"2024-06-30 00:00:00","DATE_TYPE_CODE":"002","REPORT_TYPE":"2024年中报","PER_NETCASH_OPERATE":-0.004643928036,"PER_OI":0.251694902549,"BPS":1.259682158921,"BASIC_EPS":0.07,"DILUTED_EPS":0.07,"OPERATE_INCOME":335761000,"OPERATE_INCOME_YOY":20.8003684156,"GROSS_PROFIT":133971000,"GROSS_PROFIT_YOY":15.477308968668,"HOLDER_PROFIT":87722000,"HOLDER_PROFIT_YOY":0.4362212478,"GROSS_PROFIT_RATIO":39.900703178749,"EPS_TTM":0.084544227886,"OPERATE_INCOME_QOQ":10.394387670711,"NET_PROFIT_RATIO":26.1421070345,"ROE_AVG":5.266595822602,"GROSS_PROFIT_QOQ":10.173371104816,"ROA":3.670065611596,"HOLDER_PROFIT_QOQ":0.338964955828,"ROE_YEARLY":10.533191645203,"ROIC_YEARLY":8.767412992506,"TOTAL_ASSETS":2314723000,"TOTAL_LIABILITIES":633945000,"TAX_EBT":-3.906481207458,"OCF_SALES":-1.845062410465,"TOTAL_PARENT_EQUITY":1680416000,"DEBT_ASSET_RATIO":27.3875102982,"OPERATE_PROFIT":90478000,"PRETAX_PROFIT":84475000,"NETCASH_OPERATE":-6195000,"NETCASH_INVEST":-61506000,"NETCASH_FINANCE":-80614000,"END_CASH":271133000,"DIVI_RATIO":0.752003082761,"DIVIDEND_RATE":21.875,"CURRENT_RATIO":1.144727388609,"COMMON_ACS":10000000000,"CURRENTDEBT_DEBT":54.449518491352,"ISSUED_COMMON_SHARES":1334000000,"HK_COMMON_SHARES":1334000000,"PER_SHARES":2000,"TOTAL_MARKET_CAP":426880000,"HKSK_MARKET_CAP":426880000,"PE_TTM":3.40372480075,"PB_TTM":0.231850231371,"REPORT_DATE_SQ":"2023-06-30 00:00:00","REPORT_TYPE_SQ":"2023年中报","OPERATE_INCOME_SQ":277947000,"DPS_HKD":0.07,"OPERATE_INCOME_QOQ_SQ":2.595317233418,"NET_PROFIT_RATIO_SQ":31.4466427053,"HOLDER_PROFIT_SQ":87341000,"HOLDER_PROFIT_QOQ_SQ":-3.58420179595,"ROE_AVG_SQ":5.518543838876,"PE_TTM_SQ":3.185691072207,"PB_TTM_SQ":0.264685423539,"ROA_SQ":3.718944834935,"START_DATE":"2024-01-01 00:00:00","FISCAL_YEAR":"12-31","CURRENCY":"HKD","IS_CNY_CODE":0,"DPS_HKD_LY":0.07,"ORG_TYPE":"一般企业","PREMIUM_INCOME":null,"PREMIUM_INCOME_YOY":null,"NET_INTEREST_INCOME":null,"NET_INTEREST_INCOME_YOY":null,"FEE_COMMISSION_INCOME":null,"FEE_COMMISSION_INCOME_YOY":null,"ACCOUNTS_RECE_TDAYS":85.64239255197,"INVENTORY_TDAYS":null,"CURRENT_ASSETS_TDAYS":0.752640038017,"TOTAL_ASSETS_TDAYS":0.140473871984,"PREMIUM_EXPENSE":null,"LOAN_DEPOSIT":null,"LOAN_EQUITY":null,"LOAN_ASSETS":null,"DEPOSIT_EQUITY":null,"DEPOSIT_ASSETS":null,"EQUITY_MULTIPLIER":1.377173547012,"EQUITY_RATIO":0.377254798812},{"SECUCODE":"06913.HK","SECURITY_CODE":"06913","SECURITY_NAME_ABBR":"华南职业教育","ORG_CODE":"10000214356","STD_REPORT_DATE":"2023-12-31 00:00:00","REPORT_DATE":"2023-12-31 00:00:00","DATE_TYPE_CODE":"001","REPORT_TYPE":"2023年年报","PER_NETCASH_OPERATE":0.201077211394,"PER_OI":0.416944527736,"BPS":1.237514242879,"BASIC_EPS":0.08,"DILUTED_EPS":0.08,"OPERATE_INCOME":556204000,"OPERATE_INCOME_YOY":7.7338477868,"GROSS_PROFIT":176500000,"GROSS_PROFIT_YOY":-10.333265596424,"HOLDER_PROFIT":112401000,"HOLDER_PROFIT_YOY":-21.1818411309,"GROSS_PROFIT_RATIO":31.732961287585,"EPS_TTM":0.08425862069,"OPERATE_INCOME_QOQ":5.008542974465,"NET_PROFIT_RATIO":20.2316056699,"ROE_AVG":7.047409394728,"GROSS_PROFIT_QOQ":-7.104285308266,"ROA":4.681146579181,"HOLDER_PROFIT_QOQ":-18.405731873748,"ROE_YEARLY":7.047409394728,"ROIC_YEARLY":5.439100640129,"TOTAL_ASSETS":2465682000,"TOTAL_LIABILITIES":814529000,"TAX_EBT":-2.163492092314,"OCF_SALES":48.226370180725,"TOTAL_PARENT_EQUITY":1650844000,"DEBT_ASSET_RATIO":33.0346330143,"OPERATE_PROFIT":122077000,"PRETAX_PROFIT":110146000,"NETCASH_OPERATE":268237000,"NETCASH_INVEST":-63948000,"NETCASH_FINANCE":-30405000,"END_CASH":421417000,"DIVI_RATIO":0.754552109679,"DIVIDEND_RATE":23.728813559322,"CURRENT_RATIO":0.876309832736,"COMMON_ACS":10000000000,"CURRENTDEBT_DEBT":69.641228243562,"ISSUED_COMMON_SHARES":1334000000,"HK_COMMON_SHARES":1334000000,"PER_SHARES":2000,"TOTAL_MARKET_CAP":393530000,"HKSK_MARKET_CAP":393530000,"PE_TTM":3.137808800692,"PB_TTM":0.213736932045,"REPORT_DATE_SQ":"2022-12-31 00:00:00","REPORT_TYPE_SQ":"2022年年报","OPERATE_INCOME_SQ":516276000,"DPS_HKD":0.07,"OPERATE_INCOME_QOQ_SQ":7.979519957166,"NET_PROFIT_RATIO_SQ":27.6830609984,"HOLDER_PROFIT_SQ":142608000,"HOLDER_PROFIT_QOQ_SQ":18.974935465068,"ROE_AVG_SQ":9.546256015811,"PE_TTM_SQ":3.504260179428,"PB_TTM_SQ":0.291153965893,"ROA_SQ":6.191079943218,"START_DATE":"2023-01-01 00:00:00","FISCAL_YEAR":"12-31","CURRENCY":"HKD","IS_CNY_CODE":0,"DPS_HKD_LY":null,"ORG_TYPE":"一般企业","PREMIUM_INCOME":null,"PREMIUM_INCOME_YOY":null,"NET_INTEREST_INCOME":null,"NET_INTEREST_INCOME_YOY":null,"FEE_COMMISSION_INCOME":null,"FEE_COMMISSION_INCOME_YOY":null,"ACCOUNTS_RECE_TDAYS":87.008838482597,"INVENTORY_TDAYS":null,"CURRENT_ASSETS_TDAYS":1.084235231739,"TOTAL_ASSETS_TDAYS":0.231641395711,"PREMIUM_EXPENSE":null,"LOAN_DEPOSIT":null,"LOAN_EQUITY":null,"LOAN_ASSETS":null,"DEPOSIT_EQUITY":null,"DEPOSIT_ASSETS":null,"EQUITY_MULTIPLIER":1.49330922089,"EQUITY_RATIO":0.493401557022},{"SECUCODE":"06913.HK","SECURITY_CODE":"06913","SECURITY_NAME_ABBR":"华南职业教育","ORG_CODE":"10000214356","STD_REPORT_DATE":"2023-06-30 00:00:00","REPORT_DATE":"2023-06-30 00:00:00","DATE_TYPE_CODE":"002","REPORT_TYPE":"2023年中报","PER_NETCASH_OPERATE":0.022026236882,"PER_OI":0.208356071964,"BPS":1.219156671664,"BASIC_EPS":0.07,"DILUTED_EPS":0.07,"OPERATE_INCOME":277947000,"OPERATE_INCOME_YOY":5.0648653552,"GROSS_PROFIT":116015000,"GROSS_PROFIT_YOY":-5.569076243112,"HOLDER_PROFIT":87341000,"HOLDER_PROFIT_YOY":-5.5384914884,"GROSS_PROFIT_RATIO":41.739972009052,"EPS_TTM":0.103265367316,"OPERATE_INCOME_QOQ":2.595317233418,"NET_PROFIT_RATIO":31.4466427053,"ROE_AVG":5.518543838876,"GROSS_PROFIT_QOQ":-3.475919528551,"ROA":3.718944834935,"HOLDER_PROFIT_QOQ":-3.58420179595,"ROE_YEARLY":11.037087677752,"ROIC_YEARLY":8.610736136063,"TOTAL_ASSETS":2360482000,"TOTAL_LIABILITIES":733882000,"TAX_EBT":2.191063415508,"OCF_SALES":10.571439878826,"TOTAL_PARENT_EQUITY":1626355000,"DEBT_ASSET_RATIO":31.0903451075,"OPERATE_PROFIT":95840000,"PRETAX_PROFIT":89363000,"NETCASH_OPERATE":32328000,"NETCASH_INVEST":69961000,"NETCASH_FINANCE":42208000,"END_CASH":392047000,"DIVI_RATIO":0.615671271524,"DIVIDEND_RATE":23.728813559322,"CURRENT_RATIO":1.314844045965,"COMMON_ACS":10000000000,"CURRENTDEBT_DEBT":56.110927914842,"ISSUED_COMMON_SHARES":1334000000,"HK_COMMON_SHARES":1334000000,"PER_SHARES":2000,"TOTAL_MARKET_CAP":393530000,"HKSK_MARKET_CAP":393530000,"PE_TTM":3.137808800692,"PB_TTM":0.213736932045,"REPORT_DATE_SQ":"2022-06-30 00:00:00","REPORT_TYPE_SQ":"2022年中报","OPERATE_INCOME_SQ":264548000,"DPS_HKD":0.07,"OPERATE_INCOME_QOQ_SQ":-4.302661417354,"NET_PROFIT_RATIO_SQ":35.0269138304,"HOLDER_PROFIT_SQ":92462000,"HOLDER_PROFIT_QOQ_SQ":-21.988073120347,"ROE_AVG_SQ":6.29774765929,"PE_TTM_SQ":3.504260179428,"PB_TTM_SQ":0.291153965893,"ROA_SQ":4.184882190974,"START_DATE":"2023-01-01 00:00:00","FISCAL_YEAR":"12-31","CURRENCY":"HKD","IS_CNY_CODE":0,"DPS_HKD_LY":null,"ORG_TYPE":"一般企业","PREMIUM_INCOME":null,"PREMIUM_INCOME_YOY":null,"NET_INTEREST_INCOME":null,"NET_INTEREST_INCOME_YOY":null,"FEE_COMMISSION_INCOME":null,"FEE_COMMISSION_INCOME_YOY":null,"ACCOUNTS_RECE_TDAYS":59.543059125964,"INVENTORY_TDAYS":null,"CURRENT_ASSETS_TDAYS":0.519364012796,"TOTAL_ASSETS_TDAYS":0.118348720536,"PREMIUM_EXPENSE":null,"LOAN_DEPOSIT":null,"LOAN_EQUITY":null,"LOAN_ASSETS":null,"DEPOSIT_EQUITY":null,"DEPOSIT_ASSETS":null,"EQUITY_MULTIPLIER":1.451175458011,"EQUITY_RATIO":0.451243424714},{"SECUCODE":"06913.HK","SECURITY_CODE":"06913","SECURITY_NAME_ABBR":"华南职业教育","ORG_CODE":"10000214356","STD_REPORT_DATE":"2022-12-31 00:00:00","REPORT_DATE":"2022-12-31 00:00:00","DATE_TYPE_CODE":"001","REPORT_TYPE":"2022年年报","PER_NETCASH_OPERATE":0.231197151424,"PER_OI":0.387013493253,"BPS":1.152801349325,"BASIC_EPS":0.11,"DILUTED_EPS":0.11,"OPERATE_INCOME":516276000,"OPERATE_INCOME_YOY":3.3335268133,"GROSS_PROFIT":196840000,"GROSS_PROFIT_YOY":-2.367891118672,"HOLDER_PROFIT":142608000,"HOLDER_PROFIT_YOY":-7.1853603399,"GROSS_PROFIT_RATIO":38.126893367114,"EPS_TTM":0.107104197901,"OPERATE_INCOME_QOQ":7.979519957166,"NET_PROFIT_RATIO":27.6830609984,"ROE_AVG":9.546256015811,"GROSS_PROFIT_QOQ":7.533460803059,"ROA":6.191079943218,"HOLDER_PROFIT_QOQ":18.974935465068,"ROE_YEARLY":9.546256015811,"ROIC_YEARLY":7.353995949761,"TOTAL_ASSETS":2337775000,"TOTAL_LIABILITIES":798585000,"TAX_EBT":3.787086809607,"OCF_SALES":59.738783131503,"TOTAL_PARENT_EQUITY":1539009000,"DEBT_ASSET_RATIO":34.1771794353,"OPERATE_PROFIT":162243000,"PRETAX_PROFIT":148267000,"NETCASH_OPERATE":308417000,"NETCASH_INVEST":-352615000,"NETCASH_FINANCE":-190489000,"END_CASH":247305000,"DIVI_RATIO":0.593604370752,"DIVIDEND_RATE":23.728813559322,"CURRENT_RATIO":1.09584349444,"COMMON_ACS":10000000000,"CURRENTDEBT_DEBT":60.437022984404,"ISSUED_COMMON_SHARES":1334000000,"HK_COMMON_SHARES":1334000000,"PER_SHARES":2000,"TOTAL_MARKET_CAP":393530000,"HKSK_MARKET_CAP":393530000,"PE_TTM":3.137808800692,"PB_TTM":0.213736932045,"REPORT_DATE_SQ":"2021-12-31 00:00:00","REPORT_TYPE_SQ":"2021年年报","OPERATE_INCOME_SQ":499621000,"DPS_HKD":0.07,"OPERATE_INCOME_QOQ_SQ":-0.00060045154,"NET_PROFIT_RATIO_SQ":30.8109547037,"HOLDER_PROFIT_SQ":153938000,"HOLDER_PROFIT_QOQ_SQ":-20.47958756709,"ROE_AVG_SQ":13.16580370262,"PE_TTM_SQ":3.504260179428,"PB_TTM_SQ":0.291153965893,"ROA_SQ":7.333649664803,"START_DATE":"2022-01-01 00:00:00","FISCAL_YEAR":"12-31","CURRENCY":"HKD","IS_CNY_CODE":0,"DPS_HKD_LY":0.056,"ORG_TYPE":"一般企业","PREMIUM_INCOME":null,"PREMIUM_INCOME_YOY":null,"NET_INTEREST_INCOME":null,"NET_INTEREST_INCOME_YOY":null,"FEE_COMMISSION_INCOME":null,"FEE_COMMISSION_INCOME_YOY":null,"ACCOUNTS_RECE_TDAYS":75.215034965035,"INVENTORY_TDAYS":null,"CURRENT_ASSETS_TDAYS":0.889993699248,"TOTAL_ASSETS_TDAYS":0.223710323479,"PREMIUM_EXPENSE":null,"LOAN_DEPOSIT":null,"LOAN_EQUITY":null,"LOAN_ASSETS":null,"DEPOSIT_EQUITY":null,"DEPOSIT_ASSETS":null,"EQUITY_MULTIPLIER":1.519229943993,"EQUITY_RATIO":0.518895601},{"SECUCODE":"06913.HK","SECURITY_CODE":"06913","SECURITY_NAME_ABBR":"华南职业教育","ORG_CODE":"10000214356","STD_REPORT_DATE":"2022-06-30 00:00:00","REPORT_DATE":"2022-06-30 00:00:00","DATE_TYPE_CODE":"002","REPORT_TYPE":"2022年中报","PER_NETCASH_OPERATE":0.012661169415,"PER_OI":0.198311844078,"BPS":1.115302098951,"BASIC_EPS":0.07,"DILUTED_EPS":0.07,"OPERATE_INCOME":264548000,"OPERATE_INCOME_YOY":-7.5152510969,"GROSS_PROFIT":122857000,"GROSS_PROFIT_YOY":-13.126763351977,"HOLDER_PROFIT":92462000,"HOLDER_PROFIT_YOY":-26.7509681498,"GROSS_PROFIT_RATIO":46.440343529341,"EPS_TTM":0.090022488756,"OPERATE_INCOME_QOQ":-4.302661417354,"NET_PROFIT_RATIO":35.0269138304,"ROE_AVG":6.29774765929,"GROSS_PROFIT_QOQ":-9.207693910145,"ROA":4.184882190974,"HOLDER_PROFIT_QOQ":-21.988073120347,"ROE_YEARLY":12.595495318581,"ROIC_YEARLY":10.117103381237,"TOTAL_ASSETS":2150399000,"TOTAL_LIABILITIES":662468000,"TAX_EBT":1.543262471776,"OCF_SALES":6.384474651103,"TOTAL_PARENT_EQUITY":1487813000,"DEBT_ASSET_RATIO":30.806747957,"OPERATE_PROFIT":101345000,"PRETAX_PROFIT":93892000,"NETCASH_OPERATE":16890000,"NETCASH_INVEST":-111120000,"NETCASH_FINANCE":-105671000,"END_CASH":282492000,"DIVI_RATIO":0.706240417021,"DIVIDEND_RATE":23.333333333333,"CURRENT_RATIO":1.592994843938,"COMMON_ACS":10000000000,"CURRENTDEBT_DEBT":44.29512066998,"ISSUED_COMMON_SHARES":1334000000,"HK_COMMON_SHARES":1334000000,"PER_SHARES":2000,"TOTAL_MARKET_CAP":400200000,"HKSK_MARKET_CAP":400200000,"PE_TTM":3.190992000703,"PB_TTM":0.217359591911,"REPORT_DATE_SQ":"2021-06-30 00:00:00","REPORT_TYPE_SQ":"2021年中报","OPERATE_INCOME_SQ":286045000,"DPS_HKD":0.07,"OPERATE_INCOME_QOQ_SQ":11.188160676533,"NET_PROFIT_RATIO_SQ":44.2342987991,"HOLDER_PROFIT_SQ":126530000,"HOLDER_PROFIT_QOQ_SQ":13.537750511727,"ROE_AVG_SQ":13.37255018009,"PE_TTM_SQ":3.595279924348,"PB_TTM_SQ":0.298716406566,"ROA_SQ":6.927369652613,"START_DATE":"2022-01-01 00:00:00","FISCAL_YEAR":"12-31","CURRENCY":"HKD","IS_CNY_CODE":0,"DPS_HKD_LY":0.056,"ORG_TYPE":"一般企业","PREMIUM_INCOME":null,"PREMIUM_INCOME_YOY":null,"NET_INTEREST_INCOME":null,"NET_INTEREST_INCOME_YOY":null,"FEE_COMMISSION_INCOME":null,"FEE_COMMISSION_INCOME_YOY":null,"ACCOUNTS_RECE_TDAYS":80.458637469586,"INVENTORY_TDAYS":null,"CURRENT_ASSETS_TDAYS":0.481552337699,"TOTAL_ASSETS_TDAYS":0.119451696538,"PREMIUM_EXPENSE":null,"LOAN_DEPOSIT":null,"LOAN_EQUITY":null,"LOAN_ASSETS":null,"DEPOSIT_EQUITY":null,"DEPOSIT_ASSETS":null,"EQUITY_MULTIPLIER":1.445227634883,"EQUITY_RATIO":0.445262946351},{"SECUCODE":"06913.HK","SECURITY_CODE":"06913","SECURITY_NAME_ABBR":"华南职业教育","ORG_CODE":"10000214356","STD_REPORT_DATE":"2021-12-31 00:00:00","REPORT_DATE":"2021-12-31 00:00:00","DATE_TYPE_CODE":"001","REPORT_TYPE":"2021年年报","PER_NETCASH_OPERATE":0.146815592204,"PER_OI":0.374528485757,"BPS":1.0910982009,"BASIC_EPS":0.13,"DILUTED_EPS":0.13,"OPERATE_INCOME":499621000,"OPERATE_INCOME_YOY":11.1874930455,"GROSS_PROFIT":201614000,"GROSS_PROFIT_YOY":-3.541817172766,"HOLDER_PROFIT":153938000,"HOLDER_PROFIT_YOY":-9.714312526,"GROSS_PROFIT_RATIO":40.353387868004,"EPS_TTM":0.115395802099,"OPERATE_INCOME_QOQ":-0.00060045154,"NET_PROFIT_RATIO":30.8109547037,"ROE_AVG":13.16580370262,"GROSS_PROFIT_QOQ":-10.998198898149,"ROA":7.333649664803,"HOLDER_PROFIT_QOQ":-20.47958756709,"ROE_YEARLY":13.16580370262,"ROIC_YEARLY":8.983076711652,"TOTAL_ASSETS":2278973000,"TOTAL_LIABILITIES":823448000,"TAX_EBT":2.206326114439,"OCF_SALES":39.200113686174,"TOTAL_PARENT_EQUITY":1455525000,"DEBT_ASSET_RATIO":36.1324157855,"OPERATE_PROFIT":175171000,"PRETAX_PROFIT":157411000,"NETCASH_OPERATE":195852000,"NETCASH_INVEST":-260088000,"NETCASH_FINANCE":258183000,"END_CASH":482393000,"DIVI_RATIO":0.550951757721,"DIVIDEND_RATE":23.333333333333,"CURRENT_RATIO":1.489651396843,"COMMON_ACS":10000000000,"CURRENTDEBT_DEBT":51.463723270929,"ISSUED_COMMON_SHARES":1334000000,"HK_COMMON_SHARES":1334000000,"PER_SHARES":2000,"TOTAL_MARKET_CAP":400200000,"HKSK_MARKET_CAP":400200000,"PE_TTM":3.190992000703,"PB_TTM":0.217359591911,"REPORT_DATE_SQ":"2020-12-31 00:00:00","REPORT_TYPE_SQ":"2020年年报","OPERATE_INCOME_SQ":449350000,"DPS_HKD":0.07,"OPERATE_INCOME_QOQ_SQ":1.116819348901,"NET_PROFIT_RATIO_SQ":37.9439189941,"HOLDER_PROFIT_SQ":170501000,"HOLDER_PROFIT_QOQ_SQ":13.698410898979,"ROE_AVG_SQ":20.853802249629,"PE_TTM_SQ":3.595279924348,"PB_TTM_SQ":0.298716406566,"ROA_SQ":9.022212238758,"START_DATE":"2021-01-01 00:00:00","FISCAL_YEAR":"12-31","CURRENCY":"HKD","IS_CNY_CODE":0,"DPS_HKD_LY":null,"ORG_TYPE":"一般企业","PREMIUM_INCOME":null,"PREMIUM_INCOME_YOY":null,"NET_INTEREST_INCOME":null,"NET_INTEREST_INCOME_YOY":null,"FEE_COMMISSION_INCOME":null,"FEE_COMMISSION_INCOME_YOY":null,"ACCOUNTS_RECE_TDAYS":76.10952852464,"INVENTORY_TDAYS":null,"CURRENT_ASSETS_TDAYS":1.011460442141,"TOTAL_ASSETS_TDAYS":0.238020851198,"PREMIUM_EXPENSE":null,"LOAN_DEPOSIT":null,"LOAN_EQUITY":null,"LOAN_ASSETS":null,"DEPOSIT_EQUITY":null,"DEPOSIT_ASSETS":null,"EQUITY_MULTIPLIER":1.565739509798,"EQUITY_RATIO":0.565739509799},{"SECUCODE":"06913.HK","SECURITY_CODE":"06913","SECURITY_NAME_ABBR":"华南职业教育","ORG_CODE":"10000214356","STD_REPORT_DATE":"2021-06-30 00:00:00","REPORT_DATE":"2021-06-30 00:00:00","DATE_TYPE_CODE":"002","REPORT_TYPE":"2021年中报","PER_NETCASH_OPERATE":11.714,"PER_OI":286.045,"BPS":0.756714392804,"BASIC_EPS":0.13,"DILUTED_EPS":0.13,"OPERATE_INCOME":286045000,"OPERATE_INCOME_YOY":21.3232331372,"GROSS_PROFIT":141421000,"GROSS_PROFIT_YOY":14.13203131305,"HOLDER_PROFIT":126530000,"HOLDER_PROFIT_YOY":22.3126595004,"GROSS_PROFIT_RATIO":49.440123057561,"EPS_TTM":193.583,"OPERATE_INCOME_QOQ":11.188160676533,"NET_PROFIT_RATIO":44.2342987991,"ROE_AVG":13.37255018009,"GROSS_PROFIT_QOQ":8.377787452695,"ROA":6.927369652613,"HOLDER_PROFIT_QOQ":13.537750511727,"ROE_YEARLY":26.745100360181,"ROIC_YEARLY":15.617136391365,"TOTAL_ASSETS":1733891000,"TOTAL_LIABILITIES":724434000,"TAX_EBT":1.608877207443,"OCF_SALES":4.095159852471,"TOTAL_PARENT_EQUITY":1009457000,"DEBT_ASSET_RATIO":41.7808270531,"OPERATE_PROFIT":138036000,"PRETAX_PROFIT":128599000,"NETCASH_OPERATE":11714000,"NETCASH_INVEST":-71874000,"NETCASH_FINANCE":-104485000,"END_CASH":123801000,"DIVI_RATIO":0.00032842512,"DIVIDEND_RATE":23.333333333333,"CURRENT_RATIO":0.658278301587,"COMMON_ACS":10000000000,"CURRENTDEBT_DEBT":43.394429306189,"ISSUED_COMMON_SHARES":1334000000,"HK_COMMON_SHARES":1334000000,"PER_SHARES":2000,"TOTAL_MARKET_CAP":400200000,"HKSK_MARKET_CAP":400200000,"PE_TTM":3.190992000703,"PB_TTM":0.217359591911,"REPORT_DATE_SQ":"2020-06-30 00:00:00","REPORT_TYPE_SQ":"2020年中报","OPERATE_INCOME_SQ":235771000,"DPS_HKD":0.07,"OPERATE_INCOME_QOQ_SQ":0,"NET_PROFIT_RATIO_SQ":43.8764733576,"HOLDER_PROFIT_SQ":103448000,"HOLDER_PROFIT_QOQ_SQ":0,"ROE_AVG_SQ":null,"PE_TTM_SQ":3.595279924348,"PB_TTM_SQ":0.298716406566,"ROA_SQ":null,"START_DATE":"2021-01-01 00:00:00","FISCAL_YEAR":"12-31","CURRENCY":"HKD","IS_CNY_CODE":0,"DPS_HKD_LY":null,"ORG_TYPE":"一般企业","PREMIUM_INCOME":null,"PREMIUM_INCOME_YOY":null,"NET_INTEREST_INCOME":null,"NET_INTEREST_INCOME_YOY":null,"FEE_COMMISSION_INCOME":null,"FEE_COMMISSION_INCOME_YOY":null,"ACCOUNTS_RECE_TDAYS":53.10405643739,"INVENTORY_TDAYS":null,"CURRENT_ASSETS_TDAYS":1.015101698253,"TOTAL_ASSETS_TDAYS":0.15660629513,"PREMIUM_EXPENSE":null,"LOAN_DEPOSIT":null,"LOAN_EQUITY":null,"LOAN_ASSETS":null,"DEPOSIT_EQUITY":null,"DEPOSIT_ASSETS":null,"EQUITY_MULTIPLIER":1.717647210331,"EQUITY_RATIO":0.717647210332},{"SECUCODE":"06913.HK","SECURITY_CODE":"06913","SECURITY_NAME_ABBR":"华南职业教育","ORG_CODE":"10000214356","STD_REPORT_DATE":"2020-12-31 00:00:00","REPORT_DATE":"2020-12-31 00:00:00","DATE_TYPE_CODE":"001","REPORT_TYPE":"2020年年报","PER_NETCASH_OPERATE":276.138343377778,"PER_OI":420.212148888889,"BPS":0.661864317841,"BASIC_EPS":0.17,"DILUTED_EPS":0.17,"OPERATE_INCOME":449350000,"OPERATE_INCOME_YOY":1.1168193489,"GROSS_PROFIT":209017000,"GROSS_PROFIT_YOY":6.017123669822,"HOLDER_PROFIT":170501000,"HOLDER_PROFIT_YOY":13.698410899,"GROSS_PROFIT_RATIO":46.515411149438,"EPS_TTM":159.444957377778,"OPERATE_INCOME_QOQ":1.116819348901,"NET_PROFIT_RATIO":37.9439189941,"ROE_AVG":20.853802249629,"GROSS_PROFIT_QOQ":6.017123669822,"ROA":9.022212238758,"HOLDER_PROFIT_QOQ":13.698410898979,"ROE_YEARLY":20.853802249629,"ROIC_YEARLY":10.438541686118,"TOTAL_ASSETS":1919155000,"TOTAL_LIABILITIES":1036228000,"TAX_EBT":2.84289703117,"OCF_SALES":65.714031378658,"TOTAL_PARENT_EQUITY":882927000,"DEBT_ASSET_RATIO":53.9939713051,"OPERATE_PROFIT":190715000,"PRETAX_PROFIT":175490000,"NETCASH_OPERATE":295286000,"NETCASH_INVEST":-51306000,"NETCASH_FINANCE":-142370000,"END_CASH":288446000,"DIVI_RATIO":0.000398742745,"DIVIDEND_RATE":23.333333333333,"CURRENT_RATIO":0.66298096049,"COMMON_ACS":10000000000,"CURRENTDEBT_DEBT":51.912706470005,"ISSUED_COMMON_SHARES":1334000000,"HK_COMMON_SHARES":1334000000,"PER_SHARES":2000,"TOTAL_MARKET_CAP":400200000,"HKSK_MARKET_CAP":400200000,"PE_TTM":3.190992000703,"PB_TTM":0.217359591911,"REPORT_DATE_SQ":"2019-12-31 00:00:00","REPORT_TYPE_SQ":"2019年年报","OPERATE_INCOME_SQ":444387000,"DPS_HKD":0.07,"OPERATE_INCOME_QOQ_SQ":7.926149541835,"NET_PROFIT_RATIO_SQ":34.8401280866,"HOLDER_PROFIT_SQ":149959000,"HOLDER_PROFIT_QOQ_SQ":15.536157295407,"ROE_AVG_SQ":21.796762295827,"PE_TTM_SQ":3.595279924348,"PB_TTM_SQ":0.298716406566,"ROA_SQ":8.540903174069,"START_DATE":"2020-01-01 00:00:00","FISCAL_YEAR":"12-31","CURRENCY":"HKD","IS_CNY_CODE":0,"DPS_HKD_LY":null,"ORG_TYPE":"一般企业","PREMIUM_INCOME":null,"PREMIUM_INCOME_YOY":null,"NET_INTEREST_INCOME":null,"NET_INTEREST_INCOME_YOY":null,"FEE_COMMISSION_INCOME":null,"FEE_COMMISSION_INCOME_YOY":null,"ACCOUNTS_RECE_TDAYS":67.93921983671,"INVENTORY_TDAYS":null,"CURRENT_ASSETS_TDAYS":1.277769483959,"TOTAL_ASSETS_TDAYS":0.237777553767,"PREMIUM_EXPENSE":null,"LOAN_DEPOSIT":null,"LOAN_EQUITY":null,"LOAN_ASSETS":null,"DEPOSIT_EQUITY":null,"DEPOSIT_ASSETS":null,"EQUITY_MULTIPLIER":2.173628170846,"EQUITY_RATIO":1.173628170845},{"SECUCODE":"06913.HK","SECURITY_CODE":"06913","SECURITY_NAME_ABBR":"华南职业教育","ORG_CODE":"10000214356","STD_REPORT_DATE":"2020-06-30 00:00:00","REPORT_DATE":"2020-06-30 00:00:00","DATE_TYPE_CODE":"002","REPORT_TYPE":"2020年中报","PER_NETCASH_OPERATE":null,"PER_OI":null,"BPS":null,"BASIC_EPS":0.1,"DILUTED_EPS":0.1,"OPERATE_INCOME":235771000,"OPERATE_INCOME_YOY":null,"GROSS_PROFIT":123910000,"GROSS_PROFIT_YOY":null,"HOLDER_PROFIT":103448000,"HOLDER_PROFIT_YOY":null,"GROSS_PROFIT_RATIO":52.555233680139,"EPS_TTM":null,"OPERATE_INCOME_QOQ":0,"NET_PROFIT_RATIO":43.8764733576,"ROE_AVG":null,"GROSS_PROFIT_QOQ":0,"ROA":null,"HOLDER_PROFIT_QOQ":0,"ROE_YEARLY":null,"ROIC_YEARLY":null,"TOTAL_ASSETS":null,"TOTAL_LIABILITIES":null,"TAX_EBT":2.499528746466,"OCF_SALES":0.439833567317,"TOTAL_PARENT_EQUITY":null,"DEBT_ASSET_RATIO":null,"OPERATE_PROFIT":114726000,"PRETAX_PROFIT":106100000,"NETCASH_OPERATE":1037000,"NETCASH_INVEST":-11277000,"NETCASH_FINANCE":-57235000,"END_CASH":119361000,"DIVI_RATIO":null,"DIVIDEND_RATE":23.333333333333,"CURRENT_RATIO":null,"COMMON_ACS":10000000000,"CURRENTDEBT_DEBT":null,"ISSUED_COMMON_SHARES":1334000000,"HK_COMMON_SHARES":1334000000,"PER_SHARES":2000,"TOTAL_MARKET_CAP":400200000,"HKSK_MARKET_CAP":400200000,"PE_TTM":3.190992000703,"PB_TTM":0.217359591911,"REPORT_DATE_SQ":"2019-06-30 00:00:00","REPORT_TYPE_SQ":"2019年中报","OPERATE_INCOME_SQ":null,"DPS_HKD":0.07,"OPERATE_INCOME_QOQ_SQ":0,"NET_PROFIT_RATIO_SQ":null,"HOLDER_PROFIT_SQ":null,"HOLDER_PROFIT_QOQ_SQ":0,"ROE_AVG_SQ":null,"PE_TTM_SQ":3.595279924348,"PB_TTM_SQ":0.298716406566,"ROA_SQ":null,"START_DATE":"2020-01-01 00:00:00","FISCAL_YEAR":"12-31","CURRENCY":"HKD","IS_CNY_CODE":0,"DPS_HKD_LY":null,"ORG_TYPE":"一般企业","PREMIUM_INCOME":null,"PREMIUM_INCOME_YOY":null,"NET_INTEREST_INCOME":null,"NET_INTEREST_INCOME_YOY":null,"FEE_COMMISSION_INCOME":null,"FEE_COMMISSION_INCOME_YOY":null,"ACCOUNTS_RECE_TDAYS":null,"INVENTORY_TDAYS":null,"CURRENT_ASSETS_TDAYS":1.360106145171,"TOTAL_ASSETS_TDAYS":0.253458881505,"PREMIUM_EXPENSE":null,"LOAN_DEPOSIT":null,"LOAN_EQUITY":null,"LOAN_ASSETS":null,"DEPOSIT_EQUITY":null,"DEPOSIT_ASSETS":null,"EQUITY_MULTIPLIER":null,"EQUITY_RATIO":null}],"count":12},"success":true,"message":"ok","code":0}