{"version":"cd50855f2702565ca7a9d65aed85783a","result":{"pages":2,"data":[{"SECUCODE":"06918.HK","SECURITY_CODE":"06918","SECURITY_NAME_ABBR":"奇士达","ORG_CODE":"10000065269","STD_REPORT_DATE":"2024-06-30 00:00:00","REPORT_DATE":"2024-06-30 00:00:00","DATE_TYPE_CODE":"002","REPORT_TYPE":"2024年中报","PER_NETCASH_OPERATE":-0.007326711114,"PER_OI":0.080837192025,"BPS":0.499452418007,"BASIC_EPS":-0.028,"DILUTED_EPS":-0.028,"OPERATE_INCOME":50488000,"OPERATE_INCOME_YOY":-5.0048919997,"GROSS_PROFIT":8597000,"GROSS_PROFIT_YOY":-2.362294151051,"HOLDER_PROFIT":-17583000,"HOLDER_PROFIT_YOY":-23.5455311973,"GROSS_PROFIT_RATIO":17.027808588179,"EPS_TTM":-0.162265196201,"OPERATE_INCOME_QOQ":-2.024214475416,"NET_PROFIT_RATIO":-34.8280779591,"ROE_AVG":-5.417237926519,"GROSS_PROFIT_QOQ":-1.384267270065,"ROA":-2.772139236026,"HOLDER_PROFIT_QOQ":-3.419597118191,"ROE_YEARLY":-10.834475853039,"ROIC_YEARLY":-5.995959044834,"TOTAL_ASSETS":628189000,"TOTAL_LIABILITIES":316552000,"TAX_EBT":null,"OCF_SALES":-9.063539851054,"TOTAL_PARENT_EQUITY":311940000,"DEBT_ASSET_RATIO":50.3912039211,"OPERATE_PROFIT":-11313000,"PRETAX_PROFIT":-17584000,"NETCASH_OPERATE":-4576000,"NETCASH_INVEST":2000,"NETCASH_FINANCE":2435000,"END_CASH":47267000,"DIVI_RATIO":null,"DIVIDEND_RATE":null,"CURRENT_RATIO":1.427168364123,"COMMON_ACS":5000000000,"CURRENTDEBT_DEBT":100,"ISSUED_COMMON_SHARES":624564000,"HK_COMMON_SHARES":624564000,"PER_SHARES":2000,"TOTAL_MARKET_CAP":85565268,"HKSK_MARKET_CAP":85565268,"PE_TTM":-0.764222701562,"PB_TTM":0.250348492653,"REPORT_DATE_SQ":"2023-06-30 00:00:00","REPORT_TYPE_SQ":"2023年中报","OPERATE_INCOME_SQ":53148000,"DPS_HKD":null,"OPERATE_INCOME_QOQ_SQ":-29.668124487254,"NET_PROFIT_RATIO_SQ":-26.7780537367,"HOLDER_PROFIT_SQ":-14232000,"HOLDER_PROFIT_QOQ_SQ":38.234756972527,"ROE_AVG_SQ":-3.625077528315,"PE_TTM_SQ":-2.14645477818,"PB_TTM_SQ":0.257516652301,"ROA_SQ":-1.886876253294,"START_DATE":"2024-01-01 00:00:00","FISCAL_YEAR":"12-31","CURRENCY":"HKD","IS_CNY_CODE":0,"DPS_HKD_LY":null,"ORG_TYPE":"一般企业","PREMIUM_INCOME":null,"PREMIUM_INCOME_YOY":null,"NET_INTEREST_INCOME":null,"NET_INTEREST_INCOME_YOY":null,"FEE_COMMISSION_INCOME":null,"FEE_COMMISSION_INCOME_YOY":null,"ACCOUNTS_RECE_TDAYS":0.203984913649,"INVENTORY_TDAYS":3.148633920854,"CURRENT_ASSETS_TDAYS":0.110933745827,"TOTAL_ASSETS_TDAYS":0.079599480037,"PREMIUM_EXPENSE":null,"LOAN_DEPOSIT":null,"LOAN_EQUITY":null,"LOAN_ASSETS":null,"DEPOSIT_EQUITY":null,"DEPOSIT_ASSETS":null,"EQUITY_MULTIPLIER":2.015771554725,"EQUITY_RATIO":1.014784894531},{"SECUCODE":"06918.HK","SECURITY_CODE":"06918","SECURITY_NAME_ABBR":"奇士达","ORG_CODE":"10000065269","STD_REPORT_DATE":"2023-12-31 00:00:00","REPORT_DATE":"2023-12-31 00:00:00","DATE_TYPE_CODE":"001","REPORT_TYPE":"2023年年报","PER_NETCASH_OPERATE":0.065738659289,"PER_OI":0.21040117586,"BPS":0.53991264306,"BASIC_EPS":-0.168,"DILUTED_EPS":-0.168,"OPERATE_INCOME":131409000,"OPERATE_INCOME_YOY":-22.4409936788,"GROSS_PROFIT":15026000,"GROSS_PROFIT_YOY":-46.960818919873,"HOLDER_PROFIT":-97994000,"HOLDER_PROFIT_YOY":-27.8327115239,"GROSS_PROFIT_RATIO":11.434528837446,"EPS_TTM":-0.156899853338,"OPERATE_INCOME_QOQ":10.275754422477,"NET_PROFIT_RATIO":-74.8000517468,"ROE_AVG":-26.644733264452,"GROSS_PROFIT_QOQ":-37.716062176166,"ROA":-14.232071031097,"HOLDER_PROFIT_QOQ":-106.965447326181,"ROE_YEARLY":-26.644733264452,"ROIC_YEARLY":-14.822119889553,"TOTAL_ASSETS":640362000,"TOTAL_LIABILITIES":303454000,"TAX_EBT":-7.59211016003,"OCF_SALES":31.24443531265,"TOTAL_PARENT_EQUITY":337210000,"DEBT_ASSET_RATIO":47.3878837283,"OPERATE_PROFIT":-71737000,"PRETAX_PROFIT":-91358000,"NETCASH_OPERATE":41058000,"NETCASH_INVEST":-55000,"NETCASH_FINANCE":1671000,"END_CASH":48899000,"DIVI_RATIO":null,"DIVIDEND_RATE":null,"CURRENT_RATIO":1.510883499593,"COMMON_ACS":5000000000,"CURRENTDEBT_DEBT":99.995715989903,"ISSUED_COMMON_SHARES":624564000,"HK_COMMON_SHARES":624564000,"PER_SHARES":2000,"TOTAL_MARKET_CAP":87438960,"HKSK_MARKET_CAP":87438960,"PE_TTM":-0.780957505245,"PB_TTM":0.255830576434,"REPORT_DATE_SQ":"2022-12-31 00:00:00","REPORT_TYPE_SQ":"2022年年报","OPERATE_INCOME_SQ":169431000,"DPS_HKD":null,"OPERATE_INCOME_QOQ_SQ":-37.659915006347,"NET_PROFIT_RATIO_SQ":-45.2443767669,"HOLDER_PROFIT_SQ":-76658000,"HOLDER_PROFIT_QOQ_SQ":-209.529193248809,"ROE_AVG_SQ":-18.249449776399,"PE_TTM_SQ":-28.536682022042,"PB_TTM_SQ":3.423631793593,"ROA_SQ":-10.10173820055,"START_DATE":"2023-01-01 00:00:00","FISCAL_YEAR":"12-31","CURRENCY":"HKD","IS_CNY_CODE":0,"DPS_HKD_LY":null,"ORG_TYPE":"一般企业","PREMIUM_INCOME":null,"PREMIUM_INCOME_YOY":null,"NET_INTEREST_INCOME":null,"NET_INTEREST_INCOME_YOY":null,"FEE_COMMISSION_INCOME":null,"FEE_COMMISSION_INCOME_YOY":null,"ACCOUNTS_RECE_TDAYS":0.457148721445,"INVENTORY_TDAYS":6.574753551959,"CURRENT_ASSETS_TDAYS":0.26899906041,"TOTAL_ASSETS_TDAYS":0.190850686994,"PREMIUM_EXPENSE":null,"LOAN_DEPOSIT":null,"LOAN_EQUITY":null,"LOAN_ASSETS":null,"DEPOSIT_EQUITY":null,"DEPOSIT_ASSETS":null,"EQUITY_MULTIPLIER":1.900702862504,"EQUITY_RATIO":0.899896207111},{"SECUCODE":"06918.HK","SECURITY_CODE":"06918","SECURITY_NAME_ABBR":"奇士达","ORG_CODE":"10000065269","STD_REPORT_DATE":"2023-06-30 00:00:00","REPORT_DATE":"2023-06-30 00:00:00","DATE_TYPE_CODE":"002","REPORT_TYPE":"2023年中报","PER_NETCASH_OPERATE":0.075851529893,"PER_OI":0.102033842338,"BPS":0.61938728457,"BASIC_EPS":-0.027,"DILUTED_EPS":-0.027,"OPERATE_INCOME":53148000,"OPERATE_INCOME_YOY":-48.6070686071,"GROSS_PROFIT":8805000,"GROSS_PROFIT_YOY":-32.321291314374,"HOLDER_PROFIT":-14232000,"HOLDER_PROFIT_YOY":67.314317211,"GROSS_PROFIT_RATIO":16.566945134342,"EPS_TTM":-0.090898968296,"OPERATE_INCOME_QOQ":-29.668124487254,"NET_PROFIT_RATIO":-26.7780537367,"ROE_AVG":-3.625077528315,"GROSS_PROFIT_QOQ":-14.842922696788,"ROA":-1.886876253294,"HOLDER_PROFIT_QOQ":38.234756972527,"ROE_YEARLY":-7.250155056629,"ROIC_YEARLY":-3.868053498289,"TOTAL_ASSETS":771800000,"TOTAL_LIABILITIES":384953000,"TAX_EBT":null,"OCF_SALES":74.339580040641,"TOTAL_PARENT_EQUITY":386847000,"DEBT_ASSET_RATIO":49.8772998186,"OPERATE_PROFIT":-8650000,"PRETAX_PROFIT":-14232000,"NETCASH_OPERATE":39510000,"NETCASH_INVEST":1000,"NETCASH_FINANCE":-15187000,"END_CASH":30554000,"DIVI_RATIO":null,"DIVIDEND_RATE":null,"CURRENT_RATIO":1.476281595923,"COMMON_ACS":5000000000,"CURRENTDEBT_DEBT":99.102228064205,"ISSUED_COMMON_SHARES":624564000,"HK_COMMON_SHARES":624564000,"PER_SHARES":2000,"TOTAL_MARKET_CAP":87438960,"HKSK_MARKET_CAP":87438960,"PE_TTM":-0.780957505245,"PB_TTM":0.255830576434,"REPORT_DATE_SQ":"2022-06-30 00:00:00","REPORT_TYPE_SQ":"2022年中报","OPERATE_INCOME_SQ":103415000,"DPS_HKD":null,"OPERATE_INCOME_QOQ_SQ":-4.248123082126,"NET_PROFIT_RATIO_SQ":-42.1041434995,"HOLDER_PROFIT_SQ":-43542000,"HOLDER_PROFIT_QOQ_SQ":-194.939814459864,"ROE_AVG_SQ":-9.928051156528,"PE_TTM_SQ":-28.536682022042,"PB_TTM_SQ":3.423631793593,"ROA_SQ":-5.27977329787,"START_DATE":"2023-01-01 00:00:00","FISCAL_YEAR":"12-31","CURRENCY":"HKD","IS_CNY_CODE":0,"DPS_HKD_LY":null,"ORG_TYPE":"一般企业","PREMIUM_INCOME":null,"PREMIUM_INCOME_YOY":null,"NET_INTEREST_INCOME":null,"NET_INTEREST_INCOME_YOY":null,"FEE_COMMISSION_INCOME":null,"FEE_COMMISSION_INCOME_YOY":null,"ACCOUNTS_RECE_TDAYS":0.148160950942,"INVENTORY_TDAYS":4.272376914924,"CURRENT_ASSETS_TDAYS":0.098262545586,"TOTAL_ASSETS_TDAYS":0.070463532258,"PREMIUM_EXPENSE":null,"LOAN_DEPOSIT":null,"LOAN_EQUITY":null,"LOAN_ASSETS":null,"DEPOSIT_EQUITY":null,"DEPOSIT_ASSETS":null,"EQUITY_MULTIPLIER":1.995104007527,"EQUITY_RATIO":0.995104007528},{"SECUCODE":"06918.HK","SECURITY_CODE":"06918","SECURITY_NAME_ABBR":"奇士达","ORG_CODE":"10000065269","STD_REPORT_DATE":"2022-12-31 00:00:00","REPORT_DATE":"2022-12-31 00:00:00","DATE_TYPE_CODE":"001","REPORT_TYPE":"2022年年报","PER_NETCASH_OPERATE":-0.555234734664,"PER_OI":0.32527462823,"BPS":0.637804932721,"BASIC_EPS":-0.147,"DILUTED_EPS":-0.147,"OPERATE_INCOME":169431000,"OPERATE_INCOME_YOY":-40.3081985464,"GROSS_PROFIT":28330000,"GROSS_PROFIT_YOY":-64.927267099969,"HOLDER_PROFIT":-76658000,"HOLDER_PROFIT_YOY":-393.8664417695,"GROSS_PROFIT_RATIO":16.720670951597,"EPS_TTM":-0.147168478323,"OPERATE_INCOME_QOQ":-37.659915006347,"NET_PROFIT_RATIO":-45.2443767669,"ROE_AVG":-18.249449776399,"GROSS_PROFIT_QOQ":-50.601569311247,"ROA":-10.10173820055,"HOLDER_PROFIT_QOQ":-209.529193248809,"ROE_YEARLY":-18.249449776399,"ROIC_YEARLY":-12.515755307824,"TOTAL_ASSETS":736725000,"TOTAL_LIABILITIES":338375000,"TAX_EBT":6.612577053334,"OCF_SALES":-170.697215975825,"TOTAL_PARENT_EQUITY":398350000,"DEBT_ASSET_RATIO":45.9296209576,"OPERATE_PROFIT":-71295000,"PRETAX_PROFIT":-82086000,"NETCASH_OPERATE":-289214000,"NETCASH_INVEST":22736000,"NETCASH_FINANCE":-13890000,"END_CASH":6223000,"DIVI_RATIO":null,"DIVIDEND_RATE":null,"CURRENT_RATIO":1.557455729354,"COMMON_ACS":5000000000,"CURRENTDEBT_DEBT":98.397340229036,"ISSUED_COMMON_SHARES":624564000,"HK_COMMON_SHARES":624564000,"PER_SHARES":2000,"TOTAL_MARKET_CAP":87438960,"HKSK_MARKET_CAP":87438960,"PE_TTM":-0.780957505245,"PB_TTM":0.255830576434,"REPORT_DATE_SQ":"2021-12-31 00:00:00","REPORT_TYPE_SQ":"2021年年报","OPERATE_INCOME_SQ":283843000,"DPS_HKD":null,"OPERATE_INCOME_QOQ_SQ":-3.63503649635,"NET_PROFIT_RATIO_SQ":9.1902918163,"HOLDER_PROFIT_SQ":26086000,"HOLDER_PROFIT_QOQ_SQ":-12.764605557971,"ROE_AVG_SQ":6.029319141805,"PE_TTM_SQ":-28.536682022042,"PB_TTM_SQ":3.423631793593,"ROA_SQ":3.594251622415,"START_DATE":"2022-01-01 00:00:00","FISCAL_YEAR":"12-31","CURRENCY":"HKD","IS_CNY_CODE":0,"DPS_HKD_LY":null,"ORG_TYPE":"一般企业","PREMIUM_INCOME":null,"PREMIUM_INCOME_YOY":null,"NET_INTEREST_INCOME":null,"NET_INTEREST_INCOME_YOY":null,"FEE_COMMISSION_INCOME":null,"FEE_COMMISSION_INCOME_YOY":null,"ACCOUNTS_RECE_TDAYS":0.762261892979,"INVENTORY_TDAYS":8.276689347724,"CURRENT_ASSETS_TDAYS":0.32643431904,"TOTAL_ASSETS_TDAYS":0.223270579073,"PREMIUM_EXPENSE":null,"LOAN_DEPOSIT":null,"LOAN_EQUITY":null,"LOAN_ASSETS":null,"DEPOSIT_EQUITY":null,"DEPOSIT_ASSETS":null,"EQUITY_MULTIPLIER":1.849441445964,"EQUITY_RATIO":0.849441445965},{"SECUCODE":"06918.HK","SECURITY_CODE":"06918","SECURITY_NAME_ABBR":"奇士达","ORG_CODE":"10000065269","STD_REPORT_DATE":"2022-06-30 00:00:00","REPORT_DATE":"2022-06-30 00:00:00","DATE_TYPE_CODE":"002","REPORT_TYPE":"2022年中报","PER_NETCASH_OPERATE":-0.348991909938,"PER_OI":0.198536723966,"BPS":0.697107101914,"BASIC_EPS":-0.084,"DILUTED_EPS":-0.084,"OPERATE_INCOME":103415000,"OPERATE_INCOME_YOY":-10.4422678895,"GROSS_PROFIT":13010000,"GROSS_PROFIT_YOY":-64.292575819953,"HOLDER_PROFIT":-43542000,"HOLDER_PROFIT_YOY":-695.6497948016,"GROSS_PROFIT_RATIO":12.580380022241,"EPS_TTM":-0.047545912157,"OPERATE_INCOME_QOQ":-4.248123082126,"NET_PROFIT_RATIO":-42.1041434995,"ROE_AVG":-9.928051156528,"GROSS_PROFIT_QOQ":-29.000309501702,"ROA":-5.27977329787,"HOLDER_PROFIT_QOQ":-194.939814459864,"ROE_YEARLY":-19.856102313057,"ROIC_YEARLY":-13.658232086745,"TOTAL_ASSETS":868395000,"TOTAL_LIABILITIES":433007000,"TAX_EBT":2.618925144812,"OCF_SALES":-175.782043223904,"TOTAL_PARENT_EQUITY":435388000,"DEBT_ASSET_RATIO":49.8629080085,"OPERATE_PROFIT":-39618000,"PRETAX_PROFIT":-44713000,"NETCASH_OPERATE":-181785000,"NETCASH_INVEST":669000,"NETCASH_FINANCE":-17732000,"END_CASH":87690000,"DIVI_RATIO":null,"DIVIDEND_RATE":null,"CURRENT_RATIO":1.477989858559,"COMMON_ACS":5000000000,"CURRENTDEBT_DEBT":97.738373744535,"ISSUED_COMMON_SHARES":624564000,"HK_COMMON_SHARES":624564000,"PER_SHARES":2000,"TOTAL_MARKET_CAP":87438960,"HKSK_MARKET_CAP":87438960,"PE_TTM":-0.780957505245,"PB_TTM":0.255830576434,"REPORT_DATE_SQ":"2021-06-30 00:00:00","REPORT_TYPE_SQ":"2021年中报","OPERATE_INCOME_SQ":115473000,"DPS_HKD":null,"OPERATE_INCOME_QOQ_SQ":-0.460608354483,"NET_PROFIT_RATIO_SQ":6.3304841824,"HOLDER_PROFIT_SQ":7310000,"HOLDER_PROFIT_QOQ_SQ":23.857846994988,"ROE_AVG_SQ":1.725762014821,"PE_TTM_SQ":-28.536682022042,"PB_TTM_SQ":3.423631793593,"ROA_SQ":1.089712724297,"START_DATE":"2022-01-01 00:00:00","FISCAL_YEAR":"12-31","CURRENCY":"HKD","IS_CNY_CODE":0,"DPS_HKD_LY":null,"ORG_TYPE":"一般企业","PREMIUM_INCOME":null,"PREMIUM_INCOME_YOY":null,"NET_INTEREST_INCOME":null,"NET_INTEREST_INCOME_YOY":null,"FEE_COMMISSION_INCOME":null,"FEE_COMMISSION_INCOME_YOY":null,"ACCOUNTS_RECE_TDAYS":0.687352945086,"INVENTORY_TDAYS":4.559461367763,"CURRENT_ASSETS_TDAYS":0.180634557156,"TOTAL_ASSETS_TDAYS":0.125397950393,"PREMIUM_EXPENSE":null,"LOAN_DEPOSIT":null,"LOAN_EQUITY":null,"LOAN_ASSETS":null,"DEPOSIT_EQUITY":null,"DEPOSIT_ASSETS":null,"EQUITY_MULTIPLIER":1.994531314599,"EQUITY_RATIO":0.994531314598},{"SECUCODE":"06918.HK","SECURITY_CODE":"06918","SECURITY_NAME_ABBR":"奇士达","ORG_CODE":"10000065269","STD_REPORT_DATE":"2021-12-31 00:00:00","REPORT_DATE":"2021-12-31 00:00:00","DATE_TYPE_CODE":"001","REPORT_TYPE":"2021年年报","PER_NETCASH_OPERATE":0.319480654116,"PER_OI":0.54492345734,"BPS":0.707314222402,"BASIC_EPS":0.05,"DILUTED_EPS":0.05,"OPERATE_INCOME":283843000,"OPERATE_INCOME_YOY":-4.078901569,"GROSS_PROFIT":80775000,"GROSS_PROFIT_YOY":-19.356448988149,"HOLDER_PROFIT":26086000,"HOLDER_PROFIT_YOY":8.0478813735,"GROSS_PROFIT_RATIO":28.457633269096,"EPS_TTM":0.050080055905,"OPERATE_INCOME_QOQ":-3.63503649635,"NET_PROFIT_RATIO":9.1902918163,"ROE_AVG":6.029319141805,"GROSS_PROFIT_QOQ":-16.359475635264,"ROA":3.594251622415,"HOLDER_PROFIT_QOQ":-12.764605557971,"ROE_YEARLY":6.029319141805,"ROIC_YEARLY":5.052469291229,"TOTAL_ASSETS":780994000,"TOTAL_LIABILITIES":339231000,"TAX_EBT":17.766849505075,"OCF_SALES":58.628537607057,"TOTAL_PARENT_EQUITY":441763000,"DEBT_ASSET_RATIO":43.4358010433,"OPERATE_PROFIT":42483000,"PRETAX_PROFIT":31722000,"NETCASH_OPERATE":166413000,"NETCASH_INVEST":-2084000,"NETCASH_FINANCE":-10368000,"END_CASH":286512000,"DIVI_RATIO":null,"DIVIDEND_RATE":null,"CURRENT_RATIO":1.580517678842,"COMMON_ACS":5000000000,"CURRENTDEBT_DEBT":96.895036125826,"ISSUED_COMMON_SHARES":624564000,"HK_COMMON_SHARES":624564000,"PER_SHARES":2000,"TOTAL_MARKET_CAP":87438960,"HKSK_MARKET_CAP":87438960,"PE_TTM":-0.780957505245,"PB_TTM":0.255830576434,"REPORT_DATE_SQ":"2020-12-31 00:00:00","REPORT_TYPE_SQ":"2020年年报","OPERATE_INCOME_SQ":295913000,"DPS_HKD":null,"OPERATE_INCOME_QOQ_SQ":-6.701495737275,"NET_PROFIT_RATIO_SQ":8.1588169496,"HOLDER_PROFIT_SQ":24143000,"HOLDER_PROFIT_QOQ_SQ":2.240196493605,"ROE_AVG_SQ":6.665295490718,"PE_TTM_SQ":-28.536682022042,"PB_TTM_SQ":3.423631793593,"ROA_SQ":4.039763467273,"START_DATE":"2021-01-01 00:00:00","FISCAL_YEAR":"12-31","CURRENCY":"HKD","IS_CNY_CODE":0,"DPS_HKD_LY":0.018,"ORG_TYPE":"一般企业","PREMIUM_INCOME":null,"PREMIUM_INCOME_YOY":null,"NET_INTEREST_INCOME":null,"NET_INTEREST_INCOME_YOY":null,"FEE_COMMISSION_INCOME":null,"FEE_COMMISSION_INCOME_YOY":null,"ACCOUNTS_RECE_TDAYS":2.91381027173,"INVENTORY_TDAYS":5.525058497034,"CURRENT_ASSETS_TDAYS":0.622598571399,"TOTAL_ASSETS_TDAYS":0.391092219298,"PREMIUM_EXPENSE":null,"LOAN_DEPOSIT":null,"LOAN_EQUITY":null,"LOAN_ASSETS":null,"DEPOSIT_EQUITY":null,"DEPOSIT_ASSETS":null,"EQUITY_MULTIPLIER":1.767902698959,"EQUITY_RATIO":0.767902698958},{"SECUCODE":"06918.HK","SECURITY_CODE":"06918","SECURITY_NAME_ABBR":"奇士达","ORG_CODE":"10000065269","STD_REPORT_DATE":"2021-06-30 00:00:00","REPORT_DATE":"2021-06-30 00:00:00","DATE_TYPE_CODE":"002","REPORT_TYPE":"2021年中报","PER_NETCASH_OPERATE":-0.002449672289,"PER_OI":0.221685743138,"BPS":0.678265157774,"BASIC_EPS":0.014,"DILUTED_EPS":0.014,"OPERATE_INCOME":115473000,"OPERATE_INCOME_YOY":-1.1665924886,"GROSS_PROFIT":36435000,"GROSS_PROFIT_YOY":-8.967119728163,"HOLDER_PROFIT":7310000,"HOLDER_PROFIT_YOY":371.6129032258,"GROSS_PROFIT_RATIO":31.552830531813,"EPS_TTM":0.057407954908,"OPERATE_INCOME_QOQ":-0.460608354483,"NET_PROFIT_RATIO":6.3304841824,"ROE_AVG":1.725762014821,"GROSS_PROFIT_QOQ":-3.583159450096,"ROA":1.089712724297,"HOLDER_PROFIT_QOQ":23.857846994988,"ROE_YEARLY":3.451524029643,"ROIC_YEARLY":2.65908348922,"TOTAL_ASSETS":671092000,"TOTAL_LIABILITIES":247472000,"TAX_EBT":20.248745363299,"OCF_SALES":-1.105020221177,"TOTAL_PARENT_EQUITY":423620000,"DEBT_ASSET_RATIO":36.8760169992,"OPERATE_PROFIT":14774000,"PRETAX_PROFIT":9166000,"NETCASH_OPERATE":-1276000,"NETCASH_INVEST":-12817000,"NETCASH_FINANCE":-8206000,"END_CASH":109587000,"DIVI_RATIO":null,"DIVIDEND_RATE":null,"CURRENT_RATIO":1.649903501516,"COMMON_ACS":5000000000,"CURRENTDEBT_DEBT":95.265322945626,"ISSUED_COMMON_SHARES":624564000,"HK_COMMON_SHARES":624564000,"PER_SHARES":2000,"TOTAL_MARKET_CAP":87438960,"HKSK_MARKET_CAP":87438960,"PE_TTM":-0.780957505245,"PB_TTM":0.255830576434,"REPORT_DATE_SQ":"2020-06-30 00:00:00","REPORT_TYPE_SQ":"2020年中报","OPERATE_INCOME_SQ":116836000,"DPS_HKD":null,"OPERATE_INCOME_QOQ_SQ":-2.649478207489,"NET_PROFIT_RATIO_SQ":1.3266458968,"HOLDER_PROFIT_SQ":1550000,"HOLDER_PROFIT_QOQ_SQ":-33.378473691635,"ROE_AVG_SQ":0.43977744424,"PE_TTM_SQ":-28.536682022042,"PB_TTM_SQ":3.423631793593,"ROA_SQ":0.269153996893,"START_DATE":"2021-01-01 00:00:00","FISCAL_YEAR":"12-31","CURRENCY":"HKD","IS_CNY_CODE":0,"DPS_HKD_LY":0.018,"ORG_TYPE":"一般企业","PREMIUM_INCOME":null,"PREMIUM_INCOME_YOY":null,"NET_INTEREST_INCOME":null,"NET_INTEREST_INCOME_YOY":null,"FEE_COMMISSION_INCOME":null,"FEE_COMMISSION_INCOME_YOY":null,"ACCOUNTS_RECE_TDAYS":1.475759299138,"INVENTORY_TDAYS":1.369607596801,"CURRENT_ASSETS_TDAYS":0.295606717857,"TOTAL_ASSETS_TDAYS":0.172137342562,"PREMIUM_EXPENSE":null,"LOAN_DEPOSIT":null,"LOAN_EQUITY":null,"LOAN_ASSETS":null,"DEPOSIT_EQUITY":null,"DEPOSIT_ASSETS":null,"EQUITY_MULTIPLIER":1.584183938436,"EQUITY_RATIO":0.584183938435},{"SECUCODE":"06918.HK","SECURITY_CODE":"06918","SECURITY_NAME_ABBR":"奇士达","ORG_CODE":"10000065269","STD_REPORT_DATE":"2020-12-31 00:00:00","REPORT_DATE":"2020-12-31 00:00:00","DATE_TYPE_CODE":"001","REPORT_TYPE":"2020年年报","PER_NETCASH_OPERATE":-0.027812227628,"PER_OI":0.568095514182,"BPS":0.678140270653,"BASIC_EPS":0.048,"DILUTED_EPS":0.048,"OPERATE_INCOME":295913000,"OPERATE_INCOME_YOY":-9.1734192756,"GROSS_PROFIT":100163000,"GROSS_PROFIT_YOY":-18.026843440543,"HOLDER_PROFIT":24143000,"HOLDER_PROFIT_YOY":-31.8860205953,"GROSS_PROFIT_RATIO":33.848800154099,"EPS_TTM":0.046349873101,"OPERATE_INCOME_QOQ":-6.701495737275,"NET_PROFIT_RATIO":8.1588169496,"ROE_AVG":6.665295490718,"GROSS_PROFIT_QOQ":-14.334219956724,"ROA":4.039763467273,"HOLDER_PROFIT_QOQ":2.240196493605,"ROE_YEARLY":6.665295490718,"ROIC_YEARLY":5.103068541505,"TOTAL_ASSETS":670546000,"TOTAL_LIABILITIES":247004000,"TAX_EBT":26.721704555802,"OCF_SALES":-4.895695694343,"TOTAL_PARENT_EQUITY":423542000,"DEBT_ASSET_RATIO":36.8362498621,"OPERATE_PROFIT":41421000,"PRETAX_PROFIT":32947000,"NETCASH_OPERATE":-14487000,"NETCASH_INVEST":-63870000,"NETCASH_FINANCE":97950000,"END_CASH":132424000,"DIVI_RATIO":null,"DIVIDEND_RATE":null,"CURRENT_RATIO":1.663287414512,"COMMON_ACS":5000000000,"CURRENTDEBT_DEBT":95.484688507069,"ISSUED_COMMON_SHARES":624564000,"HK_COMMON_SHARES":624564000,"PER_SHARES":2000,"TOTAL_MARKET_CAP":87438960,"HKSK_MARKET_CAP":87438960,"PE_TTM":-0.780957505245,"PB_TTM":0.255830576434,"REPORT_DATE_SQ":"2019-12-31 00:00:00","REPORT_TYPE_SQ":"2019年年报","OPERATE_INCOME_SQ":325800000,"DPS_HKD":null,"OPERATE_INCOME_QOQ_SQ":16.892762192475,"NET_PROFIT_RATIO_SQ":10.879373849,"HOLDER_PROFIT_SQ":35445000,"HOLDER_PROFIT_QOQ_SQ":8.153052817868,"ROE_AVG_SQ":10.62694317606,"PE_TTM_SQ":-28.536682022042,"PB_TTM_SQ":3.423631793593,"ROA_SQ":6.471596728872,"START_DATE":"2020-01-01 00:00:00","FISCAL_YEAR":"12-31","CURRENCY":"HKD","IS_CNY_CODE":0,"DPS_HKD_LY":null,"ORG_TYPE":"一般企业","PREMIUM_INCOME":null,"PREMIUM_INCOME_YOY":null,"NET_INTEREST_INCOME":null,"NET_INTEREST_INCOME_YOY":null,"FEE_COMMISSION_INCOME":null,"FEE_COMMISSION_INCOME_YOY":null,"ACCOUNTS_RECE_TDAYS":4.286792507497,"INVENTORY_TDAYS":3.394606780543,"CURRENT_ASSETS_TDAYS":0.856782588302,"TOTAL_ASSETS_TDAYS":0.495140838707,"PREMIUM_EXPENSE":null,"LOAN_DEPOSIT":null,"LOAN_EQUITY":null,"LOAN_ASSETS":null,"DEPOSIT_EQUITY":null,"DEPOSIT_ASSETS":null,"EQUITY_MULTIPLIER":1.58318655529,"EQUITY_RATIO":0.583186555288},{"SECUCODE":"06918.HK","SECURITY_CODE":"06918","SECURITY_NAME_ABBR":"奇士达","ORG_CODE":"10000065269","STD_REPORT_DATE":"2020-06-30 00:00:00","REPORT_DATE":"2020-06-30 00:00:00","DATE_TYPE_CODE":"002","REPORT_TYPE":"2020年中报","PER_NETCASH_OPERATE":-0.058642390082,"PER_OI":0.224302438537,"BPS":0.646859249012,"BASIC_EPS":0.003,"DILUTED_EPS":0.003,"OPERATE_INCOME":116836000,"OPERATE_INCOME_YOY":-6.879841872,"GROSS_PROFIT":40024000,"GROSS_PROFIT_YOY":-11.629242012762,"HOLDER_PROFIT":1550000,"HOLDER_PROFIT_YOY":-88.4164113295,"GROSS_PROFIT_RATIO":34.256564757438,"EPS_TTM":0.045334295796,"OPERATE_INCOME_QOQ":-2.649478207489,"NET_PROFIT_RATIO":1.3266458968,"ROE_AVG":0.43977744424,"GROSS_PROFIT_QOQ":-4.31050004092,"ROA":0.269153996893,"HOLDER_PROFIT_QOQ":-33.378473691635,"ROE_YEARLY":0.879554888481,"ROIC_YEARLY":0.670076129294,"TOTAL_ASSETS":627035000,"TOTAL_LIABILITIES":223030000,"TAX_EBT":70.599393019727,"OCF_SALES":-26.144339073573,"TOTAL_PARENT_EQUITY":404005000,"DEBT_ASSET_RATIO":35.5689873771,"OPERATE_PROFIT":9932000,"PRETAX_PROFIT":5272000,"NETCASH_OPERATE":-30546000,"NETCASH_INVEST":-50164000,"NETCASH_FINANCE":74341000,"END_CASH":109860000,"DIVI_RATIO":null,"DIVIDEND_RATE":null,"CURRENT_RATIO":1.691601394146,"COMMON_ACS":5000000000,"CURRENTDEBT_DEBT":95.710890911537,"ISSUED_COMMON_SHARES":624564000,"HK_COMMON_SHARES":624564000,"PER_SHARES":2000,"TOTAL_MARKET_CAP":87438960,"HKSK_MARKET_CAP":87438960,"PE_TTM":-0.780957505245,"PB_TTM":0.255830576434,"REPORT_DATE_SQ":"2019-06-30 00:00:00","REPORT_TYPE_SQ":"2019年中报","OPERATE_INCOME_SQ":125468000,"DPS_HKD":null,"OPERATE_INCOME_QOQ_SQ":0,"NET_PROFIT_RATIO_SQ":10.664870724,"HOLDER_PROFIT_SQ":13381000,"HOLDER_PROFIT_QOQ_SQ":0,"ROE_AVG_SQ":null,"PE_TTM_SQ":-28.536682022042,"PB_TTM_SQ":3.423631793593,"ROA_SQ":null,"START_DATE":"2020-01-01 00:00:00","FISCAL_YEAR":"12-31","CURRENCY":"HKD","IS_CNY_CODE":0,"DPS_HKD_LY":null,"ORG_TYPE":"一般企业","PREMIUM_INCOME":null,"PREMIUM_INCOME_YOY":null,"NET_INTEREST_INCOME":null,"NET_INTEREST_INCOME_YOY":null,"FEE_COMMISSION_INCOME":null,"FEE_COMMISSION_INCOME_YOY":null,"ACCOUNTS_RECE_TDAYS":1.454097411932,"INVENTORY_TDAYS":1.125541252409,"CURRENT_ASSETS_TDAYS":0.354283600329,"TOTAL_ASSETS_TDAYS":0.202883073426,"PREMIUM_EXPENSE":null,"LOAN_DEPOSIT":null,"LOAN_EQUITY":null,"LOAN_ASSETS":null,"DEPOSIT_EQUITY":null,"DEPOSIT_ASSETS":null,"EQUITY_MULTIPLIER":1.552047623173,"EQUITY_RATIO":0.552047623173}],"count":14},"success":true,"message":"ok","code":0}