{"version":"7294ea85f36c008a80d91d9003fc0e2d","result":{"pages":1,"data":[{"SECUCODE":"06911.HK","SECURITY_CODE":"06911","SECURITY_NAME_ABBR":"澜沧古茶","ORG_CODE":"10000068744","STD_REPORT_DATE":"2024-06-30 00:00:00","REPORT_DATE":"2024-06-30 00:00:00","DATE_TYPE_CODE":"002","REPORT_TYPE":"2024年中报","PER_NETCASH_OPERATE":-0.461642857143,"PER_OI":1.548650793651,"BPS":7.804301587302,"BASIC_EPS":0.06,"DILUTED_EPS":0.06,"OPERATE_INCOME":195130000,"OPERATE_INCOME_YOY":-15.9023910907,"GROSS_PROFIT":124666000,"GROSS_PROFIT_YOY":-10.841408903987,"HOLDER_PROFIT":5089000,"HOLDER_PROFIT_YOY":-79.1143396536,"GROSS_PROFIT_RATIO":63.888689591554,"EPS_TTM":0.482563492063,"OPERATE_INCOME_QOQ":-6.996937488741,"NET_PROFIT_RATIO":2.2620816891,"ROE_AVG":0.511009446997,"GROSS_PROFIT_QOQ":-4.292899257472,"ROA":0.311270004863,"HOLDER_PROFIT_QOQ":-24.072177822178,"ROE_YEARLY":1.022018893994,"ROIC_YEARLY":0.706574692088,"TOTAL_ASSETS":1641854000,"TOTAL_LIABILITIES":657282000,"TAX_EBT":-45.917355371901,"OCF_SALES":-29.809357863988,"TOTAL_PARENT_EQUITY":983342000,"DEBT_ASSET_RATIO":40.0329140106,"OPERATE_PROFIT":10707000,"PRETAX_PROFIT":3025000,"NETCASH_OPERATE":-58167000,"NETCASH_INVEST":-58966000,"NETCASH_FINANCE":-21739000,"END_CASH":123441000,"DIVI_RATIO":0.763941537358,"DIVIDEND_RATE":8.37037037037,"CURRENT_RATIO":2.642538390865,"COMMON_ACS":null,"CURRENTDEBT_DEBT":69.550056140287,"ISSUED_COMMON_SHARES":126000000,"HK_COMMON_SHARES":31500000,"PER_SHARES":200,"TOTAL_MARKET_CAP":612360000,"HKSK_MARKET_CAP":153090000,"PE_TTM":9.069978479784,"PB_TTM":0.568356405808,"REPORT_DATE_SQ":"2023-06-30 00:00:00","REPORT_TYPE_SQ":"2023年中报","OPERATE_INCOME_SQ":232028000,"DPS_HKD":0.4068,"OPERATE_INCOME_QOQ_SQ":0.815349483331,"NET_PROFIT_RATIO_SQ":10.1573947972,"HOLDER_PROFIT_SQ":24366000,"HOLDER_PROFIT_QOQ_SQ":-9.05892943702,"ROE_AVG_SQ":3.035138397378,"PE_TTM_SQ":12.732351216596,"PB_TTM_SQ":1.028980215392,"ROA_SQ":1.720216640269,"START_DATE":"2024-01-01 00:00:00","FISCAL_YEAR":"12-31","CURRENCY":"HKD","IS_CNY_CODE":0,"DPS_HKD_LY":0.4068,"ORG_TYPE":"一般企业","PREMIUM_INCOME":null,"PREMIUM_INCOME_YOY":null,"NET_INTEREST_INCOME":null,"NET_INTEREST_INCOME_YOY":null,"FEE_COMMISSION_INCOME":null,"FEE_COMMISSION_INCOME_YOY":null,"ACCOUNTS_RECE_TDAYS":2.386750738482,"INVENTORY_TDAYS":0.08051620688,"CURRENT_ASSETS_TDAYS":0.161279657753,"TOTAL_ASSETS_TDAYS":0.119351770581,"PREMIUM_EXPENSE":null,"LOAN_DEPOSIT":null,"LOAN_EQUITY":null,"LOAN_ASSETS":null,"DEPOSIT_EQUITY":null,"DEPOSIT_ASSETS":null,"EQUITY_MULTIPLIER":1.667581446557,"EQUITY_RATIO":0.668416481753},{"SECUCODE":"06911.HK","SECURITY_CODE":"06911","SECURITY_NAME_ABBR":"澜沧古茶","ORG_CODE":"10000068744","STD_REPORT_DATE":"2023-12-31 00:00:00","REPORT_DATE":"2023-12-31 00:00:00","DATE_TYPE_CODE":"001","REPORT_TYPE":"2023年年报","PER_NETCASH_OPERATE":0.258619047619,"PER_OI":6.277916666667,"BPS":8.00319047619,"BASIC_EPS":1.26,"DILUTED_EPS":1.26,"OPERATE_INCOME":527345000,"OPERATE_INCOME_YOY":13.9296431604,"GROSS_PROFIT":353118000,"GROSS_PROFIT_YOY":15.777532238022,"HOLDER_PROFIT":80080000,"HOLDER_PROFIT_YOY":10.906446922,"GROSS_PROFIT_RATIO":66.961476832055,"EPS_TTM":0.953333333333,"OPERATE_INCOME_QOQ":13.008231131722,"NET_PROFIT_RATIO":14.8891143369,"ROE_AVG":8.884756673276,"GROSS_PROFIT_QOQ":15.449350037925,"ROA":5.270367968167,"HOLDER_PROFIT_QOQ":21.954191033138,"ROE_YEARLY":8.884756673276,"ROIC_YEARLY":5.977015955378,"TOTAL_ASSETS":1627976000,"TOTAL_LIABILITIES":617669000,"TAX_EBT":14.977964027764,"OCF_SALES":4.119504309323,"TOTAL_PARENT_EQUITY":1008402000,"DEBT_ASSET_RATIO":37.9409155909,"OPERATE_PROFIT":104889000,"PRETAX_PROFIT":92349000,"NETCASH_OPERATE":21724000,"NETCASH_INVEST":-14245000,"NETCASH_FINANCE":164807000,"END_CASH":262313000,"DIVI_RATIO":0.386696114685,"DIVIDEND_RATE":8.582278481013,"CURRENT_RATIO":3.144534260617,"COMMON_ACS":null,"CURRENTDEBT_DEBT":62.388593243307,"ISSUED_COMMON_SHARES":126000000,"HK_COMMON_SHARES":31500000,"PER_SHARES":200,"TOTAL_MARKET_CAP":597240000,"HKSK_MARKET_CAP":149310000,"PE_TTM":8.846028393863,"PB_TTM":0.554322914307,"REPORT_DATE_SQ":"2022-12-31 00:00:00","REPORT_TYPE_SQ":"2022年年报","OPERATE_INCOME_SQ":462869000,"DPS_HKD":0.4068,"OPERATE_INCOME_QOQ_SQ":-17.149086144588,"NET_PROFIT_RATIO_SQ":15.2293629515,"HOLDER_PROFIT_SQ":72205000,"HOLDER_PROFIT_QOQ_SQ":-44.884203776926,"ROE_AVG_SQ":9.363343234189,"PE_TTM_SQ":null,"PB_TTM_SQ":null,"ROA_SQ":5.542748752008,"START_DATE":"2023-01-01 00:00:00","FISCAL_YEAR":"12-31","CURRENCY":"HKD","IS_CNY_CODE":0,"DPS_HKD_LY":null,"ORG_TYPE":"一般企业","PREMIUM_INCOME":null,"PREMIUM_INCOME_YOY":null,"NET_INTEREST_INCOME":null,"NET_INTEREST_INCOME_YOY":null,"FEE_COMMISSION_INCOME":null,"FEE_COMMISSION_INCOME_YOY":null,"ACCOUNTS_RECE_TDAYS":9.292914162863,"INVENTORY_TDAYS":0.214420695405,"CURRENT_ASSETS_TDAYS":0.488387546393,"TOTAL_ASSETS_TDAYS":0.347065708813,"PREMIUM_EXPENSE":null,"LOAN_DEPOSIT":null,"LOAN_EQUITY":null,"LOAN_ASSETS":null,"DEPOSIT_EQUITY":null,"DEPOSIT_ASSETS":null,"EQUITY_MULTIPLIER":1.611367633799,"EQUITY_RATIO":0.612522585239},{"SECUCODE":"06911.HK","SECURITY_CODE":"06911","SECURITY_NAME_ABBR":"澜沧古茶","ORG_CODE":"10000068744","STD_REPORT_DATE":"2023-06-30 00:00:00","REPORT_DATE":"2023-06-30 00:00:00","DATE_TYPE_CODE":"002","REPORT_TYPE":"2023年中报","PER_NETCASH_OPERATE":-0.028555555556,"PER_OI":3.682984126984,"BPS":6.439349206349,"BASIC_EPS":0.39,"DILUTED_EPS":0.39,"OPERATE_INCOME":232028000,"OPERATE_INCOME_YOY":1.6534211887,"GROSS_PROFIT":139825000,"GROSS_PROFIT_YOY":0.623929532665,"HOLDER_PROFIT":24366000,"HOLDER_PROFIT_YOY":-21.1634904714,"GROSS_PROFIT_RATIO":60.262123536815,"EPS_TTM":1.042285714286,"OPERATE_INCOME_QOQ":0.815349483331,"NET_PROFIT_RATIO":10.1573947972,"ROE_AVG":3.035138397378,"GROSS_PROFIT_QOQ":0.284265091132,"ROA":1.720216640269,"HOLDER_PROFIT_QOQ":-9.05892943702,"ROE_YEARLY":6.070276794756,"ROIC_YEARLY":3.652456050345,"TOTAL_ASSETS":1421998000,"TOTAL_LIABILITIES":606902000,"TAX_EBT":12.814442142646,"OCF_SALES":-0.775337459272,"TOTAL_PARENT_EQUITY":811358000,"DEBT_ASSET_RATIO":42.679525569,"OPERATE_PROFIT":33391000,"PRETAX_PROFIT":27032000,"NETCASH_OPERATE":-1799000,"NETCASH_INVEST":-4149000,"NETCASH_FINANCE":-18430000,"END_CASH":65649000,"DIVI_RATIO":0.353694088816,"DIVIDEND_RATE":8.582278481013,"CURRENT_RATIO":2.644126422305,"COMMON_ACS":null,"CURRENTDEBT_DEBT":61.356034417418,"ISSUED_COMMON_SHARES":126000000,"HK_COMMON_SHARES":31500000,"PER_SHARES":200,"TOTAL_MARKET_CAP":597240000,"HKSK_MARKET_CAP":149310000,"PE_TTM":8.846028393863,"PB_TTM":0.554322914307,"REPORT_DATE_SQ":"2022-06-30 00:00:00","REPORT_TYPE_SQ":"2022年中报","OPERATE_INCOME_SQ":228254000,"DPS_HKD":0.4068,"OPERATE_INCOME_QOQ_SQ":0,"NET_PROFIT_RATIO_SQ":13.3005336161,"HOLDER_PROFIT_SQ":30907000,"HOLDER_PROFIT_QOQ_SQ":0,"ROE_AVG_SQ":null,"PE_TTM_SQ":null,"PB_TTM_SQ":null,"ROA_SQ":null,"START_DATE":"2023-01-01 00:00:00","FISCAL_YEAR":"12-31","CURRENCY":"HKD","IS_CNY_CODE":0,"DPS_HKD_LY":null,"ORG_TYPE":"一般企业","PREMIUM_INCOME":null,"PREMIUM_INCOME_YOY":null,"NET_INTEREST_INCOME":null,"NET_INTEREST_INCOME_YOY":null,"FEE_COMMISSION_INCOME":null,"FEE_COMMISSION_INCOME_YOY":null,"ACCOUNTS_RECE_TDAYS":6.062446110835,"INVENTORY_TDAYS":0.113956497719,"CURRENT_ASSETS_TDAYS":0.240148750058,"TOTAL_ASSETS_TDAYS":0.163809581634,"PREMIUM_EXPENSE":null,"LOAN_DEPOSIT":null,"LOAN_EQUITY":null,"LOAN_ASSETS":null,"DEPOSIT_EQUITY":null,"DEPOSIT_ASSETS":null,"EQUITY_MULTIPLIER":1.744577325862,"EQUITY_RATIO":0.74800766123},{"SECUCODE":"06911.HK","SECURITY_CODE":"06911","SECURITY_NAME_ABBR":"澜沧古茶","ORG_CODE":"10000068744","STD_REPORT_DATE":"2022-12-31 00:00:00","REPORT_DATE":"2022-12-31 00:00:00","DATE_TYPE_CODE":"001","REPORT_TYPE":"2022年年报","PER_NETCASH_OPERATE":0.629126984127,"PER_OI":7.347126984127,"BPS":6.30346031746,"BASIC_EPS":1.15,"DILUTED_EPS":1.15,"OPERATE_INCOME":462869000,"OPERATE_INCOME_YOY":-17.1490861446,"GROSS_PROFIT":304997000,"GROSS_PROFIT_YOY":-17.219357290197,"HOLDER_PROFIT":72205000,"HOLDER_PROFIT_YOY":-44.8842037769,"GROSS_PROFIT_RATIO":65.892725587585,"EPS_TTM":1.146111111111,"OPERATE_INCOME_QOQ":-17.149086144588,"NET_PROFIT_RATIO":15.2293629515,"ROE_AVG":9.363343234189,"GROSS_PROFIT_QOQ":-17.219357290197,"ROA":5.542748752008,"HOLDER_PROFIT_QOQ":-44.884203776926,"ROE_YEARLY":9.363343234189,"ROIC_YEARLY":6.120447490706,"TOTAL_ASSETS":1410901000,"TOTAL_LIABILITIES":611631000,"TAX_EBT":17.504008238833,"OCF_SALES":8.562897925763,"TOTAL_PARENT_EQUITY":794236000,"DEBT_ASSET_RATIO":43.3503839036,"OPERATE_PROFIT":95452000,"PRETAX_PROFIT":85449000,"NETCASH_OPERATE":39635000,"NETCASH_INVEST":-76816000,"NETCASH_FINANCE":-14338000,"END_CASH":90027000,"DIVI_RATIO":0.321653190887,"DIVIDEND_RATE":8.582278481013,"CURRENT_RATIO":2.45199738184,"COMMON_ACS":null,"CURRENTDEBT_DEBT":63.196764061992,"ISSUED_COMMON_SHARES":126000000,"HK_COMMON_SHARES":31500000,"PER_SHARES":200,"TOTAL_MARKET_CAP":597240000,"HKSK_MARKET_CAP":149310000,"PE_TTM":8.846028393863,"PB_TTM":0.554322914307,"REPORT_DATE_SQ":"2021-12-31 00:00:00","REPORT_TYPE_SQ":"2021年年报","OPERATE_INCOME_SQ":558677000,"DPS_HKD":0.4068,"OPERATE_INCOME_QOQ_SQ":37.786738682747,"NET_PROFIT_RATIO_SQ":23.0831052648,"HOLDER_PROFIT_SQ":131006000,"HOLDER_PROFIT_QOQ_SQ":6.611220520499,"ROE_AVG_SQ":19.637487595972,"PE_TTM_SQ":null,"PB_TTM_SQ":null,"ROA_SQ":12.480850869237,"START_DATE":"2022-01-01 00:00:00","FISCAL_YEAR":"12-31","CURRENCY":"HKD","IS_CNY_CODE":0,"DPS_HKD_LY":null,"ORG_TYPE":"一般企业","PREMIUM_INCOME":null,"PREMIUM_INCOME_YOY":null,"NET_INTEREST_INCOME":null,"NET_INTEREST_INCOME_YOY":null,"FEE_COMMISSION_INCOME":null,"FEE_COMMISSION_INCOME_YOY":null,"ACCOUNTS_RECE_TDAYS":14.931980579705,"INVENTORY_TDAYS":0.22246067673,"CURRENT_ASSETS_TDAYS":0.521600425512,"TOTAL_ASSETS_TDAYS":0.355317024042,"PREMIUM_EXPENSE":null,"LOAN_DEPOSIT":null,"LOAN_EQUITY":null,"LOAN_ASSETS":null,"DEPOSIT_EQUITY":null,"DEPOSIT_ASSETS":null,"EQUITY_MULTIPLIER":1.765237028788,"EQUITY_RATIO":0.770087228481},{"SECUCODE":"06911.HK","SECURITY_CODE":"06911","SECURITY_NAME_ABBR":"澜沧古茶","ORG_CODE":"10000068744","STD_REPORT_DATE":"2022-06-30 00:00:00","REPORT_DATE":"2022-06-30 00:00:00","DATE_TYPE_CODE":"002","REPORT_TYPE":"2022年中报","PER_NETCASH_OPERATE":null,"PER_OI":null,"BPS":null,"BASIC_EPS":0.49,"DILUTED_EPS":0.49,"OPERATE_INCOME":228254000,"OPERATE_INCOME_YOY":null,"GROSS_PROFIT":138958000,"GROSS_PROFIT_YOY":null,"HOLDER_PROFIT":30907000,"HOLDER_PROFIT_YOY":null,"GROSS_PROFIT_RATIO":60.878670253314,"EPS_TTM":2.07946031746,"OPERATE_INCOME_QOQ":0,"NET_PROFIT_RATIO":13.3005336161,"ROE_AVG":null,"GROSS_PROFIT_QOQ":0,"ROA":null,"HOLDER_PROFIT_QOQ":0,"ROE_YEARLY":null,"ROIC_YEARLY":null,"TOTAL_ASSETS":null,"TOTAL_LIABILITIES":null,"TAX_EBT":12.084443414804,"OCF_SALES":15.717139677727,"TOTAL_PARENT_EQUITY":null,"DEBT_ASSET_RATIO":null,"OPERATE_PROFIT":39553000,"PRETAX_PROFIT":34532000,"NETCASH_OPERATE":35875000,"NETCASH_INVEST":-52949000,"NETCASH_FINANCE":-20709000,"END_CASH":103763000,"DIVI_RATIO":0.177281717234,"DIVIDEND_RATE":8.582278481013,"CURRENT_RATIO":null,"COMMON_ACS":null,"CURRENTDEBT_DEBT":null,"ISSUED_COMMON_SHARES":126000000,"HK_COMMON_SHARES":31500000,"PER_SHARES":200,"TOTAL_MARKET_CAP":597240000,"HKSK_MARKET_CAP":149310000,"PE_TTM":8.846028393863,"PB_TTM":0.554322914307,"REPORT_DATE_SQ":"2021-06-30 00:00:00","REPORT_TYPE_SQ":"2021年中报","OPERATE_INCOME_SQ":null,"DPS_HKD":0.4068,"OPERATE_INCOME_QOQ_SQ":0,"NET_PROFIT_RATIO_SQ":null,"HOLDER_PROFIT_SQ":null,"HOLDER_PROFIT_QOQ_SQ":0,"ROE_AVG_SQ":null,"PE_TTM_SQ":null,"PB_TTM_SQ":null,"ROA_SQ":null,"START_DATE":"2022-01-01 00:00:00","FISCAL_YEAR":"12-31","CURRENCY":"HKD","IS_CNY_CODE":0,"DPS_HKD_LY":null,"ORG_TYPE":"一般企业","PREMIUM_INCOME":null,"PREMIUM_INCOME_YOY":null,"NET_INTEREST_INCOME":null,"NET_INTEREST_INCOME_YOY":null,"FEE_COMMISSION_INCOME":null,"FEE_COMMISSION_INCOME_YOY":null,"ACCOUNTS_RECE_TDAYS":null,"INVENTORY_TDAYS":null,"CURRENT_ASSETS_TDAYS":0.551984813126,"TOTAL_ASSETS_TDAYS":0.38217976785,"PREMIUM_EXPENSE":null,"LOAN_DEPOSIT":null,"LOAN_EQUITY":null,"LOAN_ASSETS":null,"DEPOSIT_EQUITY":null,"DEPOSIT_ASSETS":null,"EQUITY_MULTIPLIER":null,"EQUITY_RATIO":null},{"SECUCODE":"06911.HK","SECURITY_CODE":"06911","SECURITY_NAME_ABBR":"澜沧古茶","ORG_CODE":"10000068744","STD_REPORT_DATE":"2021-12-31 00:00:00","REPORT_DATE":"2021-12-31 00:00:00","DATE_TYPE_CODE":"001","REPORT_TYPE":"2021年年报","PER_NETCASH_OPERATE":-0.142603174603,"PER_OI":8.867888888889,"BPS":5.936944444444,"BASIC_EPS":2.16,"DILUTED_EPS":2.16,"OPERATE_INCOME":558677000,"OPERATE_INCOME_YOY":37.7867386827,"GROSS_PROFIT":368440000,"GROSS_PROFIT_YOY":29.080175871915,"HOLDER_PROFIT":131006000,"HOLDER_PROFIT_YOY":6.6112205205,"GROSS_PROFIT_RATIO":65.948660854125,"EPS_TTM":2.07946031746,"OPERATE_INCOME_QOQ":37.786738682747,"NET_PROFIT_RATIO":23.0831052648,"ROE_AVG":19.637487595972,"GROSS_PROFIT_QOQ":29.080175871915,"ROA":12.480850869237,"HOLDER_PROFIT_QOQ":6.611220520499,"ROE_YEARLY":19.637487595972,"ROIC_YEARLY":14.782609676862,"TOTAL_ASSETS":1194485000,"TOTAL_LIABILITIES":437119000,"TAX_EBT":11.841511600881,"OCF_SALES":-1.60808481466,"TOTAL_PARENT_EQUITY":748055000,"DEBT_ASSET_RATIO":36.5947667823,"OPERATE_PROFIT":153701000,"PRETAX_PROFIT":146282000,"NETCASH_OPERATE":-8984000,"NETCASH_INVEST":-56193000,"NETCASH_FINANCE":32812000,"END_CASH":141546000,"DIVI_RATIO":0.177281717234,"DIVIDEND_RATE":8.071428571429,"CURRENT_RATIO":4.801363142892,"COMMON_ACS":null,"CURRENTDEBT_DEBT":39.405516575578,"ISSUED_COMMON_SHARES":126000000,"HK_COMMON_SHARES":31500000,"PER_SHARES":200,"TOTAL_MARKET_CAP":635040000,"HKSK_MARKET_CAP":158760000,"PE_TTM":9.405903608665,"PB_TTM":0.58940664306,"REPORT_DATE_SQ":"2020-12-31 00:00:00","REPORT_TYPE_SQ":"2020年年报","OPERATE_INCOME_SQ":405465000,"DPS_HKD":0.4068,"OPERATE_INCOME_QOQ_SQ":7.555247849373,"NET_PROFIT_RATIO_SQ":30.3434328487,"HOLDER_PROFIT_SQ":122882000,"HOLDER_PROFIT_QOQ_SQ":50.982945888829,"ROE_AVG_SQ":23.007151235669,"PE_TTM_SQ":12.16541906595,"PB_TTM_SQ":0.983162914521,"ROA_SQ":14.69273165217,"START_DATE":"2021-01-01 00:00:00","FISCAL_YEAR":"12-31","CURRENCY":"HKD","IS_CNY_CODE":0,"DPS_HKD_LY":null,"ORG_TYPE":"一般企业","PREMIUM_INCOME":null,"PREMIUM_INCOME_YOY":null,"NET_INTEREST_INCOME":null,"NET_INTEREST_INCOME_YOY":null,"FEE_COMMISSION_INCOME":null,"FEE_COMMISSION_INCOME_YOY":null,"ACCOUNTS_RECE_TDAYS":34.961013767209,"INVENTORY_TDAYS":0.34400593123,"CURRENT_ASSETS_TDAYS":0.749732443065,"TOTAL_ASSETS_TDAYS":0.53224770782,"PREMIUM_EXPENSE":null,"LOAN_DEPOSIT":null,"LOAN_EQUITY":null,"LOAN_ASSETS":null,"DEPOSIT_EQUITY":null,"DEPOSIT_ASSETS":null,"EQUITY_MULTIPLIER":1.577156883197,"EQUITY_RATIO":0.58434072361},{"SECUCODE":"06911.HK","SECURITY_CODE":"06911","SECURITY_NAME_ABBR":"澜沧古茶","ORG_CODE":"10000068744","STD_REPORT_DATE":"2020-12-31 00:00:00","REPORT_DATE":"2020-12-31 00:00:00","DATE_TYPE_CODE":"001","REPORT_TYPE":"2020年年报","PER_NETCASH_OPERATE":1.557716666667,"PER_OI":6.75775,"BPS":4.652293650794,"BASIC_EPS":2.05,"DILUTED_EPS":2.05,"OPERATE_INCOME":405465000,"OPERATE_INCOME_YOY":7.5552478494,"GROSS_PROFIT":285435000,"GROSS_PROFIT_YOY":28.999674602744,"HOLDER_PROFIT":122882000,"HOLDER_PROFIT_YOY":50.9829458888,"GROSS_PROFIT_RATIO":70.396951648108,"EPS_TTM":2.048033333333,"OPERATE_INCOME_QOQ":7.555247849373,"NET_PROFIT_RATIO":30.3434328487,"ROE_AVG":23.007151235669,"GROSS_PROFIT_QOQ":28.999674602744,"ROA":14.69273165217,"HOLDER_PROFIT_QOQ":50.982945888829,"ROE_YEARLY":23.007151235669,"ROIC_YEARLY":18.396941079246,"TOTAL_ASSETS":904827000,"TOTAL_LIABILITIES":316528000,"TAX_EBT":12.131924953042,"OCF_SALES":23.050818196392,"TOTAL_PARENT_EQUITY":586189000,"DEBT_ASSET_RATIO":34.9821568101,"OPERATE_PROFIT":145980000,"PRETAX_PROFIT":140019000,"NETCASH_OPERATE":93463000,"NETCASH_INVEST":-20946000,"NETCASH_FINANCE":-59380000,"END_CASH":173911000,"DIVI_RATIO":0.180002097622,"DIVIDEND_RATE":8.582278481013,"CURRENT_RATIO":4.515825305511,"COMMON_ACS":null,"CURRENTDEBT_DEBT":46.405057372492,"ISSUED_COMMON_SHARES":126000000,"HK_COMMON_SHARES":31500000,"PER_SHARES":200,"TOTAL_MARKET_CAP":597240000,"HKSK_MARKET_CAP":149310000,"PE_TTM":8.846028393863,"PB_TTM":0.554322914307,"REPORT_DATE_SQ":"2019-12-31 00:00:00","REPORT_TYPE_SQ":"2019年年报","OPERATE_INCOME_SQ":376983000,"DPS_HKD":0.4068,"OPERATE_INCOME_QOQ_SQ":null,"NET_PROFIT_RATIO_SQ":21.5893024354,"HOLDER_PROFIT_SQ":81388000,"HOLDER_PROFIT_QOQ_SQ":null,"ROE_AVG_SQ":16.884846623985,"PE_TTM_SQ":null,"PB_TTM_SQ":null,"ROA_SQ":10.59927278789,"START_DATE":"2020-01-01 00:00:00","FISCAL_YEAR":"12-31","CURRENCY":"HKD","IS_CNY_CODE":0,"DPS_HKD_LY":null,"ORG_TYPE":"一般企业","PREMIUM_INCOME":null,"PREMIUM_INCOME_YOY":null,"NET_INTEREST_INCOME":null,"NET_INTEREST_INCOME_YOY":null,"FEE_COMMISSION_INCOME":null,"FEE_COMMISSION_INCOME_YOY":null,"ACCOUNTS_RECE_TDAYS":44.505241205203,"INVENTORY_TDAYS":0.271379347767,"CURRENT_ASSETS_TDAYS":0.645917465172,"TOTAL_ASSETS_TDAYS":0.4848056216,"PREMIUM_EXPENSE":null,"LOAN_DEPOSIT":null,"LOAN_EQUITY":null,"LOAN_ASSETS":null,"DEPOSIT_EQUITY":null,"DEPOSIT_ASSETS":null,"EQUITY_MULTIPLIER":1.538039330341,"EQUITY_RATIO":0.539976014562},{"SECUCODE":"06911.HK","SECURITY_CODE":"06911","SECURITY_NAME_ABBR":"澜沧古茶","ORG_CODE":"10000068744","STD_REPORT_DATE":"2019-12-31 00:00:00","REPORT_DATE":"2019-12-31 00:00:00","DATE_TYPE_CODE":"001","REPORT_TYPE":"2019年年报","PER_NETCASH_OPERATE":1.064083333333,"PER_OI":6.28305,"BPS":3.82553968254,"BASIC_EPS":1.47,"DILUTED_EPS":1.47,"OPERATE_INCOME":376983000,"OPERATE_INCOME_YOY":null,"GROSS_PROFIT":221268000,"GROSS_PROFIT_YOY":null,"HOLDER_PROFIT":81388000,"HOLDER_PROFIT_YOY":null,"GROSS_PROFIT_RATIO":58.694423886488,"EPS_TTM":1.356466666667,"OPERATE_INCOME_QOQ":null,"NET_PROFIT_RATIO":21.5893024354,"ROE_AVG":16.884846623985,"GROSS_PROFIT_QOQ":null,"ROA":10.59927278789,"HOLDER_PROFIT_QOQ":null,"ROE_YEARLY":16.884846623985,"ROIC_YEARLY":13.406249485249,"TOTAL_ASSETS":767864000,"TOTAL_LIABILITIES":285846000,"TAX_EBT":15.073095906421,"OCF_SALES":16.935776944849,"TOTAL_PARENT_EQUITY":482018000,"DEBT_ASSET_RATIO":37.226123376,"OPERATE_PROFIT":null,"PRETAX_PROFIT":95833000,"NETCASH_OPERATE":63845000,"NETCASH_INVEST":-14850000,"NETCASH_FINANCE":81577000,"END_CASH":160774000,"DIVI_RATIO":0.271772469652,"DIVIDEND_RATE":8.582278481013,"CURRENT_RATIO":3.348372358652,"COMMON_ACS":null,"CURRENTDEBT_DEBT":61.869328239682,"ISSUED_COMMON_SHARES":126000000,"HK_COMMON_SHARES":31500000,"PER_SHARES":200,"TOTAL_MARKET_CAP":597240000,"HKSK_MARKET_CAP":149310000,"PE_TTM":8.846028393863,"PB_TTM":0.554322914307,"REPORT_DATE_SQ":"2018-12-31 00:00:00","REPORT_TYPE_SQ":"2018年年报","OPERATE_INCOME_SQ":null,"DPS_HKD":0.4068,"OPERATE_INCOME_QOQ_SQ":null,"NET_PROFIT_RATIO_SQ":null,"HOLDER_PROFIT_SQ":null,"HOLDER_PROFIT_QOQ_SQ":null,"ROE_AVG_SQ":null,"PE_TTM_SQ":null,"PB_TTM_SQ":null,"ROA_SQ":null,"START_DATE":"2019-01-01 00:00:00","FISCAL_YEAR":"12-31","CURRENCY":"HKD","IS_CNY_CODE":0,"DPS_HKD_LY":null,"ORG_TYPE":"一般企业","PREMIUM_INCOME":null,"PREMIUM_INCOME_YOY":null,"NET_INTEREST_INCOME":null,"NET_INTEREST_INCOME_YOY":null,"FEE_COMMISSION_INCOME":null,"FEE_COMMISSION_INCOME_YOY":null,"ACCOUNTS_RECE_TDAYS":30.362677190722,"INVENTORY_TDAYS":0.375894383129,"CURRENT_ASSETS_TDAYS":1.27324064489,"TOTAL_ASSETS_TDAYS":0.981900440703,"PREMIUM_EXPENSE":null,"LOAN_DEPOSIT":null,"LOAN_EQUITY":null,"LOAN_ASSETS":null,"DEPOSIT_EQUITY":null,"DEPOSIT_ASSETS":null,"EQUITY_MULTIPLIER":1.593019347825,"EQUITY_RATIO":0.593019347825}],"count":8},"success":true,"message":"ok","code":0}