{"version":"ac743add7012f4427097208ceba14114","result":{"pages":1,"data":[{"SECUCODE":"06922.HK","SECURITY_CODE":"06922","SECURITY_NAME_ABBR":"康沣生物-B","ORG_CODE":"10000283680","STD_REPORT_DATE":"2024-06-30 00:00:00","REPORT_DATE":"2024-06-30 00:00:00","DATE_TYPE_CODE":"002","REPORT_TYPE":"2024年中报","PER_NETCASH_OPERATE":-0.210752373385,"PER_OI":0.081447869182,"BPS":0.492723014512,"BASIC_EPS":-0.22,"DILUTED_EPS":-0.22,"OPERATE_INCOME":19475000,"OPERATE_INCOME_YOY":2.9660568891,"GROSS_PROFIT":15281000,"GROSS_PROFIT_YOY":4.392676595163,"HOLDER_PROFIT":-52171000,"HOLDER_PROFIT_YOY":-20.2041380582,"GROSS_PROFIT_RATIO":78.464698331194,"EPS_TTM":-0.444377064949,"OPERATE_INCOME_QOQ":1.369963369963,"NET_PROFIT_RATIO":-287.3068035944,"ROE_AVG":-37.361071326268,"GROSS_PROFIT_QOQ":2.070720082442,"ROA":-26.251805185852,"HOLDER_PROFIT_QOQ":-8.995137763371,"ROE_YEARLY":-74.722142652535,"ROIC_YEARLY":-102.149363903805,"TOTAL_ASSETS":184645000,"TOTAL_LIABILITIES":58617000,"TAX_EBT":null,"OCF_SALES":-258.757381258023,"TOTAL_PARENT_EQUITY":117815000,"DEBT_ASSET_RATIO":31.7457824474,"OPERATE_PROFIT":-55517000,"PRETAX_PROFIT":-55953000,"NETCASH_OPERATE":-50393000,"NETCASH_INVEST":-1419000,"NETCASH_FINANCE":17163000,"END_CASH":69563000,"DIVI_RATIO":null,"DIVIDEND_RATE":null,"CURRENT_RATIO":2.532518825546,"COMMON_ACS":null,"CURRENTDEBT_DEBT":78.613712745449,"ISSUED_COMMON_SHARES":239110000,"HK_COMMON_SHARES":143438579,"PER_SHARES":200,"TOTAL_MARKET_CAP":1150119100,"HKSK_MARKET_CAP":689939564.99,"PE_TTM":-9.774773562618,"PB_TTM":8.909652422765,"REPORT_DATE_SQ":"2023-06-30 00:00:00","REPORT_TYPE_SQ":"2023年中报","OPERATE_INCOME_SQ":18914000,"DPS_HKD":null,"OPERATE_INCOME_QOQ_SQ":31.706508527018,"NET_PROFIT_RATIO_SQ":-250.7560537168,"HOLDER_PROFIT_SQ":-43402000,"HOLDER_PROFIT_QOQ_SQ":-0.627327974907,"ROE_AVG_SQ":-19.525867207727,"PE_TTM_SQ":-26.135595661137,"PB_TTM_SQ":14.401855856278,"ROA_SQ":-15.214331660652,"START_DATE":"2024-01-01 00:00:00","FISCAL_YEAR":"12-31","CURRENCY":"HKD","IS_CNY_CODE":0,"DPS_HKD_LY":null,"ORG_TYPE":"一般企业","PREMIUM_INCOME":null,"PREMIUM_INCOME_YOY":null,"NET_INTEREST_INCOME":null,"NET_INTEREST_INCOME_YOY":null,"FEE_COMMISSION_INCOME":null,"FEE_COMMISSION_INCOME_YOY":null,"ACCOUNTS_RECE_TDAYS":null,"INVENTORY_TDAYS":0.181743331961,"CURRENT_ASSETS_TDAYS":0.146090257149,"TOTAL_ASSETS_TDAYS":0.097995803415,"PREMIUM_EXPENSE":null,"LOAN_DEPOSIT":null,"LOAN_EQUITY":null,"LOAN_ASSETS":null,"DEPOSIT_EQUITY":null,"DEPOSIT_ASSETS":null,"EQUITY_MULTIPLIER":1.46511092773,"EQUITY_RATIO":0.49753426983},{"SECUCODE":"06922.HK","SECURITY_CODE":"06922","SECURITY_NAME_ABBR":"康沣生物-B","ORG_CODE":"10000283680","STD_REPORT_DATE":"2023-12-31 00:00:00","REPORT_DATE":"2023-12-31 00:00:00","DATE_TYPE_CODE":"001","REPORT_TYPE":"2023年年报","PER_NETCASH_OPERATE":-0.401037179541,"PER_OI":0.171260089499,"BPS":0.675274978044,"BASIC_EPS":-0.41,"DILUTED_EPS":-0.41,"OPERATE_INCOME":40950000,"OPERATE_INCOME_YOY":50.8342848724,"GROSS_PROFIT":31052000,"GROSS_PROFIT_YOY":60.375994215474,"HOLDER_PROFIT":-97486000,"HOLDER_PROFIT_YOY":13.1311151111,"GROSS_PROFIT_RATIO":75.82905982906,"EPS_TTM":-0.407703567396,"OPERATE_INCOME_QOQ":14.523030455575,"NET_PROFIT_RATIO":-258.231990232,"ROE_AVG":-48.67011650054,"GROSS_PROFIT_QOQ":15.383472057075,"ROA":-37.01878166035,"HOLDER_PROFIT_QOQ":13.672670598445,"ROE_YEARLY":-48.67011650054,"ROIC_YEARLY":-118.444808942349,"TOTAL_ASSETS":212821000,"TOTAL_LIABILITIES":39361000,"TAX_EBT":null,"OCF_SALES":-234.168498168498,"TOTAL_PARENT_EQUITY":161465000,"DEBT_ASSET_RATIO":18.4948853732,"OPERATE_PROFIT":-105095000,"PRETAX_PROFIT":-105746000,"NETCASH_OPERATE":-95892000,"NETCASH_INVEST":-15103000,"NETCASH_FINANCE":-13684000,"END_CASH":103402000,"DIVI_RATIO":null,"DIVIDEND_RATE":null,"CURRENT_RATIO":4.870216360211,"COMMON_ACS":null,"CURRENTDEBT_DEBT":78.204313914789,"ISSUED_COMMON_SHARES":239110000,"HK_COMMON_SHARES":143438579,"PER_SHARES":200,"TOTAL_MARKET_CAP":1671378900,"HKSK_MARKET_CAP":1002635667.21,"PE_TTM":-14.204920416362,"PB_TTM":12.947706951169,"REPORT_DATE_SQ":"2022-12-31 00:00:00","REPORT_TYPE_SQ":"2022年年报","OPERATE_INCOME_SQ":27149000,"DPS_HKD":null,"OPERATE_INCOME_QOQ_SQ":21.060376348881,"NET_PROFIT_RATIO_SQ":-435.802423662,"HOLDER_PROFIT_SQ":-112222000,"HOLDER_PROFIT_QOQ_SQ":-10.158727042494,"ROE_AVG_SQ":-54.771427804472,"PE_TTM_SQ":-37.509059048696,"PB_TTM_SQ":20.669131430099,"ROA_SQ":-41.14041454956,"START_DATE":"2023-01-01 00:00:00","FISCAL_YEAR":"12-31","CURRENCY":"HKD","IS_CNY_CODE":0,"DPS_HKD_LY":null,"ORG_TYPE":"一般企业","PREMIUM_INCOME":null,"PREMIUM_INCOME_YOY":null,"NET_INTEREST_INCOME":null,"NET_INTEREST_INCOME_YOY":null,"FEE_COMMISSION_INCOME":null,"FEE_COMMISSION_INCOME_YOY":null,"ACCOUNTS_RECE_TDAYS":null,"INVENTORY_TDAYS":0.447043945621,"CURRENT_ASSETS_TDAYS":0.197767329996,"TOTAL_ASSETS_TDAYS":0.155501211353,"PREMIUM_EXPENSE":null,"LOAN_DEPOSIT":null,"LOAN_EQUITY":null,"LOAN_ASSETS":null,"DEPOSIT_EQUITY":null,"DEPOSIT_ASSETS":null,"EQUITY_MULTIPLIER":1.226916868443,"EQUITY_RATIO":0.243774192549},{"SECUCODE":"06922.HK","SECURITY_CODE":"06922","SECURITY_NAME_ABBR":"康沣生物-B","ORG_CODE":"10000283680","STD_REPORT_DATE":"2023-06-30 00:00:00","REPORT_DATE":"2023-06-30 00:00:00","DATE_TYPE_CODE":"002","REPORT_TYPE":"2023年中报","PER_NETCASH_OPERATE":-0.243582451591,"PER_OI":0.079101668688,"BPS":0.859123416001,"BASIC_EPS":-0.18,"DILUTED_EPS":-0.18,"OPERATE_INCOME":18914000,"OPERATE_INCOME_YOY":83.5241606831,"GROSS_PROFIT":14638000,"GROSS_PROFIT_YOY":106.518058690745,"HOLDER_PROFIT":-43402000,"HOLDER_PROFIT_YOY":-1.6487891705,"GROSS_PROFIT_RATIO":77.392407740298,"EPS_TTM":-0.472276358162,"OPERATE_INCOME_QOQ":31.706508527018,"NET_PROFIT_RATIO":-250.7560537168,"ROE_AVG":-19.525867207727,"GROSS_PROFIT_QOQ":38.993905588266,"ROA":-15.214331660652,"HOLDER_PROFIT_QOQ":-0.627327974907,"ROE_YEARLY":-39.051734415454,"ROIC_YEARLY":-116.812563500447,"TOTAL_ASSETS":256678000,"TOTAL_LIABILITIES":35024000,"TAX_EBT":null,"OCF_SALES":-307.935920482183,"TOTAL_PARENT_EQUITY":205425000,"DEBT_ASSET_RATIO":13.6451117743,"OPERATE_PROFIT":-47094000,"PRETAX_PROFIT":-47428000,"NETCASH_OPERATE":-58243000,"NETCASH_INVEST":-1812000,"NETCASH_FINANCE":-10286000,"END_CASH":159014000,"DIVI_RATIO":null,"DIVIDEND_RATE":null,"CURRENT_RATIO":8.027652067193,"COMMON_ACS":null,"CURRENTDEBT_DEBT":74.446094106898,"ISSUED_COMMON_SHARES":239110000,"HK_COMMON_SHARES":143438579,"PER_SHARES":200,"TOTAL_MARKET_CAP":1671378900,"HKSK_MARKET_CAP":1002635667.21,"PE_TTM":-14.204920416362,"PB_TTM":12.947706951169,"REPORT_DATE_SQ":"2022-06-30 00:00:00","REPORT_TYPE_SQ":"2022年中报","OPERATE_INCOME_SQ":10306000,"DPS_HKD":null,"OPERATE_INCOME_QOQ_SQ":0,"NET_PROFIT_RATIO_SQ":-435.1833883175,"HOLDER_PROFIT_SQ":-42698000,"HOLDER_PROFIT_QOQ_SQ":0,"ROE_AVG_SQ":null,"PE_TTM_SQ":-37.509059048696,"PB_TTM_SQ":20.669131430099,"ROA_SQ":null,"START_DATE":"2023-01-01 00:00:00","FISCAL_YEAR":"12-31","CURRENCY":"HKD","IS_CNY_CODE":0,"DPS_HKD_LY":null,"ORG_TYPE":"一般企业","PREMIUM_INCOME":null,"PREMIUM_INCOME_YOY":null,"NET_INTEREST_INCOME":null,"NET_INTEREST_INCOME_YOY":null,"FEE_COMMISSION_INCOME":null,"FEE_COMMISSION_INCOME_YOY":null,"ACCOUNTS_RECE_TDAYS":995.473684210526,"INVENTORY_TDAYS":0.189652495953,"CURRENT_ASSETS_TDAYS":0.079886636496,"TOTAL_ASSETS_TDAYS":0.066301983556,"PREMIUM_EXPENSE":null,"LOAN_DEPOSIT":null,"LOAN_EQUITY":null,"LOAN_ASSETS":null,"DEPOSIT_EQUITY":null,"DEPOSIT_ASSETS":null,"EQUITY_MULTIPLIER":1.158012036778,"EQUITY_RATIO":0.170495314592},{"SECUCODE":"06922.HK","SECURITY_CODE":"06922","SECURITY_NAME_ABBR":"康沣生物-B","ORG_CODE":"10000283680","STD_REPORT_DATE":"2022-12-31 00:00:00","REPORT_DATE":"2022-12-31 00:00:00","DATE_TYPE_CODE":"001","REPORT_TYPE":"2022年年报","PER_NETCASH_OPERATE":-0.405403370834,"PER_OI":0.113541884488,"BPS":1.000100372214,"BASIC_EPS":-0.49,"DILUTED_EPS":-0.49,"OPERATE_INCOME":27149000,"OPERATE_INCOME_YOY":21.0603763489,"GROSS_PROFIT":19362000,"GROSS_PROFIT_YOY":24.554519137987,"HOLDER_PROFIT":-112222000,"HOLDER_PROFIT_YOY":-10.1587270425,"GROSS_PROFIT_RATIO":71.31754392427,"EPS_TTM":-0.469332106562,"OPERATE_INCOME_QOQ":21.060376348881,"NET_PROFIT_RATIO":-435.802423662,"ROE_AVG":-54.771427804472,"GROSS_PROFIT_QOQ":24.554519137986,"ROA":-41.14041454956,"HOLDER_PROFIT_QOQ":-10.158727042494,"ROE_YEARLY":-54.771427804472,"ROIC_YEARLY":-195.742305713264,"TOTAL_ASSETS":313863000,"TOTAL_LIABILITIES":54474000,"TAX_EBT":null,"OCF_SALES":-357.051825113264,"TOTAL_PARENT_EQUITY":239134000,"DEBT_ASSET_RATIO":17.3559801569,"OPERATE_PROFIT":-117729000,"PRETAX_PROFIT":-118316000,"NETCASH_OPERATE":-96936000,"NETCASH_INVEST":-6547000,"NETCASH_FINANCE":169399000,"END_CASH":226422000,"DIVI_RATIO":null,"DIVIDEND_RATE":null,"CURRENT_RATIO":5.77705864346,"COMMON_ACS":null,"CURRENTDEBT_DEBT":83.955648566289,"ISSUED_COMMON_SHARES":239110000,"HK_COMMON_SHARES":143438579,"PER_SHARES":200,"TOTAL_MARKET_CAP":1671378900,"HKSK_MARKET_CAP":1002635667.21,"PE_TTM":-14.204920416362,"PB_TTM":12.947706951169,"REPORT_DATE_SQ":"2021-12-31 00:00:00","REPORT_TYPE_SQ":"2021年年报","OPERATE_INCOME_SQ":22426000,"DPS_HKD":null,"OPERATE_INCOME_QOQ_SQ":21.622647649005,"NET_PROFIT_RATIO_SQ":-564.064032819,"HOLDER_PROFIT_SQ":-101873000,"HOLDER_PROFIT_QOQ_SQ":35.615105071891,"ROE_AVG_SQ":-92.221553335657,"PE_TTM_SQ":-37.509059048696,"PB_TTM_SQ":20.669131430099,"ROA_SQ":-66.572564703268,"START_DATE":"2022-01-01 00:00:00","FISCAL_YEAR":"12-31","CURRENCY":"HKD","IS_CNY_CODE":0,"DPS_HKD_LY":null,"ORG_TYPE":"一般企业","PREMIUM_INCOME":null,"PREMIUM_INCOME_YOY":null,"NET_INTEREST_INCOME":null,"NET_INTEREST_INCOME_YOY":null,"FEE_COMMISSION_INCOME":null,"FEE_COMMISSION_INCOME_YOY":null,"ACCOUNTS_RECE_TDAYS":null,"INVENTORY_TDAYS":0.492474070326,"CURRENT_ASSETS_TDAYS":0.119705905047,"TOTAL_ASSETS_TDAYS":0.099527821159,"PREMIUM_EXPENSE":null,"LOAN_DEPOSIT":null,"LOAN_EQUITY":null,"LOAN_ASSETS":null,"DEPOSIT_EQUITY":null,"DEPOSIT_ASSETS":null,"EQUITY_MULTIPLIER":1.210008905543,"EQUITY_RATIO":0.227796967391},{"SECUCODE":"06922.HK","SECURITY_CODE":"06922","SECURITY_NAME_ABBR":"康沣生物-B","ORG_CODE":"10000283680","STD_REPORT_DATE":"2022-06-30 00:00:00","REPORT_DATE":"2022-06-30 00:00:00","DATE_TYPE_CODE":"002","REPORT_TYPE":"2022年中报","PER_NETCASH_OPERATE":null,"PER_OI":null,"BPS":null,"BASIC_EPS":-0.19,"DILUTED_EPS":-0.19,"OPERATE_INCOME":10306000,"OPERATE_INCOME_YOY":null,"GROSS_PROFIT":7088000,"GROSS_PROFIT_YOY":null,"HOLDER_PROFIT":-42698000,"HOLDER_PROFIT_YOY":null,"GROSS_PROFIT_RATIO":68.775470599651,"EPS_TTM":-0.446811403509,"OPERATE_INCOME_QOQ":0,"NET_PROFIT_RATIO":-435.1833883175,"ROE_AVG":null,"GROSS_PROFIT_QOQ":0,"ROA":null,"HOLDER_PROFIT_QOQ":0,"ROE_YEARLY":null,"ROIC_YEARLY":null,"TOTAL_ASSETS":null,"TOTAL_LIABILITIES":null,"TAX_EBT":null,"OCF_SALES":-387.327770230933,"TOTAL_PARENT_EQUITY":null,"DEBT_ASSET_RATIO":null,"OPERATE_PROFIT":-44580000,"PRETAX_PROFIT":-44850000,"NETCASH_OPERATE":-39918000,"NETCASH_INVEST":-1791000,"NETCASH_FINANCE":-6194000,"END_CASH":111489000,"DIVI_RATIO":null,"DIVIDEND_RATE":null,"CURRENT_RATIO":null,"COMMON_ACS":null,"CURRENTDEBT_DEBT":null,"ISSUED_COMMON_SHARES":239110000,"HK_COMMON_SHARES":143438579,"PER_SHARES":200,"TOTAL_MARKET_CAP":1671378900,"HKSK_MARKET_CAP":1002635667.21,"PE_TTM":-14.204920416362,"PB_TTM":12.947706951169,"REPORT_DATE_SQ":"2021-06-30 00:00:00","REPORT_TYPE_SQ":"2021年中报","OPERATE_INCOME_SQ":null,"DPS_HKD":null,"OPERATE_INCOME_QOQ_SQ":0,"NET_PROFIT_RATIO_SQ":null,"HOLDER_PROFIT_SQ":null,"HOLDER_PROFIT_QOQ_SQ":0,"ROE_AVG_SQ":null,"PE_TTM_SQ":-37.509059048696,"PB_TTM_SQ":20.669131430099,"ROA_SQ":null,"START_DATE":"2022-01-01 00:00:00","FISCAL_YEAR":"12-31","CURRENCY":"HKD","IS_CNY_CODE":0,"DPS_HKD_LY":null,"ORG_TYPE":"一般企业","PREMIUM_INCOME":null,"PREMIUM_INCOME_YOY":null,"NET_INTEREST_INCOME":null,"NET_INTEREST_INCOME_YOY":null,"FEE_COMMISSION_INCOME":null,"FEE_COMMISSION_INCOME_YOY":null,"ACCOUNTS_RECE_TDAYS":null,"INVENTORY_TDAYS":null,"CURRENT_ASSETS_TDAYS":0.108835347727,"TOTAL_ASSETS_TDAYS":0.088962549581,"PREMIUM_EXPENSE":null,"LOAN_DEPOSIT":null,"LOAN_EQUITY":null,"LOAN_ASSETS":null,"DEPOSIT_EQUITY":null,"DEPOSIT_ASSETS":null,"EQUITY_MULTIPLIER":null,"EQUITY_RATIO":null},{"SECUCODE":"06922.HK","SECURITY_CODE":"06922","SECURITY_NAME_ABBR":"康沣生物-B","ORG_CODE":"10000283680","STD_REPORT_DATE":"2021-12-31 00:00:00","REPORT_DATE":"2021-12-31 00:00:00","DATE_TYPE_CODE":"001","REPORT_TYPE":"2021年年报","PER_NETCASH_OPERATE":-0.274083333333,"PER_OI":0.098359649123,"BPS":0.713684078458,"BASIC_EPS":-0.45,"DILUTED_EPS":-0.45,"OPERATE_INCOME":22426000,"OPERATE_INCOME_YOY":147.6916280097,"GROSS_PROFIT":15545000,"GROSS_PROFIT_YOY":235.021551724138,"HOLDER_PROFIT":-101873000,"HOLDER_PROFIT_YOY":25.6862530547,"GROSS_PROFIT_RATIO":69.316864353875,"EPS_TTM":-0.446811403509,"OPERATE_INCOME_QOQ":21.622647649005,"NET_PROFIT_RATIO":-564.064032819,"ROE_AVG":-92.221553335657,"GROSS_PROFIT_QOQ":31.258971544372,"ROA":-66.572564703268,"HOLDER_PROFIT_QOQ":35.615105071891,"ROE_YEARLY":-92.221553335657,"ROIC_YEARLY":-178.179083332605,"TOTAL_ASSETS":231693000,"TOTAL_LIABILITIES":34695000,"TAX_EBT":null,"OCF_SALES":-278.654240613574,"TOTAL_PARENT_EQUITY":170649000,"DEBT_ASSET_RATIO":14.9745568489,"OPERATE_PROFIT":-126122000,"PRETAX_PROFIT":-126497000,"NETCASH_OPERATE":-62491000,"NETCASH_INVEST":15653000,"NETCASH_FINANCE":197747000,"END_CASH":157867000,"DIVI_RATIO":null,"DIVIDEND_RATE":null,"CURRENT_RATIO":6.694722330234,"COMMON_ACS":null,"CURRENTDEBT_DEBT":81.536244415622,"ISSUED_COMMON_SHARES":239110000,"HK_COMMON_SHARES":143438579,"PER_SHARES":200,"TOTAL_MARKET_CAP":1671378900,"HKSK_MARKET_CAP":1002635667.21,"PE_TTM":-14.204920416362,"PB_TTM":12.947706951169,"REPORT_DATE_SQ":"2020-12-31 00:00:00","REPORT_TYPE_SQ":"2020年年报","OPERATE_INCOME_SQ":9054000,"DPS_HKD":null,"OPERATE_INCOME_QOQ_SQ":null,"NET_PROFIT_RATIO_SQ":-1759.8078197482,"HOLDER_PROFIT_SQ":-137085000,"HOLDER_PROFIT_QOQ_SQ":null,"ROE_AVG_SQ":-272.632353526113,"PE_TTM_SQ":-37.509059048696,"PB_TTM_SQ":20.669131430099,"ROA_SQ":-184.358105382071,"START_DATE":"2021-01-01 00:00:00","FISCAL_YEAR":"12-31","CURRENCY":"HKD","IS_CNY_CODE":0,"DPS_HKD_LY":null,"ORG_TYPE":"一般企业","PREMIUM_INCOME":null,"PREMIUM_INCOME_YOY":null,"NET_INTEREST_INCOME":null,"NET_INTEREST_INCOME_YOY":null,"FEE_COMMISSION_INCOME":null,"FEE_COMMISSION_INCOME_YOY":null,"ACCOUNTS_RECE_TDAYS":null,"INVENTORY_TDAYS":0.695085610384,"CURRENT_ASSETS_TDAYS":0.186597993901,"TOTAL_ASSETS_TDAYS":0.146550738276,"PREMIUM_EXPENSE":null,"LOAN_DEPOSIT":null,"LOAN_EQUITY":null,"LOAN_ASSETS":null,"DEPOSIT_EQUITY":null,"DEPOSIT_ASSETS":null,"EQUITY_MULTIPLIER":1.176118539274,"EQUITY_RATIO":0.2033120616},{"SECUCODE":"06922.HK","SECURITY_CODE":"06922","SECURITY_NAME_ABBR":"康沣生物-B","ORG_CODE":"10000283680","STD_REPORT_DATE":"2021-09-30 00:00:00","REPORT_DATE":"2021-09-30 00:00:00","DATE_TYPE_CODE":"004","REPORT_TYPE":"2021年三季报","PER_NETCASH_OPERATE":-0.155640350877,"PER_OI":0.064530701754,"BPS":0.827464346953,"BASIC_EPS":-0.31,"DILUTED_EPS":-0.31,"OPERATE_INCOME":14713000,"OPERATE_INCOME_YOY":176.1448948949,"GROSS_PROFIT":9679000,"GROSS_PROFIT_YOY":290.912762520194,"HOLDER_PROFIT":-69426000,"HOLDER_PROFIT_YOY":-43.7808060307,"GROSS_PROFIT_RATIO":65.785359885815,"EPS_TTM":-0.693969298246,"OPERATE_INCOME_QOQ":103.655842721449,"NET_PROFIT_RATIO":-631.801807925,"ROE_AVG":-55.957797507022,"GROSS_PROFIT_QOQ":155.237068965517,"ROA":-42.507883055258,"HOLDER_PROFIT_QOQ":-15.4210891053,"ROE_YEARLY":-74.61039667603,"ROIC_YEARLY":-123.27169097737,"TOTAL_ASSETS":252292000,"TOTAL_LIABILITIES":26995000,"TAX_EBT":null,"OCF_SALES":-241.188064976551,"TOTAL_PARENT_EQUITY":197855000,"DEBT_ASSET_RATIO":10.6999032867,"OPERATE_PROFIT":null,"PRETAX_PROFIT":-92957000,"NETCASH_OPERATE":-35486000,"NETCASH_INVEST":6812000,"NETCASH_FINANCE":200070000,"END_CASH":179083000,"DIVI_RATIO":null,"DIVIDEND_RATE":null,"CURRENT_RATIO":9.854466392191,"COMMON_ACS":null,"CURRENTDEBT_DEBT":80.077792183738,"ISSUED_COMMON_SHARES":239110000,"HK_COMMON_SHARES":143438579,"PER_SHARES":200,"TOTAL_MARKET_CAP":1671378900,"HKSK_MARKET_CAP":1002635667.21,"PE_TTM":-14.204920416362,"PB_TTM":12.947706951169,"REPORT_DATE_SQ":"2020-09-30 00:00:00","REPORT_TYPE_SQ":"2020年三季报","OPERATE_INCOME_SQ":5328000,"DPS_HKD":null,"OPERATE_INCOME_QOQ_SQ":null,"NET_PROFIT_RATIO_SQ":-1156.981981982,"HOLDER_PROFIT_SQ":-48286000,"HOLDER_PROFIT_QOQ_SQ":null,"ROE_AVG_SQ":null,"PE_TTM_SQ":-37.509059048696,"PB_TTM_SQ":20.669131430099,"ROA_SQ":null,"START_DATE":"2021-01-01 00:00:00","FISCAL_YEAR":"12-31","CURRENCY":"HKD","IS_CNY_CODE":0,"DPS_HKD_LY":null,"ORG_TYPE":"一般企业","PREMIUM_INCOME":null,"PREMIUM_INCOME_YOY":null,"NET_INTEREST_INCOME":null,"NET_INTEREST_INCOME_YOY":null,"FEE_COMMISSION_INCOME":null,"FEE_COMMISSION_INCOME_YOY":null,"ACCOUNTS_RECE_TDAYS":null,"INVENTORY_TDAYS":0.550193999672,"CURRENT_ASSETS_TDAYS":0.111460432418,"TOTAL_ASSETS_TDAYS":0.090084187969,"PREMIUM_EXPENSE":null,"LOAN_DEPOSIT":null,"LOAN_EQUITY":null,"LOAN_ASSETS":null,"DEPOSIT_EQUITY":null,"DEPOSIT_ASSETS":null,"EQUITY_MULTIPLIER":1.119819615885,"EQUITY_RATIO":0.136438300776},{"SECUCODE":"06922.HK","SECURITY_CODE":"06922","SECURITY_NAME_ABBR":"康沣生物-B","ORG_CODE":"10000283680","STD_REPORT_DATE":"2020-12-31 00:00:00","REPORT_DATE":"2020-12-31 00:00:00","DATE_TYPE_CODE":"001","REPORT_TYPE":"2020年年报","PER_NETCASH_OPERATE":-0.673182158183,"PER_OI":0.178221329869,"BPS":0.210288151897,"BASIC_EPS":-0.7,"DILUTED_EPS":-0.7,"OPERATE_INCOME":9054000,"OPERATE_INCOME_YOY":null,"GROSS_PROFIT":4640000,"GROSS_PROFIT_YOY":null,"HOLDER_PROFIT":-137085000,"HOLDER_PROFIT_YOY":null,"GROSS_PROFIT_RATIO":51.24806715264,"EPS_TTM":-2.698417385142,"OPERATE_INCOME_QOQ":null,"NET_PROFIT_RATIO":-1759.8078197482,"ROE_AVG":-272.632353526113,"GROSS_PROFIT_QOQ":null,"ROA":-184.358105382071,"HOLDER_PROFIT_QOQ":null,"ROE_YEARLY":-272.632353526113,"ROIC_YEARLY":-204.996111975117,"TOTAL_ASSETS":74358000,"TOTAL_LIABILITIES":24076000,"TAX_EBT":null,"OCF_SALES":-377.722553567484,"TOTAL_PARENT_EQUITY":50282000,"DEBT_ASSET_RATIO":32.3784932354,"OPERATE_PROFIT":-159290000,"PRETAX_PROFIT":-159333000,"NETCASH_OPERATE":-34199000,"NETCASH_INVEST":27009000,"NETCASH_FINANCE":-608000,"END_CASH":7486000,"DIVI_RATIO":null,"DIVIDEND_RATE":null,"CURRENT_RATIO":2.170470027248,"COMMON_ACS":null,"CURRENTDEBT_DEBT":97.557733842831,"ISSUED_COMMON_SHARES":239110000,"HK_COMMON_SHARES":143438579,"PER_SHARES":200,"TOTAL_MARKET_CAP":1671378900,"HKSK_MARKET_CAP":1002635667.21,"PE_TTM":-14.204920416362,"PB_TTM":12.947706951169,"REPORT_DATE_SQ":"2019-12-31 00:00:00","REPORT_TYPE_SQ":"2019年年报","OPERATE_INCOME_SQ":null,"DPS_HKD":null,"OPERATE_INCOME_QOQ_SQ":null,"NET_PROFIT_RATIO_SQ":null,"HOLDER_PROFIT_SQ":null,"HOLDER_PROFIT_QOQ_SQ":null,"ROE_AVG_SQ":null,"PE_TTM_SQ":-37.509059048696,"PB_TTM_SQ":20.669131430099,"ROA_SQ":null,"START_DATE":"2020-01-01 00:00:00","FISCAL_YEAR":"12-31","CURRENCY":"HKD","IS_CNY_CODE":0,"DPS_HKD_LY":null,"ORG_TYPE":"一般企业","PREMIUM_INCOME":null,"PREMIUM_INCOME_YOY":null,"NET_INTEREST_INCOME":null,"NET_INTEREST_INCOME_YOY":null,"FEE_COMMISSION_INCOME":null,"FEE_COMMISSION_INCOME_YOY":null,"ACCOUNTS_RECE_TDAYS":null,"INVENTORY_TDAYS":0.544736517339,"CURRENT_ASSETS_TDAYS":0.355198116909,"TOTAL_ASSETS_TDAYS":0.243524570322,"PREMIUM_EXPENSE":null,"LOAN_DEPOSIT":null,"LOAN_EQUITY":null,"LOAN_ASSETS":null,"DEPOSIT_EQUITY":null,"DEPOSIT_ASSETS":null,"EQUITY_MULTIPLIER":1.478819458255,"EQUITY_RATIO":0.478819458255},{"SECUCODE":"06922.HK","SECURITY_CODE":"06922","SECURITY_NAME_ABBR":"康沣生物-B","ORG_CODE":"10000283680","STD_REPORT_DATE":"2020-09-30 00:00:00","REPORT_DATE":"2020-09-30 00:00:00","DATE_TYPE_CODE":"004","REPORT_TYPE":"2020年三季报","PER_NETCASH_OPERATE":null,"PER_OI":null,"BPS":null,"BASIC_EPS":-0.25,"DILUTED_EPS":-0.25,"OPERATE_INCOME":5328000,"OPERATE_INCOME_YOY":null,"GROSS_PROFIT":2476000,"GROSS_PROFIT_YOY":null,"HOLDER_PROFIT":-48286000,"HOLDER_PROFIT_YOY":null,"GROSS_PROFIT_RATIO":46.471471471472,"EPS_TTM":null,"OPERATE_INCOME_QOQ":null,"NET_PROFIT_RATIO":-1156.981981982,"ROE_AVG":null,"GROSS_PROFIT_QOQ":null,"ROA":null,"HOLDER_PROFIT_QOQ":null,"ROE_YEARLY":null,"ROIC_YEARLY":null,"TOTAL_ASSETS":null,"TOTAL_LIABILITIES":null,"TAX_EBT":null,"OCF_SALES":-534.665915915916,"TOTAL_PARENT_EQUITY":null,"DEBT_ASSET_RATIO":null,"OPERATE_PROFIT":null,"PRETAX_PROFIT":-61644000,"NETCASH_OPERATE":-28487000,"NETCASH_INVEST":15802000,"NETCASH_FINANCE":-543000,"END_CASH":2109000,"DIVI_RATIO":null,"DIVIDEND_RATE":null,"CURRENT_RATIO":null,"COMMON_ACS":null,"CURRENTDEBT_DEBT":null,"ISSUED_COMMON_SHARES":239110000,"HK_COMMON_SHARES":143438579,"PER_SHARES":200,"TOTAL_MARKET_CAP":1671378900,"HKSK_MARKET_CAP":1002635667.21,"PE_TTM":-14.204920416362,"PB_TTM":12.947706951169,"REPORT_DATE_SQ":"2019-09-30 00:00:00","REPORT_TYPE_SQ":"2019年三季报","OPERATE_INCOME_SQ":null,"DPS_HKD":null,"OPERATE_INCOME_QOQ_SQ":null,"NET_PROFIT_RATIO_SQ":null,"HOLDER_PROFIT_SQ":null,"HOLDER_PROFIT_QOQ_SQ":null,"ROE_AVG_SQ":null,"PE_TTM_SQ":-37.509059048696,"PB_TTM_SQ":20.669131430099,"ROA_SQ":null,"START_DATE":"2020-01-01 00:00:00","FISCAL_YEAR":"12-31","CURRENCY":"HKD","IS_CNY_CODE":0,"DPS_HKD_LY":null,"ORG_TYPE":"一般企业","PREMIUM_INCOME":null,"PREMIUM_INCOME_YOY":null,"NET_INTEREST_INCOME":null,"NET_INTEREST_INCOME_YOY":null,"FEE_COMMISSION_INCOME":null,"FEE_COMMISSION_INCOME_YOY":null,"ACCOUNTS_RECE_TDAYS":null,"INVENTORY_TDAYS":null,"CURRENT_ASSETS_TDAYS":null,"TOTAL_ASSETS_TDAYS":null,"PREMIUM_EXPENSE":null,"LOAN_DEPOSIT":null,"LOAN_EQUITY":null,"LOAN_ASSETS":null,"DEPOSIT_EQUITY":null,"DEPOSIT_ASSETS":null,"EQUITY_MULTIPLIER":null,"EQUITY_RATIO":null}],"count":9},"success":true,"message":"ok","code":0}