{"version":"eea002d785b161a5192cae24afa5a5b9","result":{"pages":3,"data":[{"SECUCODE":"06928.HK","SECURITY_CODE":"06928","SECURITY_NAME_ABBR":"万马控股","ORG_CODE":"10662824","STD_REPORT_DATE":"2024-06-30 00:00:00","REPORT_DATE":"2024-06-30 00:00:00","DATE_TYPE_CODE":"002","REPORT_TYPE":"2024年中报","PER_NETCASH_OPERATE":-0.025063096569,"PER_OI":0.016216149511,"BPS":0.137212495329,"BASIC_EPS":-0.0179486,"DILUTED_EPS":-0.0179486,"OPERATE_INCOME":7297267.28,"OPERATE_INCOME_YOY":-82.5030071532,"GROSS_PROFIT":2160684.142,"GROSS_PROFIT_YOY":31.289862637079,"HOLDER_PROFIT":-8193747.06,"HOLDER_PROFIT_YOY":80.641880781,"GROSS_PROFIT_RATIO":29.609497077377,"EPS_TTM":-0.0494363183,"OPERATE_INCOME_QOQ":-71.597231030901,"NET_PROFIT_RATIO":-112.2851438162,"ROE_AVG":-12.444465967295,"GROSS_PROFIT_QOQ":22.779805682816,"ROA":-11.628912322763,"HOLDER_PROFIT_QOQ":60.904493165488,"ROE_YEARLY":-24.88893193459,"ROIC_YEARLY":-50.936839913422,"TOTAL_ASSETS":63647356.253,"TOTAL_LIABILITIES":1901733.355,"TAX_EBT":null,"OCF_SALES":-154.556397939696,"TOTAL_PARENT_EQUITY":61745622.898,"DEBT_ASSET_RATIO":2.9879219923,"OPERATE_PROFIT":-8337003.283,"PRETAX_PROFIT":-8193747.06,"NETCASH_OPERATE":-11278393.456,"NETCASH_INVEST":148065.392,"NETCASH_FINANCE":-108293.406,"END_CASH":32668637.506,"DIVI_RATIO":null,"DIVIDEND_RATE":null,"CURRENT_RATIO":19.499601659981,"COMMON_ACS":10000000000,"CURRENTDEBT_DEBT":100,"ISSUED_COMMON_SHARES":450000000,"HK_COMMON_SHARES":450000000,"PER_SHARES":4000,"TOTAL_MARKET_CAP":43200000,"HKSK_MARKET_CAP":43200000,"PE_TTM":-1.707998316073,"PB_TTM":0.638551757549,"REPORT_DATE_SQ":"2023-06-30 00:00:00","REPORT_TYPE_SQ":"2023年中报","OPERATE_INCOME_SQ":42220938.2418,"DPS_HKD":null,"OPERATE_INCOME_QOQ_SQ":25.422136496168,"NET_PROFIT_RATIO_SQ":-101.4898366891,"HOLDER_PROFIT_SQ":-42849961.2702,"HOLDER_PROFIT_QOQ_SQ":-408.019106963529,"ROE_AVG_SQ":-40.450615490967,"PE_TTM_SQ":-1.094463478762,"PB_TTM_SQ":0.638244277071,"ROA_SQ":-38.625145710848,"START_DATE":"2024-01-01 00:00:00","FISCAL_YEAR":"12-31","CURRENCY":"HKD","IS_CNY_CODE":0,"DPS_HKD_LY":null,"ORG_TYPE":"一般企业","PREMIUM_INCOME":null,"PREMIUM_INCOME_YOY":null,"NET_INTEREST_INCOME":null,"NET_INTEREST_INCOME_YOY":null,"FEE_COMMISSION_INCOME":null,"FEE_COMMISSION_INCOME_YOY":null,"ACCOUNTS_RECE_TDAYS":1.888459158204,"INVENTORY_TDAYS":3.448268285509,"CURRENT_ASSETS_TDAYS":0.167208597903,"TOTAL_ASSETS_TDAYS":0.103565903089,"PREMIUM_EXPENSE":null,"LOAN_DEPOSIT":null,"LOAN_EQUITY":null,"LOAN_ASSETS":null,"DEPOSIT_EQUITY":null,"DEPOSIT_ASSETS":null,"EQUITY_MULTIPLIER":1.030799484494,"EQUITY_RATIO":0.030799484494},{"SECUCODE":"06928.HK","SECURITY_CODE":"06928","SECURITY_NAME_ABBR":"万马控股","ORG_CODE":"10662824","STD_REPORT_DATE":"2023-12-31 00:00:00","REPORT_DATE":"2023-12-31 00:00:00","DATE_TYPE_CODE":"001","REPORT_TYPE":"2023年年报","PER_NETCASH_OPERATE":-0.040557399557,"PER_OI":0.108395473645,"BPS":0.158311961499,"BASIC_EPS":-0.1263642,"DILUTED_EPS":-0.1263642,"OPERATE_INCOME":48777963.1404,"OPERATE_INCOME_YOY":-44.4849832187,"GROSS_PROFIT":2260547.994,"GROSS_PROFIT_YOY":-52.87498786774,"HOLDER_PROFIT":-56902557.4452,"HOLDER_PROFIT_YOY":-466.0233273141,"GROSS_PROFIT_RATIO":4.634363242051,"EPS_TTM":-0.126450127656,"OPERATE_INCOME_QOQ":-54.07989388811,"NET_PROFIT_RATIO":-116.656280381,"ROE_AVG":-57.078552657075,"GROSS_PROFIT_QOQ":-48.489465465447,"ROA":-53.426054288515,"HOLDER_PROFIT_QOQ":-15.590165420836,"ROE_YEARLY":-57.078552657075,"ROIC_YEARLY":-87.163890814824,"TOTAL_ASSETS":78710340.5196,"TOTAL_LIABILITIES":7469957.8452,"TAX_EBT":-1.652227130127,"OCF_SALES":-37.416137587106,"TOTAL_PARENT_EQUITY":71240382.6744,"DEBT_ASSET_RATIO":9.4904402597,"OPERATE_PROFIT":-56592992.0412,"PRETAX_PROFIT":-55977679.0452,"NETCASH_OPERATE":-18250829.8008,"NETCASH_INVEST":25469742.3096,"NETCASH_FINANCE":-220610.3844,"END_CASH":44724022.1568,"DIVI_RATIO":null,"DIVIDEND_RATE":null,"CURRENT_RATIO":6.878967935335,"COMMON_ACS":10000000000,"CURRENTDEBT_DEBT":99.510722427658,"ISSUED_COMMON_SHARES":450000000,"HK_COMMON_SHARES":450000000,"PER_SHARES":4000,"TOTAL_MARKET_CAP":36900000,"HKSK_MARKET_CAP":36900000,"PE_TTM":-1.458915228312,"PB_TTM":0.54542962624,"REPORT_DATE_SQ":"2022-12-31 00:00:00","REPORT_TYPE_SQ":"2022年年报","OPERATE_INCOME_SQ":84692818.0566,"DPS_HKD":null,"OPERATE_INCOME_QOQ_SQ":78.509048919062,"NET_PROFIT_RATIO_SQ":-11.4415343865,"HOLDER_PROFIT_SQ":-9690157.9008,"HOLDER_PROFIT_QOQ_SQ":-143.453412306383,"ROE_AVG_SQ":-7.549058921583,"PE_TTM_SQ":-2.778253446087,"PB_TTM_SQ":1.620158549487,"ROA_SQ":-7.286594488678,"START_DATE":"2023-01-01 00:00:00","FISCAL_YEAR":"12-31","CURRENCY":"HKD","IS_CNY_CODE":0,"DPS_HKD_LY":null,"ORG_TYPE":"一般企业","PREMIUM_INCOME":null,"PREMIUM_INCOME_YOY":null,"NET_INTEREST_INCOME":null,"NET_INTEREST_INCOME_YOY":null,"FEE_COMMISSION_INCOME":null,"FEE_COMMISSION_INCOME_YOY":null,"ACCOUNTS_RECE_TDAYS":8.44662093522,"INVENTORY_TDAYS":18.917961087554,"CURRENT_ASSETS_TDAYS":0.775464306892,"TOTAL_ASSETS_TDAYS":0.457978379853,"PREMIUM_EXPENSE":null,"LOAN_DEPOSIT":null,"LOAN_EQUITY":null,"LOAN_ASSETS":null,"DEPOSIT_EQUITY":null,"DEPOSIT_ASSETS":null,"EQUITY_MULTIPLIER":1.104855667036,"EQUITY_RATIO":0.104855667036},{"SECUCODE":"06928.HK","SECURITY_CODE":"06928","SECURITY_NAME_ABBR":"万马控股","ORG_CODE":"10662824","STD_REPORT_DATE":"2023-06-30 00:00:00","REPORT_DATE":"2023-06-30 00:00:00","DATE_TYPE_CODE":"002","REPORT_TYPE":"2023年中报","PER_NETCASH_OPERATE":-0.015889031036,"PER_OI":0.093824307204,"BPS":0.187792361512,"BASIC_EPS":-0.09512676,"DILUTED_EPS":-0.09512676,"OPERATE_INCOME":42220938.2418,"OPERATE_INCOME_YOY":83.9318046521,"GROSS_PROFIT":1645735.7016,"GROSS_PROFIT_YOY":-19.881907334636,"HOLDER_PROFIT":-42849961.2702,"HOLDER_PROFIT_YOY":-1066.0555248538,"GROSS_PROFIT_RATIO":3.897913618534,"EPS_TTM":-0.109395230291,"OPERATE_INCOME_QOQ":25.422136496168,"NET_PROFIT_RATIO":-101.4898366891,"ROE_AVG":-40.450615490967,"GROSS_PROFIT_QOQ":-8.513835940397,"ROA":-38.625145710848,"HOLDER_PROFIT_QOQ":-408.019106963529,"ROE_YEARLY":-80.901230981934,"ROIC_YEARLY":-134.912085799582,"TOTAL_ASSETS":88396290.5526,"TOTAL_LIABILITIES":3889727.8722,"TAX_EBT":null,"OCF_SALES":-16.934877015881,"TOTAL_PARENT_EQUITY":84506562.6804,"DEBT_ASSET_RATIO":4.4003292988,"OPERATE_PROFIT":-43220950.29,"PRETAX_PROFIT":-42849961.2702,"NETCASH_OPERATE":-7150063.9662,"NETCASH_INVEST":27101704.7754,"NETCASH_FINANCE":-109630.9188,"END_CASH":57336206.3118,"DIVI_RATIO":null,"DIVIDEND_RATE":null,"CURRENT_RATIO":17.066169641825,"COMMON_ACS":10000000000,"CURRENTDEBT_DEBT":96.308259633629,"ISSUED_COMMON_SHARES":450000000,"HK_COMMON_SHARES":450000000,"PER_SHARES":4000,"TOTAL_MARKET_CAP":36900000,"HKSK_MARKET_CAP":36900000,"PE_TTM":-1.458915228312,"PB_TTM":0.54542962624,"REPORT_DATE_SQ":"2022-06-30 00:00:00","REPORT_TYPE_SQ":"2022年中报","OPERATE_INCOME_SQ":20690214.433,"DPS_HKD":null,"OPERATE_INCOME_QOQ_SQ":3.566676847102,"NET_PROFIT_RATIO_SQ":-16.0088507092,"HOLDER_PROFIT_SQ":-3312265.54,"HOLDER_PROFIT_QOQ_SQ":-814.776342313915,"ROE_AVG_SQ":-2.711804140871,"PE_TTM_SQ":-2.778253446087,"PB_TTM_SQ":1.620158549487,"ROA_SQ":-2.627289847092,"START_DATE":"2023-01-01 00:00:00","FISCAL_YEAR":"12-31","CURRENCY":"HKD","IS_CNY_CODE":0,"DPS_HKD_LY":null,"ORG_TYPE":"一般企业","PREMIUM_INCOME":null,"PREMIUM_INCOME_YOY":null,"NET_INTEREST_INCOME":null,"NET_INTEREST_INCOME_YOY":null,"FEE_COMMISSION_INCOME":null,"FEE_COMMISSION_INCOME_YOY":null,"ACCOUNTS_RECE_TDAYS":7.461492510249,"INVENTORY_TDAYS":15.385512162699,"CURRENT_ASSETS_TDAYS":0.611264713989,"TOTAL_ASSETS_TDAYS":0.380581415548,"PREMIUM_EXPENSE":null,"LOAN_DEPOSIT":null,"LOAN_EQUITY":null,"LOAN_ASSETS":null,"DEPOSIT_EQUITY":null,"DEPOSIT_ASSETS":null,"EQUITY_MULTIPLIER":1.046028707699,"EQUITY_RATIO":0.046028707698},{"SECUCODE":"06928.HK","SECURITY_CODE":"06928","SECURITY_NAME_ABBR":"万马控股","ORG_CODE":"10662824","STD_REPORT_DATE":"2022-12-31 00:00:00","REPORT_DATE":"2022-12-31 00:00:00","DATE_TYPE_CODE":"001","REPORT_TYPE":"2022年年报","PER_NETCASH_OPERATE":-0.018422499654,"PER_OI":0.188206262348,"BPS":0.274483073774,"BASIC_EPS":-0.02176902,"DILUTED_EPS":-0.02176902,"OPERATE_INCOME":84692818.0566,"OPERATE_INCOME_YOY":68.2826803768,"GROSS_PROFIT":4796917.5852,"GROSS_PROFIT_YOY":-35.145718050642,"HOLDER_PROFIT":-9690157.9008,"HOLDER_PROFIT_YOY":-1683.9635350035,"GROSS_PROFIT_RATIO":5.663901255469,"EPS_TTM":-0.021533684224,"OPERATE_INCOME_QOQ":78.509048919062,"NET_PROFIT_RATIO":-11.4415343865,"ROE_AVG":-7.549058921583,"GROSS_PROFIT_QOQ":24.145520662374,"ROA":-7.286594488678,"HOLDER_PROFIT_QOQ":-143.453412306383,"ROE_YEARLY":-7.549058921583,"ROIC_YEARLY":-15.621807417068,"TOTAL_ASSETS":129455971.8543,"TOTAL_LIABILITIES":5938588.656,"TAX_EBT":9.011456011961,"OCF_SALES":-9.788462628271,"TOTAL_PARENT_EQUITY":123517383.1983,"DEBT_ASSET_RATIO":4.5873423767,"OPERATE_PROFIT":-10761338.8116,"PRETAX_PROFIT":-10649865.8799,"NETCASH_OPERATE":-8290124.8443,"NETCASH_INVEST":-60681392.0388,"NETCASH_FINANCE":-213434.8749,"END_CASH":36363940.2477,"DIVI_RATIO":null,"DIVIDEND_RATE":null,"CURRENT_RATIO":12.632037857266,"COMMON_ACS":10000000000,"CURRENTDEBT_DEBT":95.943914956012,"ISSUED_COMMON_SHARES":450000000,"HK_COMMON_SHARES":450000000,"PER_SHARES":4000,"TOTAL_MARKET_CAP":36900000,"HKSK_MARKET_CAP":36900000,"PE_TTM":-1.458915228312,"PB_TTM":0.54542962624,"REPORT_DATE_SQ":"2021-12-31 00:00:00","REPORT_TYPE_SQ":"2021年年报","OPERATE_INCOME_SQ":45810634.4377,"DPS_HKD":null,"OPERATE_INCOME_QOQ_SQ":26.066341550662,"NET_PROFIT_RATIO_SQ":1.215565909,"HOLDER_PROFIT_SQ":556858.4549,"HOLDER_PROFIT_QOQ_SQ":-78.287078622236,"ROE_AVG_SQ":0.460315157799,"PE_TTM_SQ":-2.778253446087,"PB_TTM_SQ":1.620158549487,"ROA_SQ":0.444146660026,"START_DATE":"2022-01-01 00:00:00","FISCAL_YEAR":"12-31","CURRENCY":"HKD","IS_CNY_CODE":0,"DPS_HKD_LY":null,"ORG_TYPE":"一般企业","PREMIUM_INCOME":null,"PREMIUM_INCOME_YOY":null,"NET_INTEREST_INCOME":null,"NET_INTEREST_INCOME_YOY":null,"FEE_COMMISSION_INCOME":null,"FEE_COMMISSION_INCOME_YOY":null,"ACCOUNTS_RECE_TDAYS":12.047206226433,"INVENTORY_TDAYS":28.723308826886,"CURRENT_ASSETS_TDAYS":0.901300574611,"TOTAL_ASSETS_TDAYS":0.636854659748,"PREMIUM_EXPENSE":null,"LOAN_DEPOSIT":null,"LOAN_EQUITY":null,"LOAN_ASSETS":null,"DEPOSIT_EQUITY":null,"DEPOSIT_ASSETS":null,"EQUITY_MULTIPLIER":1.048078970767,"EQUITY_RATIO":0.048078970767},{"SECUCODE":"06928.HK","SECURITY_CODE":"06928","SECURITY_NAME_ABBR":"万马控股","ORG_CODE":"10662824","STD_REPORT_DATE":"2022-06-30 00:00:00","REPORT_DATE":"2022-06-30 00:00:00","DATE_TYPE_CODE":"002","REPORT_TYPE":"2022年中报","PER_NETCASH_OPERATE":0.000965209051,"PER_OI":0.045978254296,"BPS":0.267747496438,"BASIC_EPS":-0.0072255,"DILUTED_EPS":-0.0072255,"OPERATE_INCOME":20690214.433,"OPERATE_INCOME_YOY":8.2518404266,"GROSS_PROFIT":2054137.395,"GROSS_PROFIT_YOY":-63.23128644142,"HOLDER_PROFIT":-3312265.54,"HOLDER_PROFIT_YOY":-369.6115526523,"GROSS_PROFIT_RATIO":9.928062377757,"EPS_TTM":-0.008845094435,"OPERATE_INCOME_QOQ":3.566676847102,"NET_PROFIT_RATIO":-16.0088507092,"ROE_AVG":-2.711804140871,"GROSS_PROFIT_QOQ":-47.759466790803,"ROA":-2.627289847092,"HOLDER_PROFIT_QOQ":-814.776342313915,"ROE_YEARLY":-5.423608281741,"ROIC_YEARLY":-23.201568051061,"TOTAL_ASSETS":125269514.704,"TOTAL_LIABILITIES":4783141.307,"TAX_EBT":null,"OCF_SALES":2.09927294087,"TOTAL_PARENT_EQUITY":120486373.397,"DEBT_ASSET_RATIO":3.8182803839,"OPERATE_PROFIT":-3307173.971,"PRETAX_PROFIT":-3312265.54,"NETCASH_OPERATE":434344.073,"NETCASH_INVEST":-1483048.326,"NETCASH_FINANCE":-99552.939,"END_CASH":96945357.207,"DIVI_RATIO":null,"DIVIDEND_RATE":null,"CURRENT_RATIO":23.728252676014,"COMMON_ACS":10000000000,"CURRENTDEBT_DEBT":92.183356815053,"ISSUED_COMMON_SHARES":450000000,"HK_COMMON_SHARES":450000000,"PER_SHARES":4000,"TOTAL_MARKET_CAP":36900000,"HKSK_MARKET_CAP":36900000,"PE_TTM":-1.458915228312,"PB_TTM":0.54542962624,"REPORT_DATE_SQ":"2021-06-30 00:00:00","REPORT_TYPE_SQ":"2021年中报","OPERATE_INCOME_SQ":19056297.141,"DPS_HKD":null,"OPERATE_INCOME_QOQ_SQ":19.141997097053,"NET_PROFIT_RATIO_SQ":6.4277199376,"HOLDER_PROFIT_SQ":1224885.4107,"HOLDER_PROFIT_QOQ_SQ":200.642512421606,"ROE_AVG_SQ":0.991997211341,"PE_TTM_SQ":-2.778253446087,"PB_TTM_SQ":1.620158549487,"ROA_SQ":0.940375785286,"START_DATE":"2022-01-01 00:00:00","FISCAL_YEAR":"12-31","CURRENCY":"HKD","IS_CNY_CODE":0,"DPS_HKD_LY":null,"ORG_TYPE":"一般企业","PREMIUM_INCOME":null,"PREMIUM_INCOME_YOY":null,"NET_INTEREST_INCOME":null,"NET_INTEREST_INCOME_YOY":null,"FEE_COMMISSION_INCOME":null,"FEE_COMMISSION_INCOME_YOY":null,"ACCOUNTS_RECE_TDAYS":3.410293248368,"INVENTORY_TDAYS":8.620937920246,"CURRENT_ASSETS_TDAYS":0.194828375337,"TOTAL_ASSETS_TDAYS":0.164114832152,"PREMIUM_EXPENSE":null,"LOAN_DEPOSIT":null,"LOAN_EQUITY":null,"LOAN_ASSETS":null,"DEPOSIT_EQUITY":null,"DEPOSIT_ASSETS":null,"EQUITY_MULTIPLIER":1.039698608001,"EQUITY_RATIO":0.039698608001},{"SECUCODE":"06928.HK","SECURITY_CODE":"06928","SECURITY_NAME_ABBR":"万马控股","ORG_CODE":"10662824","STD_REPORT_DATE":"2021-12-31 00:00:00","REPORT_DATE":"2021-12-31 00:00:00","DATE_TYPE_CODE":"001","REPORT_TYPE":"2021年年报","PER_NETCASH_OPERATE":-0.001242873092,"PER_OI":0.101801409862,"BPS":0.269448295915,"BASIC_EPS":0.00141537,"DILUTED_EPS":0.00141537,"OPERATE_INCOME":45810634.4377,"OPERATE_INCOME_YOY":56.9948928769,"GROSS_PROFIT":7396454.6997,"GROSS_PROFIT_YOY":-19.318323191445,"HOLDER_PROFIT":556858.4549,"HOLDER_PROFIT_YOY":-31.7676779355,"GROSS_PROFIT_RATIO":16.145715488308,"EPS_TTM":0.001237463233,"OPERATE_INCOME_QOQ":26.066341550662,"NET_PROFIT_RATIO":1.215565909,"ROE_AVG":0.460315157799,"GROSS_PROFIT_QOQ":-36.2865659462,"ROA":0.444146660026,"HOLDER_PROFIT_QOQ":-78.287078622236,"ROE_YEARLY":0.460315157799,"ROIC_YEARLY":1.943404963849,"TOTAL_ASSETS":124263456.5238,"TOTAL_LIABILITIES":3011723.3619,"TAX_EBT":-33.217832957111,"OCF_SALES":-1.220880038369,"TOTAL_PARENT_EQUITY":121251733.1619,"DEBT_ASSET_RATIO":2.4236597357,"OPERATE_PROFIT":421898.2075,"PRETAX_PROFIT":418005.94,"NETCASH_OPERATE":-559292.8913,"NETCASH_INVEST":-538557.7208,"NETCASH_FINANCE":-197882.8797,"END_CASH":96075537.3413,"DIVI_RATIO":null,"DIVIDEND_RATE":null,"CURRENT_RATIO":35.718845841296,"COMMON_ACS":10000000000,"CURRENTDEBT_DEBT":98.120185913613,"ISSUED_COMMON_SHARES":450000000,"HK_COMMON_SHARES":450000000,"PER_SHARES":4000,"TOTAL_MARKET_CAP":36900000,"HKSK_MARKET_CAP":36900000,"PE_TTM":-1.458915228312,"PB_TTM":0.54542962624,"REPORT_DATE_SQ":"2020-12-31 00:00:00","REPORT_TYPE_SQ":"2020年年报","OPERATE_INCOME_SQ":30500171.4774,"DPS_HKD":null,"OPERATE_INCOME_QOQ_SQ":-46.904777788925,"NET_PROFIT_RATIO_SQ":2.7968803331,"HOLDER_PROFIT_SQ":853053.2976,"HOLDER_PROFIT_QOQ_SQ":-84.34827419425,"ROE_AVG_SQ":0.678479365926,"PE_TTM_SQ":-2.778253446087,"PB_TTM_SQ":1.620158549487,"ROA_SQ":0.632401437746,"START_DATE":"2021-01-01 00:00:00","FISCAL_YEAR":"12-31","CURRENCY":"HKD","IS_CNY_CODE":0,"DPS_HKD_LY":null,"ORG_TYPE":"一般企业","PREMIUM_INCOME":null,"PREMIUM_INCOME_YOY":null,"NET_INTEREST_INCOME":null,"NET_INTEREST_INCOME_YOY":null,"FEE_COMMISSION_INCOME":null,"FEE_COMMISSION_INCOME_YOY":null,"ACCOUNTS_RECE_TDAYS":6.63324731484,"INVENTORY_TDAYS":14.645386881743,"CURRENT_ASSETS_TDAYS":0.43025822194,"TOTAL_ASSETS_TDAYS":0.365382622822,"PREMIUM_EXPENSE":null,"LOAN_DEPOSIT":null,"LOAN_EQUITY":null,"LOAN_ASSETS":null,"DEPOSIT_EQUITY":null,"DEPOSIT_ASSETS":null,"EQUITY_MULTIPLIER":1.024838600517,"EQUITY_RATIO":0.024838600516},{"SECUCODE":"06928.HK","SECURITY_CODE":"06928","SECURITY_NAME_ABBR":"万马控股","ORG_CODE":"10662824","STD_REPORT_DATE":"2021-06-30 00:00:00","REPORT_DATE":"2021-06-30 00:00:00","DATE_TYPE_CODE":"002","REPORT_TYPE":"2021年中报","PER_NETCASH_OPERATE":-0.000422007913,"PER_OI":0.04234732698,"BPS":0.275753648226,"BASIC_EPS":0.00288162,"DILUTED_EPS":0.00288162,"OPERATE_INCOME":19056297.141,"OPERATE_INCOME_YOY":52.5329316871,"GROSS_PROFIT":5586644.721,"GROSS_PROFIT_YOY":77.62689400325,"HOLDER_PROFIT":1224885.4107,"HOLDER_PROFIT_YOY":366.2695885491,"GROSS_PROFIT_RATIO":29.316528177871,"EPS_TTM":0.005699201925,"OPERATE_INCOME_QOQ":19.141997097053,"NET_PROFIT_RATIO":6.4277199376,"ROE_AVG":0.991997211341,"GROSS_PROFIT_QOQ":26.632127127894,"ROA":0.940375785286,"HOLDER_PROFIT_QOQ":200.642512421606,"ROE_YEARLY":1.983994422682,"ROIC_YEARLY":7.824938549591,"TOTAL_ASSETS":131745356.3013,"TOTAL_LIABILITIES":7656214.5996,"TAX_EBT":27.13801270166,"OCF_SALES":-0.996539670298,"TOTAL_PARENT_EQUITY":124089141.7017,"DEBT_ASSET_RATIO":5.8113734059,"OPERATE_PROFIT":1685382.6948,"PRETAX_PROFIT":1681103.4891,"NETCASH_OPERATE":-189903.5607,"NETCASH_INVEST":-56911.995,"NETCASH_FINANCE":-100717.4217,"END_CASH":98773898.6829,"DIVI_RATIO":null,"DIVIDEND_RATE":null,"CURRENT_RATIO":14.780019872203,"COMMON_ACS":10000000000,"CURRENTDEBT_DEBT":99.623623402595,"ISSUED_COMMON_SHARES":450000000,"HK_COMMON_SHARES":450000000,"PER_SHARES":4000,"TOTAL_MARKET_CAP":36900000,"HKSK_MARKET_CAP":36900000,"PE_TTM":-1.458915228312,"PB_TTM":0.54542962624,"REPORT_DATE_SQ":"2020-06-30 00:00:00","REPORT_TYPE_SQ":"2020年中报","OPERATE_INCOME_SQ":13217955.2022,"DPS_HKD":null,"OPERATE_INCOME_QOQ_SQ":-32.658175571537,"NET_PROFIT_RATIO_SQ":-3.6821289712,"HOLDER_PROFIT_SQ":-486702.1579,"HOLDER_PROFIT_QOQ_SQ":-52.960375879576,"ROE_AVG_SQ":-0.377671556653,"PE_TTM_SQ":-2.778253446087,"PB_TTM_SQ":1.620158549487,"ROA_SQ":-0.350158818628,"START_DATE":"2021-01-01 00:00:00","FISCAL_YEAR":"12-31","CURRENCY":"HKD","IS_CNY_CODE":0,"DPS_HKD_LY":null,"ORG_TYPE":"一般企业","PREMIUM_INCOME":null,"PREMIUM_INCOME_YOY":null,"NET_INTEREST_INCOME":null,"NET_INTEREST_INCOME_YOY":null,"FEE_COMMISSION_INCOME":null,"FEE_COMMISSION_INCOME_YOY":null,"ACCOUNTS_RECE_TDAYS":2.014909342968,"INVENTORY_TDAYS":5.136653556106,"CURRENT_ASSETS_TDAYS":0.171635718465,"TOTAL_ASSETS_TDAYS":0.146300055761,"PREMIUM_EXPENSE":null,"LOAN_DEPOSIT":null,"LOAN_EQUITY":null,"LOAN_ASSETS":null,"DEPOSIT_EQUITY":null,"DEPOSIT_ASSETS":null,"EQUITY_MULTIPLIER":1.061699311435,"EQUITY_RATIO":0.061699311435},{"SECUCODE":"06928.HK","SECURITY_CODE":"06928","SECURITY_NAME_ABBR":"万马控股","ORG_CODE":"10662824","STD_REPORT_DATE":"2020-12-31 00:00:00","REPORT_DATE":"2020-12-31 00:00:00","DATE_TYPE_CODE":"001","REPORT_TYPE":"2020年年报","PER_NETCASH_OPERATE":0.012826845367,"PER_OI":0.067778158839,"BPS":0.280348227027,"BASIC_EPS":0.00197256,"DILUTED_EPS":0.00197256,"OPERATE_INCOME":30500171.4774,"OPERATE_INCOME_YOY":-62.4864537926,"GROSS_PROFIT":9167452.8744,"GROSS_PROFIT_YOY":-73.073972182069,"HOLDER_PROFIT":853053.2976,"HOLDER_PROFIT_YOY":-92.2754378178,"GROSS_PROFIT_RATIO":30.057053551954,"EPS_TTM":0.001895673995,"OPERATE_INCOME_QOQ":-46.904777788925,"NET_PROFIT_RATIO":2.7968803331,"ROE_AVG":0.678479365926,"GROSS_PROFIT_QOQ":-54.433451944088,"ROA":0.632401437746,"HOLDER_PROFIT_QOQ":-84.34827419425,"ROE_YEARLY":0.678479365926,"ROIC_YEARLY":2.38061226203,"TOTAL_ASSETS":132214971.4446,"TOTAL_LIABILITIES":6058269.2826,"TAX_EBT":36.709157166064,"OCF_SALES":18.924747420771,"TOTAL_PARENT_EQUITY":126156702.162,"DEBT_ASSET_RATIO":4.5821356057,"OPERATE_PROFIT":1050432.5826,"PRETAX_PROFIT":1347830.5224,"NETCASH_OPERATE":5772080.415,"NETCASH_INVEST":45557496.1872,"NETCASH_FINANCE":-206842.6416,"END_CASH":101777630.9346,"DIVI_RATIO":null,"DIVIDEND_RATE":null,"CURRENT_RATIO":18.725975761046,"COMMON_ACS":10000000000,"CURRENTDEBT_DEBT":98.94628366581,"ISSUED_COMMON_SHARES":450000000,"HK_COMMON_SHARES":450000000,"PER_SHARES":4000,"TOTAL_MARKET_CAP":36900000,"HKSK_MARKET_CAP":36900000,"PE_TTM":-1.458915228312,"PB_TTM":0.54542962624,"REPORT_DATE_SQ":"2019-12-31 00:00:00","REPORT_TYPE_SQ":"2019年年报","OPERATE_INCOME_SQ":85302539.4293,"DPS_HKD":null,"OPERATE_INCOME_QOQ_SQ":0.896628922929,"NET_PROFIT_RATIO_SQ":13.5827632862,"HOLDER_PROFIT_SQ":11586442.0078,"HOLDER_PROFIT_QOQ_SQ":-20.367322721767,"ROE_AVG_SQ":9.219574843519,"PE_TTM_SQ":-2.778253446087,"PB_TTM_SQ":1.620158549487,"ROA_SQ":8.358865943211,"START_DATE":"2020-01-01 00:00:00","FISCAL_YEAR":"12-31","CURRENCY":"HKD","IS_CNY_CODE":0,"DPS_HKD_LY":null,"ORG_TYPE":"一般企业","PREMIUM_INCOME":null,"PREMIUM_INCOME_YOY":null,"NET_INTEREST_INCOME":null,"NET_INTEREST_INCOME_YOY":null,"FEE_COMMISSION_INCOME":null,"FEE_COMMISSION_INCOME_YOY":null,"ACCOUNTS_RECE_TDAYS":2.623221924669,"INVENTORY_TDAYS":5.928803294225,"CURRENT_ASSETS_TDAYS":0.266883102537,"TOTAL_ASSETS_TDAYS":0.226109580117,"PREMIUM_EXPENSE":null,"LOAN_DEPOSIT":null,"LOAN_EQUITY":null,"LOAN_ASSETS":null,"DEPOSIT_EQUITY":null,"DEPOSIT_ASSETS":null,"EQUITY_MULTIPLIER":1.048021779095,"EQUITY_RATIO":0.048021779095},{"SECUCODE":"06928.HK","SECURITY_CODE":"06928","SECURITY_NAME_ABBR":"万马控股","ORG_CODE":"10662824","STD_REPORT_DATE":"2020-06-30 00:00:00","REPORT_DATE":"2020-06-30 00:00:00","DATE_TYPE_CODE":"002","REPORT_TYPE":"2020年中报","PER_NETCASH_OPERATE":0.016590421916,"PER_OI":0.029373233783,"BPS":0.28583512816,"BASIC_EPS":-0.00101626,"DILUTED_EPS":-0.00101626,"OPERATE_INCOME":13217955.2022,"OPERATE_INCOME_YOY":-67.825963702,"GROSS_PROFIT":3145157.0171,"GROSS_PROFIT_YOY":-81.578335238045,"HOLDER_PROFIT":-486702.1579,"HOLDER_PROFIT_YOY":-108.6135713907,"GROSS_PROFIT_RATIO":23.794580697145,"EPS_TTM":0.012111597265,"OPERATE_INCOME_QOQ":-32.658175571537,"NET_PROFIT_RATIO":-3.6821289712,"ROE_AVG":-0.377671556653,"GROSS_PROFIT_QOQ":-40.908344022698,"ROA":-0.350158818628,"HOLDER_PROFIT_QOQ":-52.960375879576,"ROE_YEARLY":-0.755343113306,"ROIC_YEARLY":-2.703971725777,"TOTAL_ASSETS":136240496.4942,"TOTAL_LIABILITIES":7614688.8223,"TAX_EBT":null,"OCF_SALES":56.481428089251,"TOTAL_PARENT_EQUITY":128625807.6719,"DEBT_ASSET_RATIO":5.5891522846,"OPERATE_PROFIT":-795294.5882,"PRETAX_PROFIT":-486702.1579,"NETCASH_OPERATE":7465689.8624,"NETCASH_INVEST":99629.0491,"NETCASH_FINANCE":-106565.0236,"END_CASH":106725008.3305,"DIVI_RATIO":null,"DIVIDEND_RATE":null,"CURRENT_RATIO":15.379712891471,"COMMON_ACS":10000000000,"CURRENTDEBT_DEBT":98.170256864706,"ISSUED_COMMON_SHARES":450000000,"HK_COMMON_SHARES":450000000,"PER_SHARES":4000,"TOTAL_MARKET_CAP":36900000,"HKSK_MARKET_CAP":36900000,"PE_TTM":-1.458915228312,"PB_TTM":0.54542962624,"REPORT_DATE_SQ":"2019-06-30 00:00:00","REPORT_TYPE_SQ":"2019年中报","OPERATE_INCOME_SQ":41076208.296,"DPS_HKD":null,"OPERATE_INCOME_QOQ_SQ":-2.134932427899,"NET_PROFIT_RATIO_SQ":13.7537550686,"HOLDER_PROFIT_SQ":5649521.0805,"HOLDER_PROFIT_QOQ_SQ":-27.448879783117,"ROE_AVG_SQ":4.686856618079,"PE_TTM_SQ":-2.778253446087,"PB_TTM_SQ":1.620158549487,"ROA_SQ":4.240559719821,"START_DATE":"2020-01-01 00:00:00","FISCAL_YEAR":"12-31","CURRENCY":"HKD","IS_CNY_CODE":0,"DPS_HKD_LY":null,"ORG_TYPE":"一般企业","PREMIUM_INCOME":null,"PREMIUM_INCOME_YOY":null,"NET_INTEREST_INCOME":null,"NET_INTEREST_INCOME_YOY":null,"FEE_COMMISSION_INCOME":null,"FEE_COMMISSION_INCOME_YOY":null,"ACCOUNTS_RECE_TDAYS":1.243908597158,"INVENTORY_TDAYS":2.659444063958,"CURRENT_ASSETS_TDAYS":0.112580103636,"TOTAL_ASSETS_TDAYS":0.095096837011,"PREMIUM_EXPENSE":null,"LOAN_DEPOSIT":null,"LOAN_EQUITY":null,"LOAN_ASSETS":null,"DEPOSIT_EQUITY":null,"DEPOSIT_ASSETS":null,"EQUITY_MULTIPLIER":1.059200318818,"EQUITY_RATIO":0.059200318817}],"count":26},"success":true,"message":"ok","code":0}