{"version":"d6409d3fa9fbbec0268bd0fef0b70f98","result":{"pages":2,"data":[{"SECUCODE":"06929.HK","SECURITY_CODE":"06929","SECURITY_NAME_ABBR":"业聚医疗","ORG_CODE":"10000264155","STD_REPORT_DATE":"2024-06-30 00:00:00","REPORT_DATE":"2024-06-30 00:00:00","DATE_TYPE_CODE":"002","REPORT_TYPE":"2024年中报","PER_NETCASH_OPERATE":0.070676802705,"PER_OI":0.679223785341,"BPS":3.208611501287,"BASIC_EPS":0.16249104,"DILUTED_EPS":0.16249104,"OPERATE_INCOME":562375788,"OPERATE_INCOME_YOY":-3.0708758138,"GROSS_PROFIT":397504396.8,"GROSS_PROFIT_YOY":-5.591525111215,"HOLDER_PROFIT":134183390.4,"HOLDER_PROFIT_YOY":-25.2352777667,"GROSS_PROFIT_RATIO":70.683056646813,"EPS_TTM":0.327856264508,"OPERATE_INCOME_QOQ":-2.374479129272,"NET_PROFIT_RATIO":23.9171207705,"ROE_AVG":5.080643202737,"GROSS_PROFIT_QOQ":-3.121195237909,"ROA":4.56116252957,"HOLDER_PROFIT_QOQ":-14.968096093308,"ROE_YEARLY":10.161286405475,"ROIC_YEARLY":23.456201822004,"TOTAL_ASSETS":2960722158,"TOTAL_LIABILITIES":296952375.6,"TAX_EBT":11.331923890063,"OCF_SALES":10.405525281967,"TOTAL_PARENT_EQUITY":2656628728.8,"DEBT_ASSET_RATIO":10.0297278756,"OPERATE_PROFIT":113109442.8,"PRETAX_PROFIT":151693938,"NETCASH_OPERATE":58518154.8,"NETCASH_INVEST":-156917882.4,"NETCASH_FINANCE":-88429334.4,"END_CASH":217623964.8,"DIVI_RATIO":0.27640771219,"DIVIDEND_RATE":2.793296089385,"CURRENT_RATIO":9.68316997104,"COMMON_ACS":1200000000,"CURRENTDEBT_DEBT":86.188110495116,"ISSUED_COMMON_SHARES":827968337,"HK_COMMON_SHARES":827968337,"PER_SHARES":500,"TOTAL_MARKET_CAP":2964126646.46,"HKSK_MARKET_CAP":2964126646.46,"PE_TTM":9.81725261535,"PB_TTM":1.018320354585,"REPORT_DATE_SQ":"2023-06-30 00:00:00","REPORT_TYPE_SQ":"2023年中报","OPERATE_INCOME_SQ":588252378,"DPS_HKD":0.1,"OPERATE_INCOME_QOQ_SQ":13.239851196494,"NET_PROFIT_RATIO_SQ":30.9335462474,"HOLDER_PROFIT_SQ":181967321.4,"HOLDER_PROFIT_QOQ_SQ":99.414035698193,"ROE_AVG_SQ":7.526176347968,"PE_TTM_SQ":15.074929125415,"PB_TTM_SQ":1.545155924727,"ROA_SQ":6.954161299097,"START_DATE":"2024-01-01 00:00:00","FISCAL_YEAR":"12-31","CURRENCY":"HKD","IS_CNY_CODE":0,"DPS_HKD_LY":0.1,"ORG_TYPE":"一般企业","PREMIUM_INCOME":null,"PREMIUM_INCOME_YOY":null,"NET_INTEREST_INCOME":null,"NET_INTEREST_INCOME_YOY":null,"FEE_COMMISSION_INCOME":null,"FEE_COMMISSION_INCOME_YOY":null,"ACCOUNTS_RECE_TDAYS":2.143448912793,"INVENTORY_TDAYS":0.512154084569,"CURRENT_ASSETS_TDAYS":0.226849023652,"TOTAL_ASSETS_TDAYS":0.191162808163,"PREMIUM_EXPENSE":null,"LOAN_DEPOSIT":null,"LOAN_EQUITY":null,"LOAN_ASSETS":null,"DEPOSIT_EQUITY":null,"DEPOSIT_ASSETS":null,"EQUITY_MULTIPLIER":1.111478243188,"EQUITY_RATIO":0.111777898199},{"SECUCODE":"06929.HK","SECURITY_CODE":"06929","SECURITY_NAME_ABBR":"业聚医疗","ORG_CODE":"10000264155","STD_REPORT_DATE":"2023-12-31 00:00:00","REPORT_DATE":"2023-12-31 00:00:00","DATE_TYPE_CODE":"001","REPORT_TYPE":"2023年年报","PER_NETCASH_OPERATE":0.197022928426,"PER_OI":1.316209312362,"BPS":3.151408771807,"BASIC_EPS":0.38600715,"DILUTED_EPS":0.38317407,"OPERATE_INCOME":1089779635.5,"OPERATE_INCOME_YOY":12.4546863123,"GROSS_PROFIT":754293384.6,"GROSS_PROFIT_YOY":17.138491125984,"HOLDER_PROFIT":319238537.1,"HOLDER_PROFIT_YOY":143.7564220432,"GROSS_PROFIT_RATIO":69.215221135411,"EPS_TTM":0.385568533039,"OPERATE_INCOME_QOQ":0.990596377454,"NET_PROFIT_RATIO":29.293861502,"ROE_AVG":13.046372759296,"GROSS_PROFIT_QOQ":1.281065850713,"ROA":11.842554689676,"HOLDER_PROFIT_QOQ":24.309125757364,"ROE_YEARLY":13.046372759296,"ROIC_YEARLY":32.749281590926,"TOTAL_ASSETS":2904926908.8,"TOTAL_LIABILITIES":288450040.2,"TAX_EBT":9.178286451197,"OCF_SALES":14.968966301628,"TOTAL_PARENT_EQUITY":2609266680,"DEBT_ASSET_RATIO":9.9296832332,"OPERATE_PROFIT":282875955.3,"PRETAX_PROFIT":351500235.6,"NETCASH_OPERATE":163128746.4,"NETCASH_INVEST":-370531450.5,"NETCASH_FINANCE":6261106.8,"END_CASH":412581440.4,"DIVI_RATIO":0.23503474022,"DIVIDEND_RATE":2.272727272727,"CURRENT_RATIO":9.767656635976,"COMMON_ACS":1200000000,"CURRENTDEBT_DEBT":87.472376368904,"ISSUED_COMMON_SHARES":827968337,"HK_COMMON_SHARES":827968337,"PER_SHARES":500,"TOTAL_MARKET_CAP":3643060682.8,"HKSK_MARKET_CAP":3643060682.8,"PE_TTM":12.065897069145,"PB_TTM":1.251566916249,"REPORT_DATE_SQ":"2022-12-31 00:00:00","REPORT_TYPE_SQ":"2022年年报","OPERATE_INCOME_SQ":952924430.4,"DPS_HKD":0.1,"OPERATE_INCOME_QOQ_SQ":14.232445063311,"NET_PROFIT_RATIO_SQ":13.5144419108,"HOLDER_PROFIT_SQ":128782418.6,"HOLDER_PROFIT_QOQ_SQ":3001.75660223035,"ROE_AVG_SQ":7.313349601921,"PE_TTM_SQ":18.405090983495,"PB_TTM_SQ":1.886492144785,"ROA_SQ":5.968814710444,"START_DATE":"2023-01-01 00:00:00","FISCAL_YEAR":"12-31","CURRENCY":"HKD","IS_CNY_CODE":0,"DPS_HKD_LY":null,"ORG_TYPE":"一般企业","PREMIUM_INCOME":null,"PREMIUM_INCOME_YOY":null,"NET_INTEREST_INCOME":null,"NET_INTEREST_INCOME_YOY":null,"FEE_COMMISSION_INCOME":null,"FEE_COMMISSION_INCOME_YOY":null,"ACCOUNTS_RECE_TDAYS":4.378129979513,"INVENTORY_TDAYS":1.337559653235,"CURRENT_ASSETS_TDAYS":0.46468188174,"TOTAL_ASSETS_TDAYS":0.404267449987,"PREMIUM_EXPENSE":null,"LOAN_DEPOSIT":null,"LOAN_EQUITY":null,"LOAN_ASSETS":null,"DEPOSIT_EQUITY":null,"DEPOSIT_ASSETS":null,"EQUITY_MULTIPLIER":1.1102436806,"EQUITY_RATIO":0.110548317047},{"SECUCODE":"06929.HK","SECURITY_CODE":"06929","SECURITY_NAME_ABBR":"业聚医疗","ORG_CODE":"10000264155","STD_REPORT_DATE":"2023-06-30 00:00:00","REPORT_DATE":"2023-06-30 00:00:00","DATE_TYPE_CODE":"002","REPORT_TYPE":"2023年中报","PER_NETCASH_OPERATE":0.107893369894,"PER_OI":0.710647187952,"BPS":3.025221290558,"BASIC_EPS":0.21966432,"DILUTED_EPS":0.21894174,"OPERATE_INCOME":588252378,"OPERATE_INCOME_YOY":18.240838913,"GROSS_PROFIT":421047366,"GROSS_PROFIT_YOY":31.483726714599,"HOLDER_PROFIT":181967321.4,"HOLDER_PROFIT_YOY":213.3383103148,"GROSS_PROFIT_RATIO":71.575973467633,"EPS_TTM":0.310243470705,"OPERATE_INCOME_QOQ":13.239851196494,"NET_PROFIT_RATIO":30.9335462474,"ROE_AVG":7.526176347968,"GROSS_PROFIT_QOQ":15.656850707559,"ROA":6.954161299097,"HOLDER_PROFIT_QOQ":99.414035698193,"ROE_YEARLY":15.052352695936,"ROIC_YEARLY":39.336144954702,"TOTAL_ASSETS":2696646882.6,"TOTAL_LIABILITIES":191859441.6,"TAX_EBT":10.153769310357,"OCF_SALES":15.182410023339,"TOTAL_PARENT_EQUITY":2504787441,"DEBT_ASSET_RATIO":7.1147410081,"OPERATE_PROFIT":174214038,"PRETAX_PROFIT":202531948.2,"NETCASH_OPERATE":89310888,"NETCASH_INVEST":-154624894.2,"NETCASH_FINANCE":-12298311.6,"END_CASH":545649061.2,"DIVI_RATIO":0.292099620321,"DIVIDEND_RATE":2.272727272727,"CURRENT_RATIO":14.968508163722,"COMMON_ACS":1200000000,"CURRENTDEBT_DEBT":84.193281108768,"ISSUED_COMMON_SHARES":827968337,"HK_COMMON_SHARES":827968337,"PER_SHARES":500,"TOTAL_MARKET_CAP":3643060682.8,"HKSK_MARKET_CAP":3643060682.8,"PE_TTM":12.065897069145,"PB_TTM":1.251566916249,"REPORT_DATE_SQ":"2022-06-30 00:00:00","REPORT_TYPE_SQ":"2022年中报","OPERATE_INCOME_SQ":462086601.4,"DPS_HKD":0.1,"OPERATE_INCOME_QOQ_SQ":12.345807691249,"NET_PROFIT_RATIO_SQ":11.6730330714,"HOLDER_PROFIT_SQ":53939521.8,"HOLDER_PROFIT_QOQ_SQ":114.653687909061,"ROE_AVG_SQ":3.688067584745,"PE_TTM_SQ":18.405090983495,"PB_TTM_SQ":1.886492144785,"ROA_SQ":2.936925710799,"START_DATE":"2023-01-01 00:00:00","FISCAL_YEAR":"12-31","CURRENCY":"HKD","IS_CNY_CODE":0,"DPS_HKD_LY":null,"ORG_TYPE":"一般企业","PREMIUM_INCOME":null,"PREMIUM_INCOME_YOY":null,"NET_INTEREST_INCOME":null,"NET_INTEREST_INCOME_YOY":null,"FEE_COMMISSION_INCOME":null,"FEE_COMMISSION_INCOME_YOY":null,"ACCOUNTS_RECE_TDAYS":2.368428708579,"INVENTORY_TDAYS":0.738212212084,"CURRENT_ASSETS_TDAYS":0.250918483085,"TOTAL_ASSETS_TDAYS":0.224809701529,"PREMIUM_EXPENSE":null,"LOAN_DEPOSIT":null,"LOAN_EQUITY":null,"LOAN_ASSETS":null,"DEPOSIT_EQUITY":null,"DEPOSIT_ASSETS":null,"EQUITY_MULTIPLIER":1.076597095011,"EQUITY_RATIO":0.076597095011},{"SECUCODE":"06929.HK","SECURITY_CODE":"06929","SECURITY_NAME_ABBR":"业聚医疗","ORG_CODE":"10000264155","STD_REPORT_DATE":"2022-12-31 00:00:00","REPORT_DATE":"2022-12-31 00:00:00","DATE_TYPE_CODE":"001","REPORT_TYPE":"2022年年报","PER_NETCASH_OPERATE":0.197141180545,"PER_OI":1.151194779861,"BPS":2.713320139439,"BASIC_EPS":0.22077782,"DILUTED_EPS":0.1775973,"OPERATE_INCOME":952924430.4,"OPERATE_INCOME_YOY":17.4838144631,"GROSS_PROFIT":643932986.8,"GROSS_PROFIT_YOY":24.424685841792,"HOLDER_PROFIT":128782418.6,"HOLDER_PROFIT_YOY":516.0891089109,"GROSS_PROFIT_RATIO":67.574402151669,"EPS_TTM":0.155577549804,"OPERATE_INCOME_QOQ":14.232445063311,"NET_PROFIT_RATIO":13.5144419108,"ROE_AVG":7.313349601921,"GROSS_PROFIT_QOQ":11.831690706195,"ROA":5.968814710444,"HOLDER_PROFIT_QOQ":3001.75660223035,"ROE_YEARLY":7.313349601921,"ROIC_YEARLY":17.236605998462,"TOTAL_ASSETS":2444992476,"TOTAL_LIABILITIES":198449312.4,"TAX_EBT":15.143866733973,"OCF_SALES":17.124919604748,"TOTAL_PARENT_EQUITY":2246543163.6,"DEBT_ASSET_RATIO":8.1165612716,"OPERATE_PROFIT":146758051.2,"PRETAX_PROFIT":151765598.6,"NETCASH_OPERATE":163187542.6,"NETCASH_INVEST":-1179218213.6,"NETCASH_FINANCE":400074482.4,"END_CASH":603454731.6,"DIVI_RATIO":0.582487641142,"DIVIDEND_RATE":2.272727272727,"CURRENT_RATIO":13.198177389552,"COMMON_ACS":1200000000,"CURRENTDEBT_DEBT":83.568470555205,"ISSUED_COMMON_SHARES":827968337,"HK_COMMON_SHARES":827968337,"PER_SHARES":500,"TOTAL_MARKET_CAP":3643060682.8,"HKSK_MARKET_CAP":3643060682.8,"PE_TTM":12.065897069145,"PB_TTM":1.251566916249,"REPORT_DATE_SQ":"2021-12-31 00:00:00","REPORT_TYPE_SQ":"2021年年报","OPERATE_INCOME_SQ":742526773.4,"DPS_HKD":0.1,"OPERATE_INCOME_QOQ_SQ":13.983984879197,"NET_PROFIT_RATIO_SQ":-3.8158369253,"HOLDER_PROFIT_SQ":-28333610.8,"HOLDER_PROFIT_QOQ_SQ":-167.713422601932,"ROE_AVG_SQ":-4.076914608638,"PE_TTM_SQ":18.405090983495,"PB_TTM_SQ":1.886492144785,"ROA_SQ":-2.388136699868,"START_DATE":"2022-01-01 00:00:00","FISCAL_YEAR":"12-31","CURRENCY":"HKD","IS_CNY_CODE":0,"DPS_HKD_LY":null,"ORG_TYPE":"一般企业","PREMIUM_INCOME":null,"PREMIUM_INCOME_YOY":null,"NET_INTEREST_INCOME":null,"NET_INTEREST_INCOME_YOY":null,"FEE_COMMISSION_INCOME":null,"FEE_COMMISSION_INCOME_YOY":null,"ACCOUNTS_RECE_TDAYS":4.628217704563,"INVENTORY_TDAYS":1.504697303714,"CURRENT_ASSETS_TDAYS":0.497876753452,"TOTAL_ASSETS_TDAYS":0.44166194578,"PREMIUM_EXPENSE":null,"LOAN_DEPOSIT":null,"LOAN_EQUITY":null,"LOAN_ASSETS":null,"DEPOSIT_EQUITY":null,"DEPOSIT_ASSETS":null,"EQUITY_MULTIPLIER":1.088335410428,"EQUITY_RATIO":0.088335410428},{"SECUCODE":"06929.HK","SECURITY_CODE":"06929","SECURITY_NAME_ABBR":"业聚医疗","ORG_CODE":"10000264155","STD_REPORT_DATE":"2022-06-30 00:00:00","REPORT_DATE":"2022-06-30 00:00:00","DATE_TYPE_CODE":"002","REPORT_TYPE":"2022年中报","PER_NETCASH_OPERATE":0.162238773611,"PER_OI":0.802233682986,"BPS":2.048562971074,"BASIC_EPS":0.09328846,"DILUTED_EPS":0.0805368,"OPERATE_INCOME":462086601.4,"OPERATE_INCOME_YOY":20.0770854043,"GROSS_PROFIT":320227739.6,"GROSS_PROFIT_YOY":22.247380168099,"HOLDER_PROFIT":53939521.8,"HOLDER_PROFIT_YOY":142.0054200542,"GROSS_PROFIT_RATIO":69.300373269815,"EPS_TTM":0.007208192535,"OPERATE_INCOME_QOQ":12.345807691249,"NET_PROFIT_RATIO":11.6730330714,"ROE_AVG":3.688067584745,"GROSS_PROFIT_QOQ":11.260667755333,"ROA":2.936925710799,"HOLDER_PROFIT_QOQ":114.653687909061,"ROE_YEARLY":7.37613516949,"ROIC_YEARLY":14.625890574244,"TOTAL_ASSETS":1871004092,"TOTAL_LIABILITIES":174858815.6,"TAX_EBT":17.050263185055,"OCF_SALES":20.223380924024,"TOTAL_PARENT_EQUITY":1696145276.4,"DEBT_ASSET_RATIO":9.3457206399,"OPERATE_PROFIT":73275065.2,"PRETAX_PROFIT":65026754.6,"NETCASH_OPERATE":93449533.6,"NETCASH_INVEST":-377026317.8,"NETCASH_FINANCE":-5718112.8,"END_CASH":883347756.6,"DIVI_RATIO":12.572083717724,"DIVIDEND_RATE":2.272727272727,"CURRENT_RATIO":10.777667657747,"COMMON_ACS":1200000000,"CURRENTDEBT_DEBT":81.327243417518,"ISSUED_COMMON_SHARES":827968337,"HK_COMMON_SHARES":827968337,"PER_SHARES":500,"TOTAL_MARKET_CAP":3643060682.8,"HKSK_MARKET_CAP":3643060682.8,"PE_TTM":12.065897069145,"PB_TTM":1.251566916249,"REPORT_DATE_SQ":"2021-06-30 00:00:00","REPORT_TYPE_SQ":"2021年中报","OPERATE_INCOME_SQ":370415673.9,"DPS_HKD":0.1,"OPERATE_INCOME_QOQ_SQ":12.84662549541,"NET_PROFIT_RATIO_SQ":5.7918694083,"HOLDER_PROFIT_SQ":21453992.1,"HOLDER_PROFIT_QOQ_SQ":-9.307272999971,"ROE_AVG_SQ":9.266053765991,"PE_TTM_SQ":18.405090983495,"PB_TTM_SQ":1.886492144785,"ROA_SQ":2.714654721423,"START_DATE":"2022-01-01 00:00:00","FISCAL_YEAR":"12-31","CURRENCY":"HKD","IS_CNY_CODE":0,"DPS_HKD_LY":null,"ORG_TYPE":"一般企业","PREMIUM_INCOME":null,"PREMIUM_INCOME_YOY":null,"NET_INTEREST_INCOME":null,"NET_INTEREST_INCOME_YOY":null,"FEE_COMMISSION_INCOME":null,"FEE_COMMISSION_INCOME_YOY":null,"ACCOUNTS_RECE_TDAYS":2.437031006654,"INVENTORY_TDAYS":0.735583782843,"CURRENT_ASSETS_TDAYS":0.296948825053,"TOTAL_ASSETS_TDAYS":0.251599193871,"PREMIUM_EXPENSE":null,"LOAN_DEPOSIT":null,"LOAN_EQUITY":null,"LOAN_ASSETS":null,"DEPOSIT_EQUITY":null,"DEPOSIT_ASSETS":null,"EQUITY_MULTIPLIER":1.103091886074,"EQUITY_RATIO":0.103091886074},{"SECUCODE":"06929.HK","SECURITY_CODE":"06929","SECURITY_NAME_ABBR":"业聚医疗","ORG_CODE":"10000264155","STD_REPORT_DATE":"2021-12-31 00:00:00","REPORT_DATE":"2021-12-31 00:00:00","DATE_TYPE_CODE":"001","REPORT_TYPE":"2021年年报","PER_NETCASH_OPERATE":0.226890796181,"PER_OI":1.289108981597,"BPS":1.410038435322,"BASIC_EPS":-0.04909289,"DILUTED_EPS":-0.04909289,"OPERATE_INCOME":742526773.4,"OPERATE_INCOME_YOY":31.6371281309,"GROSS_PROFIT":517528320.4,"GROSS_PROFIT_YOY":36.704413457658,"HOLDER_PROFIT":-28333610.8,"HOLDER_PROFIT_YOY":-162.8482534295,"GROSS_PROFIT_RATIO":69.698270680565,"EPS_TTM":-0.049190296528,"OPERATE_INCOME_QOQ":13.983984879197,"NET_PROFIT_RATIO":-3.8158369253,"ROE_AVG":-4.076914608638,"GROSS_PROFIT_QOQ":18.407314098966,"ROA":-2.388136699868,"HOLDER_PROFIT_QOQ":-167.713422601932,"ROE_YEARLY":-4.076914608638,"ROIC_YEARLY":-4.905754105147,"TOTAL_ASSETS":1712047593.9,"TOTAL_LIABILITIES":544580415.5,"TAX_EBT":-237.177541729894,"OCF_SALES":17.600590750631,"TOTAL_PARENT_EQUITY":1167467178.4,"DEBT_ASSET_RATIO":31.8087194211,"OPERATE_PROFIT":123943608,"PRETAX_PROFIT":-8403172.6,"NETCASH_OPERATE":130689098.6,"NETCASH_INVEST":-33274778.3,"NETCASH_FINANCE":932815915.6,"END_CASH":1121396370.2,"DIVI_RATIO":-1.842273911661,"DIVIDEND_RATE":2.272727272727,"CURRENT_RATIO":14.307294832827,"COMMON_ACS":1200000000,"CURRENTDEBT_DEBT":19.258912369022,"ISSUED_COMMON_SHARES":827968337,"HK_COMMON_SHARES":827968337,"PER_SHARES":500,"TOTAL_MARKET_CAP":3643060682.8,"HKSK_MARKET_CAP":3643060682.8,"PE_TTM":12.065897069145,"PB_TTM":1.251566916249,"REPORT_DATE_SQ":"2020-12-31 00:00:00","REPORT_TYPE_SQ":"2020年年报","OPERATE_INCOME_SQ":577270952.8,"DPS_HKD":0.1,"OPERATE_INCOME_QOQ_SQ":-14.109501262141,"NET_PROFIT_RATIO_SQ":7.9923591645,"HOLDER_PROFIT_SQ":46137567.9,"HOLDER_PROFIT_QOQ_SQ":-4.950168766225,"ROE_AVG_SQ":-12.046509646919,"PE_TTM_SQ":18.405090983495,"PB_TTM_SQ":1.886492144785,"ROA_SQ":7.094482737862,"START_DATE":"2021-01-01 00:00:00","FISCAL_YEAR":"12-31","CURRENCY":"HKD","IS_CNY_CODE":0,"DPS_HKD_LY":null,"ORG_TYPE":"一般企业","PREMIUM_INCOME":null,"PREMIUM_INCOME_YOY":null,"NET_INTEREST_INCOME":null,"NET_INTEREST_INCOME_YOY":null,"FEE_COMMISSION_INCOME":null,"FEE_COMMISSION_INCOME_YOY":null,"ACCOUNTS_RECE_TDAYS":4.384864457831,"INVENTORY_TDAYS":1.184069252449,"CURRENT_ASSETS_TDAYS":0.751799420312,"TOTAL_ASSETS_TDAYS":0.625848731638,"PREMIUM_EXPENSE":null,"LOAN_DEPOSIT":null,"LOAN_EQUITY":null,"LOAN_ASSETS":null,"DEPOSIT_EQUITY":null,"DEPOSIT_ASSETS":null,"EQUITY_MULTIPLIER":1.466463148236,"EQUITY_RATIO":0.466463148237},{"SECUCODE":"06929.HK","SECURITY_CODE":"06929","SECURITY_NAME_ABBR":"业聚医疗","ORG_CODE":"10000264155","STD_REPORT_DATE":"2021-06-30 00:00:00","REPORT_DATE":"2021-06-30 00:00:00","DATE_TYPE_CODE":"002","REPORT_TYPE":"2021年中报","PER_NETCASH_OPERATE":0.0002456914,"PER_OI":0.0009860502,"BPS":0.287009500099,"BASIC_EPS":0.00775212,"DILUTED_EPS":0.00775212,"OPERATE_INCOME":370415673.9,"OPERATE_INCOME_YOY":37.0205749516,"GROSS_PROFIT":261950594.9,"GROSS_PROFIT_YOY":28.753861372126,"HOLDER_PROFIT":21453992.1,"HOLDER_PROFIT_YOY":-8.6884795161,"GROSS_PROFIT_RATIO":70.718010429202,"EPS_TTM":0.000111387595,"OPERATE_INCOME_QOQ":12.84662549541,"NET_PROFIT_RATIO":5.7918694083,"ROE_AVG":9.266053765991,"GROSS_PROFIT_QOQ":15.452676633978,"ROA":2.714654721423,"HOLDER_PROFIT_QOQ":-9.307272999971,"ROE_YEARLY":18.532107531982,"ROIC_YEARLY":7.467116357504,"TOTAL_ASSETS":911042062.6,"TOTAL_LIABILITIES":673407284.1,"TAX_EBT":33.29985940952,"OCF_SALES":24.916723347111,"TOTAL_PARENT_EQUITY":237634778.5,"DEBT_ASSET_RATIO":73.9161573043,"OPERATE_PROFIT":78813220,"PRETAX_PROFIT":32164837.9,"NETCASH_OPERATE":92295448.7,"NETCASH_INVEST":-9793511.6,"NETCASH_FINANCE":159241465,"END_CASH":333728766,"DIVI_RATIO":813.573538022473,"DIVIDEND_RATE":2.272727272727,"CURRENT_RATIO":2.090617014881,"COMMON_ACS":1200000000,"CURRENTDEBT_DEBT":51.058604579772,"ISSUED_COMMON_SHARES":827968337,"HK_COMMON_SHARES":827968337,"PER_SHARES":500,"TOTAL_MARKET_CAP":3643060682.8,"HKSK_MARKET_CAP":3643060682.8,"PE_TTM":12.065897069145,"PB_TTM":1.251566916249,"REPORT_DATE_SQ":"2020-06-30 00:00:00","REPORT_TYPE_SQ":"2020年中报","OPERATE_INCOME_SQ":296255836.5,"DPS_HKD":0.1,"OPERATE_INCOME_QOQ_SQ":0,"NET_PROFIT_RATIO_SQ":8.6911845533,"HOLDER_PROFIT_SQ":25748141.5,"HOLDER_PROFIT_QOQ_SQ":0,"ROE_AVG_SQ":null,"PE_TTM_SQ":18.405090983495,"PB_TTM_SQ":1.886492144785,"ROA_SQ":null,"START_DATE":"2021-01-01 00:00:00","FISCAL_YEAR":"12-31","CURRENCY":"HKD","IS_CNY_CODE":0,"DPS_HKD_LY":null,"ORG_TYPE":"一般企业","PREMIUM_INCOME":null,"PREMIUM_INCOME_YOY":null,"NET_INTEREST_INCOME":null,"NET_INTEREST_INCOME_YOY":null,"FEE_COMMISSION_INCOME":null,"FEE_COMMISSION_INCOME_YOY":null,"ACCOUNTS_RECE_TDAYS":2.191145843285,"INVENTORY_TDAYS":0.556089159739,"CURRENT_ASSETS_TDAYS":0.617418083537,"TOTAL_ASSETS_TDAYS":0.468700954748,"PREMIUM_EXPENSE":null,"LOAN_DEPOSIT":null,"LOAN_EQUITY":null,"LOAN_ASSETS":null,"DEPOSIT_EQUITY":null,"DEPOSIT_ASSETS":null,"EQUITY_MULTIPLIER":3.833790947393,"EQUITY_RATIO":2.833790947397},{"SECUCODE":"06929.HK","SECURITY_CODE":"06929","SECURITY_NAME_ABBR":"业聚医疗","ORG_CODE":"10000264155","STD_REPORT_DATE":"2020-12-31 00:00:00","REPORT_DATE":"2020-12-31 00:00:00","DATE_TYPE_CODE":"001","REPORT_TYPE":"2020年年报","PER_NETCASH_OPERATE":0.000220000169,"PER_OI":0.001536701005,"BPS":0.275001953849,"BASIC_EPS":0.01631225,"DILUTED_EPS":0.01631225,"OPERATE_INCOME":577270952.8,"OPERATE_INCOME_YOY":-8.1688152623,"GROSS_PROFIT":378574698,"GROSS_PROFIT_YOY":-17.083126537073,"HOLDER_PROFIT":46137567.9,"HOLDER_PROFIT_YOY":1.6240298936,"GROSS_PROFIT_RATIO":65.580070530789,"EPS_TTM":0.000122818664,"OPERATE_INCOME_QOQ":-14.109501262141,"NET_PROFIT_RATIO":7.9923591645,"ROE_AVG":-12.046509646919,"GROSS_PROFIT_QOQ":-17.083126537073,"ROA":7.094482737862,"HOLDER_PROFIT_QOQ":-4.950168766225,"ROE_YEARLY":-12.046509646919,"ROIC_YEARLY":8.289809197221,"TOTAL_ASSETS":676279785.4,"TOTAL_LIABILITIES":448586875,"TAX_EBT":2.536181943487,"OCF_SALES":14.316393887332,"TOTAL_PARENT_EQUITY":227692910.4,"DEBT_ASSET_RATIO":66.3315516277,"OPERATE_PROFIT":56727480.6,"PRETAX_PROFIT":47338149.5,"NETCASH_OPERATE":82644383.4,"NETCASH_INVEST":-73372500.5,"NETCASH_FINANCE":-3086277.7,"END_CASH":98604288.8,"DIVI_RATIO":737.852027783198,"DIVIDEND_RATE":2.272727272727,"CURRENT_RATIO":1.3425702232,"COMMON_ACS":1200000000,"CURRENTDEBT_DEBT":80.677818181818,"ISSUED_COMMON_SHARES":827968337,"HK_COMMON_SHARES":827968337,"PER_SHARES":500,"TOTAL_MARKET_CAP":3643060682.8,"HKSK_MARKET_CAP":3643060682.8,"PE_TTM":12.065897069145,"PB_TTM":1.251566916249,"REPORT_DATE_SQ":"2019-12-31 00:00:00","REPORT_TYPE_SQ":"2019年年报","OPERATE_INCOME_SQ":672101060.4,"DPS_HKD":0.1,"OPERATE_INCOME_QOQ_SQ":10.08367398212,"NET_PROFIT_RATIO_SQ":7.2221876233,"HOLDER_PROFIT_SQ":48540399.6,"HOLDER_PROFIT_QOQ_SQ":516.076728767637,"ROE_AVG_SQ":-4.469941283036,"PE_TTM_SQ":18.405090983495,"PB_TTM_SQ":1.886492144785,"ROA_SQ":7.252562839736,"START_DATE":"2020-01-01 00:00:00","FISCAL_YEAR":"12-31","CURRENCY":"HKD","IS_CNY_CODE":0,"DPS_HKD_LY":null,"ORG_TYPE":"一般企业","PREMIUM_INCOME":null,"PREMIUM_INCOME_YOY":null,"NET_INTEREST_INCOME":null,"NET_INTEREST_INCOME_YOY":null,"FEE_COMMISSION_INCOME":null,"FEE_COMMISSION_INCOME_YOY":null,"ACCOUNTS_RECE_TDAYS":3.002868052609,"INVENTORY_TDAYS":1.086136177194,"CURRENT_ASSETS_TDAYS":1.190387772127,"TOTAL_ASSETS_TDAYS":0.887658148471,"PREMIUM_EXPENSE":null,"LOAN_DEPOSIT":null,"LOAN_EQUITY":null,"LOAN_ASSETS":null,"DEPOSIT_EQUITY":null,"DEPOSIT_ASSETS":null,"EQUITY_MULTIPLIER":2.970139844112,"EQUITY_RATIO":1.970139844108},{"SECUCODE":"06929.HK","SECURITY_CODE":"06929","SECURITY_NAME_ABBR":"业聚医疗","ORG_CODE":"10000264155","STD_REPORT_DATE":"2020-06-30 00:00:00","REPORT_DATE":"2020-06-30 00:00:00","DATE_TYPE_CODE":"002","REPORT_TYPE":"2020年中报","PER_NETCASH_OPERATE":null,"PER_OI":null,"BPS":null,"BASIC_EPS":null,"DILUTED_EPS":null,"OPERATE_INCOME":296255836.5,"OPERATE_INCOME_YOY":null,"GROSS_PROFIT":203450671,"GROSS_PROFIT_YOY":null,"HOLDER_PROFIT":25748141.5,"HOLDER_PROFIT_YOY":null,"GROSS_PROFIT_RATIO":68.673979018807,"EPS_TTM":null,"OPERATE_INCOME_QOQ":0,"NET_PROFIT_RATIO":8.6911845533,"ROE_AVG":null,"GROSS_PROFIT_QOQ":0,"ROA":null,"HOLDER_PROFIT_QOQ":0,"ROE_YEARLY":null,"ROIC_YEARLY":null,"TOTAL_ASSETS":null,"TOTAL_LIABILITIES":null,"TAX_EBT":6.886840757809,"OCF_SALES":13.097713097713,"TOTAL_PARENT_EQUITY":null,"DEBT_ASSET_RATIO":null,"OPERATE_PROFIT":null,"PRETAX_PROFIT":27652527,"NETCASH_OPERATE":38802739.5,"NETCASH_INVEST":-11638698,"NETCASH_FINANCE":-23475622,"END_CASH":100224481.5,"DIVI_RATIO":null,"DIVIDEND_RATE":2.272727272727,"CURRENT_RATIO":null,"COMMON_ACS":1200000000,"CURRENTDEBT_DEBT":null,"ISSUED_COMMON_SHARES":827968337,"HK_COMMON_SHARES":827968337,"PER_SHARES":500,"TOTAL_MARKET_CAP":3643060682.8,"HKSK_MARKET_CAP":3643060682.8,"PE_TTM":12.065897069145,"PB_TTM":1.251566916249,"REPORT_DATE_SQ":"2019-06-30 00:00:00","REPORT_TYPE_SQ":"2019年中报","OPERATE_INCOME_SQ":null,"DPS_HKD":0.1,"OPERATE_INCOME_QOQ_SQ":0,"NET_PROFIT_RATIO_SQ":null,"HOLDER_PROFIT_SQ":null,"HOLDER_PROFIT_QOQ_SQ":0,"ROE_AVG_SQ":null,"PE_TTM_SQ":18.405090983495,"PB_TTM_SQ":1.886492144785,"ROA_SQ":null,"START_DATE":"2020-01-01 00:00:00","FISCAL_YEAR":"12-31","CURRENCY":"HKD","IS_CNY_CODE":0,"DPS_HKD_LY":null,"ORG_TYPE":"一般企业","PREMIUM_INCOME":null,"PREMIUM_INCOME_YOY":null,"NET_INTEREST_INCOME":null,"NET_INTEREST_INCOME_YOY":null,"FEE_COMMISSION_INCOME":null,"FEE_COMMISSION_INCOME_YOY":null,"ACCOUNTS_RECE_TDAYS":null,"INVENTORY_TDAYS":null,"CURRENT_ASSETS_TDAYS":1.128301225447,"TOTAL_ASSETS_TDAYS":0.874618567905,"PREMIUM_EXPENSE":null,"LOAN_DEPOSIT":null,"LOAN_EQUITY":null,"LOAN_ASSETS":null,"DEPOSIT_EQUITY":null,"DEPOSIT_ASSETS":null,"EQUITY_MULTIPLIER":null,"EQUITY_RATIO":null}],"count":11},"success":true,"message":"ok","code":0}