{"version":"1ed7d1ac5c3827079088fccbd5eb702c","result":{"pages":1,"data":[{"SECUCODE":"06936.HK","SECURITY_CODE":"06936","SECURITY_NAME_ABBR":"顺丰控股","ORG_CODE":"10131859","STD_REPORT_DATE":"2024-09-30 00:00:00","REPORT_DATE":"2024-09-30 00:00:00","DATE_TYPE_CODE":"004","REPORT_TYPE":"2024年三季报","PER_NETCASH_OPERATE":4.682880975168,"PER_OI":42.953657781467,"BPS":18.175290519385,"BASIC_EPS":1.58,"DILUTED_EPS":1.58,"OPERATE_INCOME":206860993000,"OPERATE_INCOME_YOY":9.4435442557,"GROSS_PROFIT":28379960000,"GROSS_PROFIT_YOY":17.24334319823,"HOLDER_PROFIT":7617120000,"HOLDER_PROFIT_YOY":21.5926421727,"GROSS_PROFIT_RATIO":13.719338570515,"EPS_TTM":1.990725119297,"OPERATE_INCOME_QOQ":2.907494695776,"NET_PROFIT_RATIO":3.7092560993,"ROE_AVG":8.305852004273,"GROSS_PROFIT_QOQ":7.15692917052,"ROA":3.498005272908,"HOLDER_PROFIT_QOQ":8.147051441496,"ROE_YEARLY":11.07446933903,"ROIC_YEARLY":4.322514715343,"TOTAL_ASSETS":214021553000,"TOTAL_LIABILITIES":112559093000,"TAX_EBT":24.385709349974,"OCF_SALES":10.902170425142,"TOTAL_PARENT_EQUITY":90625397000,"DEBT_ASSET_RATIO":52.5924101672,"OPERATE_PROFIT":11545717000,"PRETAX_PROFIT":10147558000,"NETCASH_OPERATE":22552338000,"NETCASH_INVEST":-23545605000,"NETCASH_FINANCE":-18163634000,"END_CASH":21294235000,"DIVI_RATIO":null,"DIVIDEND_RATE":null,"CURRENT_RATIO":1.211831233981,"COMMON_ACS":null,"CURRENTDEBT_DEBT":64.943454190769,"ISSUED_COMMON_SHARES":4986186983,"HK_COMMON_SHARES":170000000,"PER_SHARES":200,"TOTAL_MARKET_CAP":187979249259.1,"HKSK_MARKET_CAP":6409000000,"PE_TTM":17.557446998309,"PB_TTM":1.870533126485,"REPORT_DATE_SQ":"2023-09-30 00:00:00","REPORT_TYPE_SQ":"2023年三季报","OPERATE_INCOME_SQ":189011599000,"DPS_HKD":null,"OPERATE_INCOME_QOQ_SQ":0,"NET_PROFIT_RATIO_SQ":3.1714905496,"HOLDER_PROFIT_SQ":6264458000,"HOLDER_PROFIT_QOQ_SQ":0,"ROE_AVG_SQ":null,"PE_TTM_SQ":null,"PB_TTM_SQ":null,"ROA_SQ":null,"START_DATE":"2024-01-01 00:00:00","FISCAL_YEAR":"12-31","CURRENCY":"HKD","IS_CNY_CODE":0,"DPS_HKD_LY":null,"ORG_TYPE":"一般企业","PREMIUM_INCOME":null,"PREMIUM_INCOME_YOY":null,"NET_INTEREST_INCOME":null,"NET_INTEREST_INCOME_YOY":null,"FEE_COMMISSION_INCOME":null,"FEE_COMMISSION_INCOME_YOY":null,"ACCOUNTS_RECE_TDAYS":7.988910467649,"INVENTORY_TDAYS":74.214231228301,"CURRENT_ASSETS_TDAYS":2.303891946004,"TOTAL_ASSETS_TDAYS":0.94996644962,"PREMIUM_EXPENSE":null,"LOAN_DEPOSIT":null,"LOAN_EQUITY":null,"LOAN_ASSETS":null,"DEPOSIT_EQUITY":null,"DEPOSIT_ASSETS":null,"EQUITY_MULTIPLIER":2.109366883081,"EQUITY_RATIO":1.242025930104},{"SECUCODE":"06936.HK","SECURITY_CODE":"06936","SECURITY_NAME_ABBR":"顺丰控股","ORG_CODE":"10131859","STD_REPORT_DATE":"2024-06-30 00:00:00","REPORT_DATE":"2024-06-30 00:00:00","DATE_TYPE_CODE":"002","REPORT_TYPE":"2024年中报","PER_NETCASH_OPERATE":2.849361003557,"PER_OI":27.909510786225,"BPS":17.763312387196,"BASIC_EPS":1,"DILUTED_EPS":1,"OPERATE_INCOME":134409720000,"OPERATE_INCOME_YOY":8.0762864985,"GROSS_PROFIT":18313439000,"GROSS_PROFIT_YOY":10.336112506036,"HOLDER_PROFIT":4806714000,"HOLDER_PROFIT_YOY":15.0955323419,"GROSS_PROFIT_RATIO":13.625085298891,"EPS_TTM":1.840757646892,"OPERATE_INCOME_QOQ":3.886902675906,"NET_PROFIT_RATIO":3.5420965091,"ROE_AVG":5.30069823348,"GROSS_PROFIT_QOQ":5.257058457164,"ROA":2.17815442319,"HOLDER_PROFIT_QOQ":7.655990478102,"ROE_YEARLY":10.601396466961,"ROIC_YEARLY":5.531971825661,"TOTAL_ASSETS":219865931000,"TOTAL_LIABILITIES":120954581000,"TAX_EBT":24.66963509981,"OCF_SALES":10.209283227433,"TOTAL_PARENT_EQUITY":88571197000,"DEBT_ASSET_RATIO":55.0128800992,"OPERATE_PROFIT":7198491000,"PRETAX_PROFIT":6320057000,"NETCASH_OPERATE":13722269000,"NETCASH_INVEST":-15444553000,"NETCASH_FINANCE":-6181865000,"END_CASH":32515989000,"DIVI_RATIO":null,"DIVIDEND_RATE":null,"CURRENT_RATIO":1.20899618247,"COMMON_ACS":null,"CURRENTDEBT_DEBT":63.65141391379,"ISSUED_COMMON_SHARES":4986186983,"HK_COMMON_SHARES":170000000,"PER_SHARES":200,"TOTAL_MARKET_CAP":164045551740.7,"HKSK_MARKET_CAP":5593000000,"PE_TTM":15.322016080753,"PB_TTM":1.632375062636,"REPORT_DATE_SQ":"2023-06-30 00:00:00","REPORT_TYPE_SQ":"2023年中报","OPERATE_INCOME_SQ":124365598000,"DPS_HKD":null,"OPERATE_INCOME_QOQ_SQ":0,"NET_PROFIT_RATIO_SQ":3.1312839424,"HOLDER_PROFIT_SQ":4176282000,"HOLDER_PROFIT_QOQ_SQ":0,"ROE_AVG_SQ":null,"PE_TTM_SQ":null,"PB_TTM_SQ":null,"ROA_SQ":null,"START_DATE":"2024-01-01 00:00:00","FISCAL_YEAR":"12-31","CURRENCY":"HKD","IS_CNY_CODE":0,"DPS_HKD_LY":null,"ORG_TYPE":"一般企业","PREMIUM_INCOME":null,"PREMIUM_INCOME_YOY":null,"NET_INTEREST_INCOME":null,"NET_INTEREST_INCOME_YOY":null,"FEE_COMMISSION_INCOME":null,"FEE_COMMISSION_INCOME_YOY":null,"ACCOUNTS_RECE_TDAYS":5.22427433557,"INVENTORY_TDAYS":46.441893369837,"CURRENT_ASSETS_TDAYS":1.460416044724,"TOTAL_ASSETS_TDAYS":0.609075401902,"PREMIUM_EXPENSE":null,"LOAN_DEPOSIT":null,"LOAN_EQUITY":null,"LOAN_ASSETS":null,"DEPOSIT_EQUITY":null,"DEPOSIT_ASSETS":null,"EQUITY_MULTIPLIER":2.22285845861,"EQUITY_RATIO":1.365619807532},{"SECUCODE":"06936.HK","SECURITY_CODE":"06936","SECURITY_NAME_ABBR":"顺丰控股","ORG_CODE":"10131859","STD_REPORT_DATE":"2023-12-31 00:00:00","REPORT_DATE":"2023-12-31 00:00:00","DATE_TYPE_CODE":"001","REPORT_TYPE":"2023年年报","PER_NETCASH_OPERATE":5.427726782266,"PER_OI":52.788302300906,"BPS":18.609479411093,"BASIC_EPS":1.7,"DILUTED_EPS":1.7,"OPERATE_INCOME":258409403000,"OPERATE_INCOME_YOY":-3.394892125,"GROSS_PROFIT":32633725000,"GROSS_PROFIT_YOY":-1.147086946647,"HOLDER_PROFIT":8234493000,"HOLDER_PROFIT_YOY":32.2372940801,"GROSS_PROFIT_RATIO":12.628690992332,"EPS_TTM":1.682155915119,"OPERATE_INCOME_QOQ":-3.394892124994,"NET_PROFIT_RATIO":3.0616567772,"ROE_AVG":9.197771723555,"GROSS_PROFIT_QOQ":-1.147086946647,"ROA":3.757182872154,"HOLDER_PROFIT_QOQ":32.237294080126,"ROE_YEARLY":9.197771723555,"ROIC_YEARLY":4.914802414136,"TOTAL_ASSETS":221490655000,"TOTAL_LIABILITIES":118206995000,"TAX_EBT":24.55437726869,"OCF_SALES":10.28206353621,"TOTAL_PARENT_EQUITY":92790344000,"DEBT_ASSET_RATIO":53.3688407757,"OPERATE_PROFIT":12313929000,"PRETAX_PROFIT":10486505000,"NETCASH_OPERATE":26569819000,"NETCASH_INVEST":-13505617000,"NETCASH_FINANCE":-12994685000,"END_CASH":40448308000,"DIVI_RATIO":null,"DIVIDEND_RATE":null,"CURRENT_RATIO":1.229775935796,"COMMON_ACS":null,"CURRENTDEBT_DEBT":62.593284771345,"ISSUED_COMMON_SHARES":4986186983,"HK_COMMON_SHARES":170000000,"PER_SHARES":200,"TOTAL_MARKET_CAP":164045551740.7,"HKSK_MARKET_CAP":5593000000,"PE_TTM":15.322016080753,"PB_TTM":1.632375062636,"REPORT_DATE_SQ":"2022-12-31 00:00:00","REPORT_TYPE_SQ":"2022年年报","OPERATE_INCOME_SQ":267490414000,"DPS_HKD":null,"OPERATE_INCOME_QOQ_SQ":29.106010388787,"NET_PROFIT_RATIO_SQ":2.6381932326,"HOLDER_PROFIT_SQ":6227058000,"HOLDER_PROFIT_QOQ_SQ":31.595216293225,"ROE_AVG_SQ":7.362604535345,"PE_TTM_SQ":null,"PB_TTM_SQ":null,"ROA_SQ":2.918777955566,"START_DATE":"2023-01-01 00:00:00","FISCAL_YEAR":"12-31","CURRENCY":"HKD","IS_CNY_CODE":0,"DPS_HKD_LY":null,"ORG_TYPE":"一般企业","PREMIUM_INCOME":null,"PREMIUM_INCOME_YOY":null,"NET_INTEREST_INCOME":null,"NET_INTEREST_INCOME_YOY":null,"FEE_COMMISSION_INCOME":null,"FEE_COMMISSION_INCOME_YOY":null,"ACCOUNTS_RECE_TDAYS":10.102580188756,"INVENTORY_TDAYS":102.887695188115,"CURRENT_ASSETS_TDAYS":2.844913212469,"TOTAL_ASSETS_TDAYS":1.179054233157,"PREMIUM_EXPENSE":null,"LOAN_DEPOSIT":null,"LOAN_EQUITY":null,"LOAN_ASSETS":null,"DEPOSIT_EQUITY":null,"DEPOSIT_ASSETS":null,"EQUITY_MULTIPLIER":2.144488828146,"EQUITY_RATIO":1.273914826741},{"SECUCODE":"06936.HK","SECURITY_CODE":"06936","SECURITY_NAME_ABBR":"顺丰控股","ORG_CODE":"10131859","STD_REPORT_DATE":"2023-09-30 00:00:00","REPORT_DATE":"2023-09-30 00:00:00","DATE_TYPE_CODE":"004","REPORT_TYPE":"2023年三季报","PER_NETCASH_OPERATE":null,"PER_OI":null,"BPS":null,"BASIC_EPS":1.29,"DILUTED_EPS":1.29,"OPERATE_INCOME":189011599000,"OPERATE_INCOME_YOY":null,"GROSS_PROFIT":24206031000,"GROSS_PROFIT_YOY":null,"HOLDER_PROFIT":6264458000,"HOLDER_PROFIT_YOY":null,"GROSS_PROFIT_RATIO":12.806637861415,"EPS_TTM":1.27207375712,"OPERATE_INCOME_QOQ":0,"NET_PROFIT_RATIO":3.1714905496,"ROE_AVG":null,"GROSS_PROFIT_QOQ":0,"ROA":null,"HOLDER_PROFIT_QOQ":0,"ROE_YEARLY":null,"ROIC_YEARLY":null,"TOTAL_ASSETS":null,"TOTAL_LIABILITIES":null,"TAX_EBT":24.396567826393,"OCF_SALES":11.09778135891,"TOTAL_PARENT_EQUITY":null,"DEBT_ASSET_RATIO":null,"OPERATE_PROFIT":9224800000,"PRETAX_PROFIT":7928853000,"NETCASH_OPERATE":20976094000,"NETCASH_INVEST":-18003514000,"NETCASH_FINANCE":-6483643000,"END_CASH":36779007000,"DIVI_RATIO":null,"DIVIDEND_RATE":null,"CURRENT_RATIO":null,"COMMON_ACS":null,"CURRENTDEBT_DEBT":null,"ISSUED_COMMON_SHARES":4986186983,"HK_COMMON_SHARES":170000000,"PER_SHARES":200,"TOTAL_MARKET_CAP":164045551740.7,"HKSK_MARKET_CAP":5593000000,"PE_TTM":15.322016080753,"PB_TTM":1.632375062636,"REPORT_DATE_SQ":"2022-09-30 00:00:00","REPORT_TYPE_SQ":"2022年三季报","OPERATE_INCOME_SQ":null,"DPS_HKD":null,"OPERATE_INCOME_QOQ_SQ":0,"NET_PROFIT_RATIO_SQ":null,"HOLDER_PROFIT_SQ":null,"HOLDER_PROFIT_QOQ_SQ":0,"ROE_AVG_SQ":null,"PE_TTM_SQ":null,"PB_TTM_SQ":null,"ROA_SQ":null,"START_DATE":"2023-01-01 00:00:00","FISCAL_YEAR":"12-31","CURRENCY":"HKD","IS_CNY_CODE":0,"DPS_HKD_LY":null,"ORG_TYPE":"一般企业","PREMIUM_INCOME":null,"PREMIUM_INCOME_YOY":null,"NET_INTEREST_INCOME":null,"NET_INTEREST_INCOME_YOY":null,"FEE_COMMISSION_INCOME":null,"FEE_COMMISSION_INCOME_YOY":null,"ACCOUNTS_RECE_TDAYS":null,"INVENTORY_TDAYS":null,"CURRENT_ASSETS_TDAYS":4.169059617015,"TOTAL_ASSETS_TDAYS":1.743306026889,"PREMIUM_EXPENSE":null,"LOAN_DEPOSIT":null,"LOAN_EQUITY":null,"LOAN_ASSETS":null,"DEPOSIT_EQUITY":null,"DEPOSIT_ASSETS":null,"EQUITY_MULTIPLIER":null,"EQUITY_RATIO":null},{"SECUCODE":"06936.HK","SECURITY_CODE":"06936","SECURITY_NAME_ABBR":"顺丰控股","ORG_CODE":"10131859","STD_REPORT_DATE":"2023-06-30 00:00:00","REPORT_DATE":"2023-06-30 00:00:00","DATE_TYPE_CODE":"002","REPORT_TYPE":"2023年中报","PER_NETCASH_OPERATE":null,"PER_OI":null,"BPS":null,"BASIC_EPS":0.86,"DILUTED_EPS":0.86,"OPERATE_INCOME":124365598000,"OPERATE_INCOME_YOY":null,"GROSS_PROFIT":16597865000,"GROSS_PROFIT_YOY":null,"HOLDER_PROFIT":4176282000,"HOLDER_PROFIT_YOY":null,"GROSS_PROFIT_RATIO":13.346025964512,"EPS_TTM":1.27207375712,"OPERATE_INCOME_QOQ":0,"NET_PROFIT_RATIO":3.1312839424,"ROE_AVG":null,"GROSS_PROFIT_QOQ":0,"ROA":null,"HOLDER_PROFIT_QOQ":0,"ROE_YEARLY":null,"ROIC_YEARLY":null,"TOTAL_ASSETS":null,"TOTAL_LIABILITIES":null,"TAX_EBT":28.155192930346,"OCF_SALES":11.116279117638,"TOTAL_PARENT_EQUITY":null,"DEBT_ASSET_RATIO":null,"OPERATE_PROFIT":6233660000,"PRETAX_PROFIT":5420350000,"NETCASH_OPERATE":13824827000,"NETCASH_INVEST":-13633590000,"NETCASH_FINANCE":-4963638000,"END_CASH":35634592000,"DIVI_RATIO":null,"DIVIDEND_RATE":null,"CURRENT_RATIO":null,"COMMON_ACS":null,"CURRENTDEBT_DEBT":null,"ISSUED_COMMON_SHARES":4986186983,"HK_COMMON_SHARES":170000000,"PER_SHARES":200,"TOTAL_MARKET_CAP":164045551740.7,"HKSK_MARKET_CAP":5593000000,"PE_TTM":15.322016080753,"PB_TTM":1.632375062636,"REPORT_DATE_SQ":"2022-06-30 00:00:00","REPORT_TYPE_SQ":"2022年中报","OPERATE_INCOME_SQ":null,"DPS_HKD":null,"OPERATE_INCOME_QOQ_SQ":0,"NET_PROFIT_RATIO_SQ":null,"HOLDER_PROFIT_SQ":null,"HOLDER_PROFIT_QOQ_SQ":0,"ROE_AVG_SQ":null,"PE_TTM_SQ":null,"PB_TTM_SQ":null,"ROA_SQ":null,"START_DATE":"2023-01-01 00:00:00","FISCAL_YEAR":"12-31","CURRENCY":"HKD","IS_CNY_CODE":0,"DPS_HKD_LY":null,"ORG_TYPE":"一般企业","PREMIUM_INCOME":null,"PREMIUM_INCOME_YOY":null,"NET_INTEREST_INCOME":null,"NET_INTEREST_INCOME_YOY":null,"FEE_COMMISSION_INCOME":null,"FEE_COMMISSION_INCOME_YOY":null,"ACCOUNTS_RECE_TDAYS":null,"INVENTORY_TDAYS":null,"CURRENT_ASSETS_TDAYS":2.743152246269,"TOTAL_ASSETS_TDAYS":1.14705815769,"PREMIUM_EXPENSE":null,"LOAN_DEPOSIT":null,"LOAN_EQUITY":null,"LOAN_ASSETS":null,"DEPOSIT_EQUITY":null,"DEPOSIT_ASSETS":null,"EQUITY_MULTIPLIER":null,"EQUITY_RATIO":null},{"SECUCODE":"06936.HK","SECURITY_CODE":"06936","SECURITY_NAME_ABBR":"顺丰控股","ORG_CODE":"10131859","STD_REPORT_DATE":"2022-12-31 00:00:00","REPORT_DATE":"2022-12-31 00:00:00","DATE_TYPE_CODE":"001","REPORT_TYPE":"2022年年报","PER_NETCASH_OPERATE":6.680612362881,"PER_OI":54.643386319911,"BPS":17.30054273819,"BASIC_EPS":1.28,"DILUTED_EPS":1.28,"OPERATE_INCOME":267490414000,"OPERATE_INCOME_YOY":29.1060103888,"GROSS_PROFIT":33012406000,"GROSS_PROFIT_YOY":28.066529534389,"HOLDER_PROFIT":6227058000,"HOLDER_PROFIT_YOY":31.5952162932,"GROSS_PROFIT_RATIO":12.341528620162,"EPS_TTM":1.27207375712,"OPERATE_INCOME_QOQ":29.106010388787,"NET_PROFIT_RATIO":2.6381932326,"ROE_AVG":7.362604535345,"GROSS_PROFIT_QOQ":28.066529534389,"ROA":2.918777955566,"HOLDER_PROFIT_QOQ":31.595216293225,"ROE_YEARLY":7.362604535345,"ROIC_YEARLY":3.836741887128,"TOTAL_ASSETS":216842707000,"TOTAL_LIABILITIES":118556658000,"TAX_EBT":36.066145574187,"OCF_SALES":12.225838866884,"TOTAL_PARENT_EQUITY":86263741000,"DEBT_ASSET_RATIO":54.6740352213,"OPERATE_PROFIT":12811459000,"PRETAX_PROFIT":11037836000,"NETCASH_OPERATE":32702947000,"NETCASH_INVEST":-12091458000,"NETCASH_FINANCE":-16016950000,"END_CASH":40279947000,"DIVI_RATIO":null,"DIVIDEND_RATE":null,"CURRENT_RATIO":1.167315926539,"COMMON_ACS":null,"CURRENTDEBT_DEBT":65.518807893522,"ISSUED_COMMON_SHARES":4986186983,"HK_COMMON_SHARES":170000000,"PER_SHARES":200,"TOTAL_MARKET_CAP":164045551740.7,"HKSK_MARKET_CAP":5593000000,"PE_TTM":15.322016080753,"PB_TTM":1.632375062636,"REPORT_DATE_SQ":"2021-12-31 00:00:00","REPORT_TYPE_SQ":"2021年年报","OPERATE_INCOME_SQ":207186647000,"DPS_HKD":null,"OPERATE_INCOME_QOQ_SQ":34.548255315534,"NET_PROFIT_RATIO_SQ":2.1150465358,"HOLDER_PROFIT_SQ":4731979000,"HOLDER_PROFIT_QOQ_SQ":-30.513278894974,"ROE_AVG_SQ":6.817588115502,"PE_TTM_SQ":null,"PB_TTM_SQ":null,"ROA_SQ":2.857590244023,"START_DATE":"2022-01-01 00:00:00","FISCAL_YEAR":"12-31","CURRENCY":"HKD","IS_CNY_CODE":0,"DPS_HKD_LY":null,"ORG_TYPE":"一般企业","PREMIUM_INCOME":null,"PREMIUM_INCOME_YOY":null,"NET_INTEREST_INCOME":null,"NET_INTEREST_INCOME_YOY":null,"FEE_COMMISSION_INCOME":null,"FEE_COMMISSION_INCOME_YOY":null,"ACCOUNTS_RECE_TDAYS":9.459363469883,"INVENTORY_TDAYS":134.172399379144,"CURRENT_ASSETS_TDAYS":2.895143229681,"TOTAL_ASSETS_TDAYS":1.253794526578,"PREMIUM_EXPENSE":null,"LOAN_DEPOSIT":null,"LOAN_EQUITY":null,"LOAN_ASSETS":null,"DEPOSIT_EQUITY":null,"DEPOSIT_ASSETS":null,"EQUITY_MULTIPLIER":2.206240958979,"EQUITY_RATIO":1.374350991803},{"SECUCODE":"06936.HK","SECURITY_CODE":"06936","SECURITY_NAME_ABBR":"顺丰控股","ORG_CODE":"10131859","STD_REPORT_DATE":"2021-12-31 00:00:00","REPORT_DATE":"2021-12-31 00:00:00","DATE_TYPE_CODE":"001","REPORT_TYPE":"2021年年报","PER_NETCASH_OPERATE":3.277263950831,"PER_OI":42.229443972367,"BPS":16.623911674914,"BASIC_EPS":1.03,"DILUTED_EPS":1.03,"OPERATE_INCOME":207186647000,"OPERATE_INCOME_YOY":34.5482553155,"GROSS_PROFIT":25777544000,"GROSS_PROFIT_YOY":5.088509221498,"HOLDER_PROFIT":4731979000,"HOLDER_PROFIT_YOY":-30.513278895,"GROSS_PROFIT_RATIO":12.441701419107,"EPS_TTM":0.964487069762,"OPERATE_INCOME_QOQ":34.548255315534,"NET_PROFIT_RATIO":2.1150465358,"ROE_AVG":6.817588115502,"GROSS_PROFIT_QOQ":5.088509221498,"ROA":2.857590244023,"HOLDER_PROFIT_QOQ":-30.513278894974,"ROE_YEARLY":6.817588115502,"ROIC_YEARLY":3.562999124452,"TOTAL_ASSETS":209846688000,"TOTAL_LIABILITIES":111984735000,"TAX_EBT":43.463096205116,"OCF_SALES":7.760613549579,"TOTAL_PARENT_EQUITY":82889932000,"DEBT_ASSET_RATIO":53.3650238025,"OPERATE_PROFIT":9135749000,"PRETAX_PROFIT":7750856000,"NETCASH_OPERATE":16078955000,"NETCASH_INVEST":-17131227000,"NETCASH_FINANCE":20498576000,"END_CASH":34813768000,"DIVI_RATIO":null,"DIVIDEND_RATE":null,"CURRENT_RATIO":1.237965105957,"COMMON_ACS":null,"CURRENTDEBT_DEBT":67.885706922466,"ISSUED_COMMON_SHARES":4986186983,"HK_COMMON_SHARES":170000000,"PER_SHARES":200,"TOTAL_MARKET_CAP":164045551740.7,"HKSK_MARKET_CAP":5593000000,"PE_TTM":15.322016080753,"PB_TTM":1.632375062636,"REPORT_DATE_SQ":"2020-12-31 00:00:00","REPORT_TYPE_SQ":"2020年年报","OPERATE_INCOME_SQ":153986870000,"DPS_HKD":null,"OPERATE_INCOME_QOQ_SQ":null,"NET_PROFIT_RATIO_SQ":4.1664974423,"HOLDER_PROFIT_SQ":6809904000,"HOLDER_PROFIT_QOQ_SQ":null,"ROE_AVG_SQ":12.17644333521,"PE_TTM_SQ":null,"PB_TTM_SQ":null,"ROA_SQ":5.612250662669,"START_DATE":"2021-01-01 00:00:00","FISCAL_YEAR":"12-31","CURRENCY":"HKD","IS_CNY_CODE":0,"DPS_HKD_LY":null,"ORG_TYPE":"一般企业","PREMIUM_INCOME":null,"PREMIUM_INCOME_YOY":null,"NET_INTEREST_INCOME":null,"NET_INTEREST_INCOME_YOY":null,"FEE_COMMISSION_INCOME":null,"FEE_COMMISSION_INCOME_YOY":null,"ACCOUNTS_RECE_TDAYS":8.673514649661,"INVENTORY_TDAYS":143.19291791053,"CURRENT_ASSETS_TDAYS":2.852913842047,"TOTAL_ASSETS_TDAYS":1.251177448503,"PREMIUM_EXPENSE":null,"LOAN_DEPOSIT":null,"LOAN_EQUITY":null,"LOAN_ASSETS":null,"DEPOSIT_EQUITY":null,"DEPOSIT_ASSETS":null,"EQUITY_MULTIPLIER":2.144313306315,"EQUITY_RATIO":1.351005270459},{"SECUCODE":"06936.HK","SECURITY_CODE":"06936","SECURITY_NAME_ABBR":"顺丰控股","ORG_CODE":"10131859","STD_REPORT_DATE":"2020-12-31 00:00:00","REPORT_DATE":"2020-12-31 00:00:00","DATE_TYPE_CODE":"001","REPORT_TYPE":"2020年年报","PER_NETCASH_OPERATE":3.504260343602,"PER_OI":33.795434593674,"BPS":11.216360956915,"BASIC_EPS":1.53,"DILUTED_EPS":1.52,"OPERATE_INCOME":153986870000,"OPERATE_INCOME_YOY":null,"GROSS_PROFIT":24529365000,"GROSS_PROFIT_YOY":null,"HOLDER_PROFIT":6809904000,"HOLDER_PROFIT_YOY":null,"GROSS_PROFIT_RATIO":15.929517237411,"EPS_TTM":1.494566810931,"OPERATE_INCOME_QOQ":null,"NET_PROFIT_RATIO":4.1664974423,"ROE_AVG":12.17644333521,"GROSS_PROFIT_QOQ":null,"ROA":5.612250662669,"HOLDER_PROFIT_QOQ":null,"ROE_YEARLY":12.17644333521,"ROIC_YEARLY":6.45140900759,"TOTAL_ASSETS":121339983000,"TOTAL_LIABILITIES":65096459000,"TAX_EBT":31.38429872271,"OCF_SALES":10.369034710557,"TOTAL_PARENT_EQUITY":55926873000,"DEBT_ASSET_RATIO":53.6479875722,"OPERATE_PROFIT":10596805000,"PRETAX_PROFIT":9350424000,"NETCASH_OPERATE":15966952000,"NETCASH_INVEST":-14884306000,"NETCASH_FINANCE":-3311382000,"END_CASH":15466484000,"DIVI_RATIO":null,"DIVIDEND_RATE":null,"CURRENT_RATIO":1.106685982092,"COMMON_ACS":null,"CURRENTDEBT_DEBT":70.978018942628,"ISSUED_COMMON_SHARES":4986186983,"HK_COMMON_SHARES":170000000,"PER_SHARES":200,"TOTAL_MARKET_CAP":164045551740.7,"HKSK_MARKET_CAP":5593000000,"PE_TTM":15.322016080753,"PB_TTM":1.632375062636,"REPORT_DATE_SQ":"2019-12-31 00:00:00","REPORT_TYPE_SQ":"2019年年报","OPERATE_INCOME_SQ":null,"DPS_HKD":null,"OPERATE_INCOME_QOQ_SQ":null,"NET_PROFIT_RATIO_SQ":null,"HOLDER_PROFIT_SQ":null,"HOLDER_PROFIT_QOQ_SQ":null,"ROE_AVG_SQ":null,"PE_TTM_SQ":null,"PB_TTM_SQ":null,"ROA_SQ":null,"START_DATE":"2020-01-01 00:00:00","FISCAL_YEAR":"12-31","CURRENCY":"HKD","IS_CNY_CODE":0,"DPS_HKD_LY":null,"ORG_TYPE":"一般企业","PREMIUM_INCOME":null,"PREMIUM_INCOME_YOY":null,"NET_INTEREST_INCOME":null,"NET_INTEREST_INCOME_YOY":null,"FEE_COMMISSION_INCOME":null,"FEE_COMMISSION_INCOME_YOY":null,"ACCOUNTS_RECE_TDAYS":9.049778082284,"INVENTORY_TDAYS":131.169130990292,"CURRENT_ASSETS_TDAYS":6.022933099749,"TOTAL_ASSETS_TDAYS":2.53810600913,"PREMIUM_EXPENSE":null,"LOAN_DEPOSIT":null,"LOAN_EQUITY":null,"LOAN_ASSETS":null,"DEPOSIT_EQUITY":null,"DEPOSIT_ASSETS":null,"EQUITY_MULTIPLIER":2.157403632815,"EQUITY_RATIO":1.163956708254}],"count":8},"success":true,"message":"ok","code":0}