{"version":"bb16f688171492ed1aa7317bcf08c992","result":{"pages":2,"data":[{"SECUCODE":"06939.HK","SECURITY_CODE":"06939","SECURITY_NAME_ABBR":"美佳音控股","ORG_CODE":"10000081435","STD_REPORT_DATE":"2024-06-30 00:00:00","REPORT_DATE":"2024-06-30 00:00:00","DATE_TYPE_CODE":"002","REPORT_TYPE":"2024年中报","PER_NETCASH_OPERATE":0.007518072289,"PER_OI":0.126714216867,"BPS":0.696782650602,"BASIC_EPS":0.001,"DILUTED_EPS":0.001,"OPERATE_INCOME":65733000,"OPERATE_INCOME_YOY":-24.4951641434,"GROSS_PROFIT":21320000,"GROSS_PROFIT_YOY":-40.135901611726,"HOLDER_PROFIT":405000,"HOLDER_PROFIT_YOY":-97.2877042593,"GROSS_PROFIT_RATIO":32.434241552949,"EPS_TTM":0.016742168675,"OPERATE_INCOME_QOQ":-12.369920066824,"NET_PROFIT_RATIO":0.616128885,"ROE_AVG":0.110704889466,"GROSS_PROFIT_QOQ":-21.341654597847,"ROA":0.103109581299,"HOLDER_PROFIT_QOQ":-62.584008271584,"ROE_YEARLY":0.221409778932,"ROIC_YEARLY":0.436783654585,"TOTAL_ASSETS":395363000,"TOTAL_LIABILITIES":33907000,"TAX_EBT":5.594405594406,"OCF_SALES":5.933092967003,"TOTAL_PARENT_EQUITY":361456000,"DEBT_ASSET_RATIO":8.5761692419,"OPERATE_PROFIT":559000,"PRETAX_PROFIT":429000,"NETCASH_OPERATE":3900000,"NETCASH_INVEST":42804000,"NETCASH_FINANCE":-239000,"END_CASH":230853000,"DIVI_RATIO":1.064697635435,"DIVIDEND_RATE":3.782692307692,"CURRENT_RATIO":10.810618890573,"COMMON_ACS":750000000,"CURRENTDEBT_DEBT":99.262689120241,"ISSUED_COMMON_SHARES":518750000,"HK_COMMON_SHARES":518750000,"PER_SHARES":2000,"TOTAL_MARKET_CAP":269750000,"HKSK_MARKET_CAP":269750000,"PE_TTM":27.351747630539,"PB_TTM":0.681121436634,"REPORT_DATE_SQ":"2023-06-30 00:00:00","REPORT_TYPE_SQ":"2023年中报","OPERATE_INCOME_SQ":87058000,"DPS_HKD":0.01967,"OPERATE_INCOME_QOQ_SQ":6.433173556675,"NET_PROFIT_RATIO_SQ":17.1517838682,"HOLDER_PROFIT_SQ":14932000,"HOLDER_PROFIT_QOQ_SQ":-11.25813062461,"ROE_AVG_SQ":4.111646682555,"PE_TTM_SQ":7.224739918036,"PB_TTM_SQ":0.791554677479,"ROA_SQ":3.765614932333,"START_DATE":"2024-01-01 00:00:00","FISCAL_YEAR":"12-31","CURRENCY":"HKD","IS_CNY_CODE":0,"DPS_HKD_LY":0.01967,"ORG_TYPE":"一般企业","PREMIUM_INCOME":null,"PREMIUM_INCOME_YOY":null,"NET_INTEREST_INCOME":null,"NET_INTEREST_INCOME_YOY":null,"FEE_COMMISSION_INCOME":null,"FEE_COMMISSION_INCOME_YOY":null,"ACCOUNTS_RECE_TDAYS":1.153149834219,"INVENTORY_TDAYS":1.098380116236,"CURRENT_ASSETS_TDAYS":0.180503095433,"TOTAL_ASSETS_TDAYS":0.167350669321,"PREMIUM_EXPENSE":null,"LOAN_DEPOSIT":null,"LOAN_EQUITY":null,"LOAN_ASSETS":null,"DEPOSIT_EQUITY":null,"DEPOSIT_ASSETS":null,"EQUITY_MULTIPLIER":1.093806715063,"EQUITY_RATIO":0.093806715064},{"SECUCODE":"06939.HK","SECURITY_CODE":"06939","SECURITY_NAME_ABBR":"美佳音控股","ORG_CODE":"10000081435","STD_REPORT_DATE":"2023-12-31 00:00:00","REPORT_DATE":"2023-12-31 00:00:00","DATE_TYPE_CODE":"001","REPORT_TYPE":"2023年年报","PER_NETCASH_OPERATE":-0.017359036145,"PER_OI":0.332325783133,"BPS":0.713675180723,"BASIC_EPS":0.045,"DILUTED_EPS":0.045,"OPERATE_INCOME":172394000,"OPERATE_INCOME_YOY":-0.5612371443,"GROSS_PROFIT":66977000,"GROSS_PROFIT_YOY":-26.094344827586,"HOLDER_PROFIT":23212000,"HOLDER_PROFIT_YOY":-48.2936826161,"GROSS_PROFIT_RATIO":38.851120108589,"EPS_TTM":0.044746024096,"OPERATE_INCOME_QOQ":-6.571645350098,"NET_PROFIT_RATIO":13.4645057253,"ROE_AVG":6.324700855982,"GROSS_PROFIT_QOQ":-23.067115404496,"ROA":5.843311545525,"HOLDER_PROFIT_QOQ":-41.734022792309,"ROE_YEARLY":6.324700855982,"ROIC_YEARLY":13.919238195752,"TOTAL_ASSETS":390209000,"TOTAL_LIABILITIES":19990000,"TAX_EBT":15.139107227726,"OCF_SALES":-5.223499657761,"TOTAL_PARENT_EQUITY":370219000,"DEBT_ASSET_RATIO":5.122895679,"OPERATE_PROFIT":27497000,"PRETAX_PROFIT":27353000,"NETCASH_OPERATE":-9005000,"NETCASH_INVEST":-64358000,"NETCASH_FINANCE":-21106000,"END_CASH":183826000,"DIVI_RATIO":0.398367179207,"DIVIDEND_RATE":4.52183908046,"CURRENT_RATIO":19.311115820706,"COMMON_ACS":750000000,"CURRENTDEBT_DEBT":94.417208604302,"ISSUED_COMMON_SHARES":518750000,"HK_COMMON_SHARES":518750000,"PER_SHARES":2000,"TOTAL_MARKET_CAP":225656250,"HKSK_MARKET_CAP":225656250,"PE_TTM":22.880788883239,"PB_TTM":0.569784278723,"REPORT_DATE_SQ":"2022-12-31 00:00:00","REPORT_TYPE_SQ":"2022年年报","OPERATE_INCOME_SQ":173367000,"DPS_HKD":0.01967,"OPERATE_INCOME_QOQ_SQ":-1.836249363003,"NET_PROFIT_RATIO_SQ":25.8942013186,"HOLDER_PROFIT_SQ":44892000,"HOLDER_PROFIT_QOQ_SQ":2.551684751571,"ROE_AVG_SQ":12.993831895267,"PE_TTM_SQ":7.826801577872,"PB_TTM_SQ":0.857517567269,"ROA_SQ":11.745221930066,"START_DATE":"2023-01-01 00:00:00","FISCAL_YEAR":"12-31","CURRENCY":"HKD","IS_CNY_CODE":0,"DPS_HKD_LY":0.0382,"ORG_TYPE":"一般企业","PREMIUM_INCOME":null,"PREMIUM_INCOME_YOY":null,"NET_INTEREST_INCOME":null,"NET_INTEREST_INCOME_YOY":null,"FEE_COMMISSION_INCOME":null,"FEE_COMMISSION_INCOME_YOY":null,"ACCOUNTS_RECE_TDAYS":2.579474211841,"INVENTORY_TDAYS":3.453577512777,"CURRENT_ASSETS_TDAYS":0.460789436756,"TOTAL_ASSETS_TDAYS":0.433978912019,"PREMIUM_EXPENSE":null,"LOAN_DEPOSIT":null,"LOAN_EQUITY":null,"LOAN_ASSETS":null,"DEPOSIT_EQUITY":null,"DEPOSIT_ASSETS":null,"EQUITY_MULTIPLIER":1.053995067784,"EQUITY_RATIO":0.053995067784},{"SECUCODE":"06939.HK","SECURITY_CODE":"06939","SECURITY_NAME_ABBR":"美佳音控股","ORG_CODE":"10000081435","STD_REPORT_DATE":"2023-06-30 00:00:00","REPORT_DATE":"2023-06-30 00:00:00","DATE_TYPE_CODE":"002","REPORT_TYPE":"2023年中报","PER_NETCASH_OPERATE":0.023874698795,"PER_OI":0.167822650602,"BPS":0.698862650602,"BASIC_EPS":0.029,"DILUTED_EPS":0.029,"OPERATE_INCOME":87058000,"OPERATE_INCOME_YOY":14.6933667084,"GROSS_PROFIT":35614000,"GROSS_PROFIT_YOY":-9.10158244002,"HOLDER_PROFIT":14932000,"HOLDER_PROFIT_YOY":-25.287701391,"GROSS_PROFIT_RATIO":40.908359943945,"EPS_TTM":0.076796144578,"OPERATE_INCOME_QOQ":6.433173556675,"NET_PROFIT_RATIO":17.1517838682,"ROE_AVG":4.111646682555,"GROSS_PROFIT_QOQ":-3.934896551724,"ROA":3.765614932333,"HOLDER_PROFIT_QOQ":-11.25813062461,"ROE_YEARLY":8.22329336511,"ROIC_YEARLY":24.596935266671,"TOTAL_ASSETS":388799000,"TOTAL_LIABILITIES":26264000,"TAX_EBT":15.081892629663,"OCF_SALES":14.226148085185,"TOTAL_PARENT_EQUITY":362535000,"DEBT_ASSET_RATIO":6.7551614073,"OPERATE_PROFIT":17670000,"PRETAX_PROFIT":17584000,"NETCASH_OPERATE":12385000,"NETCASH_INVEST":1859000,"NETCASH_FINANCE":-20008000,"END_CASH":273113000,"DIVI_RATIO":0.23211252984,"DIVIDEND_RATE":4.52183908046,"CURRENT_RATIO":14.659193714785,"COMMON_ACS":750000000,"CURRENTDEBT_DEBT":95.956442278404,"ISSUED_COMMON_SHARES":518750000,"HK_COMMON_SHARES":518750000,"PER_SHARES":2000,"TOTAL_MARKET_CAP":225656250,"HKSK_MARKET_CAP":225656250,"PE_TTM":22.880788883239,"PB_TTM":0.569784278723,"REPORT_DATE_SQ":"2022-06-30 00:00:00","REPORT_TYPE_SQ":"2022年中报","OPERATE_INCOME_SQ":75905000,"DPS_HKD":0.01967,"OPERATE_INCOME_QOQ_SQ":5.208289896168,"NET_PROFIT_RATIO_SQ":26.3302812726,"HOLDER_PROFIT_SQ":19986000,"HOLDER_PROFIT_QOQ_SQ":40.021750951604,"ROE_AVG_SQ":6.016988826151,"PE_TTM_SQ":7.826801577872,"PB_TTM_SQ":0.857517567269,"ROA_SQ":5.447297951063,"START_DATE":"2023-01-01 00:00:00","FISCAL_YEAR":"12-31","CURRENCY":"HKD","IS_CNY_CODE":0,"DPS_HKD_LY":0.0382,"ORG_TYPE":"一般企业","PREMIUM_INCOME":null,"PREMIUM_INCOME_YOY":null,"NET_INTEREST_INCOME":null,"NET_INTEREST_INCOME_YOY":null,"FEE_COMMISSION_INCOME":null,"FEE_COMMISSION_INCOME_YOY":null,"ACCOUNTS_RECE_TDAYS":1.356825584839,"INVENTORY_TDAYS":2.155580230877,"CURRENT_ASSETS_TDAYS":0.231162824043,"TOTAL_ASSETS_TDAYS":0.219546547535,"PREMIUM_EXPENSE":null,"LOAN_DEPOSIT":null,"LOAN_EQUITY":null,"LOAN_ASSETS":null,"DEPOSIT_EQUITY":null,"DEPOSIT_ASSETS":null,"EQUITY_MULTIPLIER":1.072445419063,"EQUITY_RATIO":0.072445419063},{"SECUCODE":"06939.HK","SECURITY_CODE":"06939","SECURITY_NAME_ABBR":"美佳音控股","ORG_CODE":"10000081435","STD_REPORT_DATE":"2022-12-31 00:00:00","REPORT_DATE":"2022-12-31 00:00:00","DATE_TYPE_CODE":"001","REPORT_TYPE":"2022年年报","PER_NETCASH_OPERATE":0.106937831325,"PER_OI":0.334201445783,"BPS":0.701285783133,"BASIC_EPS":0.087,"DILUTED_EPS":0.087,"OPERATE_INCOME":173367000,"OPERATE_INCOME_YOY":3.2764033431,"GROSS_PROFIT":90625000,"GROSS_PROFIT_YOY":4.522282708987,"HOLDER_PROFIT":44892000,"HOLDER_PROFIT_YOY":43.5946646195,"GROSS_PROFIT_RATIO":52.273500723898,"EPS_TTM":0.086538795181,"OPERATE_INCOME_QOQ":-1.836249363003,"NET_PROFIT_RATIO":25.8942013186,"ROE_AVG":12.993831895267,"GROSS_PROFIT_QOQ":5.105366317572,"ROA":11.745221930066,"HOLDER_PROFIT_QOQ":2.551684751571,"ROE_YEARLY":12.993831895267,"ROIC_YEARLY":36.064783572737,"TOTAL_ASSETS":404272000,"TOTAL_LIABILITIES":40480000,"TAX_EBT":17.529485248191,"OCF_SALES":31.998015770014,"TOTAL_PARENT_EQUITY":363792000,"DEBT_ASSET_RATIO":10.0130605137,"OPERATE_PROFIT":54683000,"PRETAX_PROFIT":54434000,"NETCASH_OPERATE":55474000,"NETCASH_INVEST":-2606000,"NETCASH_FINANCE":-18993000,"END_CASH":277131000,"DIVI_RATIO":0.205980998034,"DIVIDEND_RATE":4.52183908046,"CURRENT_RATIO":9.890649966497,"COMMON_ACS":750000000,"CURRENTDEBT_DEBT":95.854743083004,"ISSUED_COMMON_SHARES":518750000,"HK_COMMON_SHARES":518750000,"PER_SHARES":2000,"TOTAL_MARKET_CAP":225656250,"HKSK_MARKET_CAP":225656250,"PE_TTM":22.880788883239,"PB_TTM":0.569784278723,"REPORT_DATE_SQ":"2021-12-31 00:00:00","REPORT_TYPE_SQ":"2021年年报","OPERATE_INCOME_SQ":167867000,"DPS_HKD":0.01967,"OPERATE_INCOME_QOQ_SQ":22.221089648846,"NET_PROFIT_RATIO_SQ":18.623672312,"HOLDER_PROFIT_SQ":31263000,"HOLDER_PROFIT_QOQ_SQ":45.348458784695,"ROE_AVG_SQ":12.478919395753,"PE_TTM_SQ":7.826801577872,"PB_TTM_SQ":0.857517567269,"ROA_SQ":11.217538729267,"START_DATE":"2022-01-01 00:00:00","FISCAL_YEAR":"12-31","CURRENCY":"HKD","IS_CNY_CODE":0,"DPS_HKD_LY":0.0296,"ORG_TYPE":"一般企业","PREMIUM_INCOME":null,"PREMIUM_INCOME_YOY":null,"NET_INTEREST_INCOME":null,"NET_INTEREST_INCOME_YOY":null,"FEE_COMMISSION_INCOME":null,"FEE_COMMISSION_INCOME_YOY":null,"ACCOUNTS_RECE_TDAYS":2.341911168747,"INVENTORY_TDAYS":4.332495549272,"CURRENT_ASSETS_TDAYS":0.478460355988,"TOTAL_ASSETS_TDAYS":0.453585024136,"PREMIUM_EXPENSE":null,"LOAN_DEPOSIT":null,"LOAN_EQUITY":null,"LOAN_ASSETS":null,"DEPOSIT_EQUITY":null,"DEPOSIT_ASSETS":null,"EQUITY_MULTIPLIER":1.111272375423,"EQUITY_RATIO":0.111272375423},{"SECUCODE":"06939.HK","SECURITY_CODE":"06939","SECURITY_NAME_ABBR":"美佳音控股","ORG_CODE":"10000081435","STD_REPORT_DATE":"2022-06-30 00:00:00","REPORT_DATE":"2022-06-30 00:00:00","DATE_TYPE_CODE":"002","REPORT_TYPE":"2022年中报","PER_NETCASH_OPERATE":0.03291373494,"PER_OI":0.146322891566,"BPS":0.649902650602,"BASIC_EPS":0.039,"DILUTED_EPS":0.039,"OPERATE_INCOME":75905000,"OPERATE_INCOME_YOY":13.0177779101,"GROSS_PROFIT":39180000,"GROSS_PROFIT_YOY":-1.212778296059,"HOLDER_PROFIT":19986000,"HOLDER_PROFIT_YOY":167.4070109714,"GROSS_PROFIT_RATIO":51.617153020223,"EPS_TTM":0.084385542169,"OPERATE_INCOME_QOQ":5.208289896168,"NET_PROFIT_RATIO":26.3302812726,"ROE_AVG":6.016988826151,"GROSS_PROFIT_QOQ":-0.55476102602,"ROA":5.447297951063,"HOLDER_PROFIT_QOQ":40.021750951604,"ROE_YEARLY":12.033977652303,"ROIC_YEARLY":31.844870579425,"TOTAL_ASSETS":373637000,"TOTAL_LIABILITIES":36500000,"TAX_EBT":15.48902702017,"OCF_SALES":22.493906857256,"TOTAL_PARENT_EQUITY":337137000,"DEBT_ASSET_RATIO":9.7688398098,"OPERATE_PROFIT":23801000,"PRETAX_PROFIT":23649000,"NETCASH_OPERATE":17074000,"NETCASH_INVEST":1021000,"NETCASH_FINANCE":-15184000,"END_CASH":244406000,"DIVI_RATIO":0.211236983752,"DIVIDEND_RATE":4.52183908046,"CURRENT_RATIO":10.445193830274,"COMMON_ACS":750000000,"CURRENTDEBT_DEBT":93.430136986301,"ISSUED_COMMON_SHARES":518750000,"HK_COMMON_SHARES":518750000,"PER_SHARES":2000,"TOTAL_MARKET_CAP":225656250,"HKSK_MARKET_CAP":225656250,"PE_TTM":22.880788883239,"PB_TTM":0.569784278723,"REPORT_DATE_SQ":"2021-06-30 00:00:00","REPORT_TYPE_SQ":"2021年中报","OPERATE_INCOME_SQ":67162000,"DPS_HKD":0.01967,"OPERATE_INCOME_QOQ_SQ":-12.396752198899,"NET_PROFIT_RATIO_SQ":11.1283166076,"HOLDER_PROFIT_SQ":7474000,"HOLDER_PROFIT_QOQ_SQ":-25.186086956522,"ROE_AVG_SQ":3.122845574994,"PE_TTM_SQ":7.826801577872,"PB_TTM_SQ":0.857517567269,"ROA_SQ":2.851828180595,"START_DATE":"2022-01-01 00:00:00","FISCAL_YEAR":"12-31","CURRENCY":"HKD","IS_CNY_CODE":0,"DPS_HKD_LY":0.0296,"ORG_TYPE":"一般企业","PREMIUM_INCOME":null,"PREMIUM_INCOME_YOY":null,"NET_INTEREST_INCOME":null,"NET_INTEREST_INCOME_YOY":null,"FEE_COMMISSION_INCOME":null,"FEE_COMMISSION_INCOME_YOY":null,"ACCOUNTS_RECE_TDAYS":1.019385857121,"INVENTORY_TDAYS":1.88396132044,"CURRENT_ASSETS_TDAYS":0.217769884897,"TOTAL_ASSETS_TDAYS":0.206883393863,"PREMIUM_EXPENSE":null,"LOAN_DEPOSIT":null,"LOAN_EQUITY":null,"LOAN_ASSETS":null,"DEPOSIT_EQUITY":null,"DEPOSIT_ASSETS":null,"EQUITY_MULTIPLIER":1.108264592733,"EQUITY_RATIO":0.108264592732},{"SECUCODE":"06939.HK","SECURITY_CODE":"06939","SECURITY_NAME_ABBR":"美佳音控股","ORG_CODE":"10000081435","STD_REPORT_DATE":"2021-12-31 00:00:00","REPORT_DATE":"2021-12-31 00:00:00","DATE_TYPE_CODE":"001","REPORT_TYPE":"2021年年报","PER_NETCASH_OPERATE":-0.008622650602,"PER_OI":0.323599036145,"BPS":0.630712289157,"BASIC_EPS":0.065,"DILUTED_EPS":0.065,"OPERATE_INCOME":167867000,"OPERATE_INCOME_YOY":7.0696440303,"GROSS_PROFIT":86704000,"GROSS_PROFIT_YOY":-0.422638735759,"HOLDER_PROFIT":31263000,"HOLDER_PROFIT_YOY":8.7408695652,"GROSS_PROFIT_RATIO":51.650413720386,"EPS_TTM":0.060266024096,"OPERATE_INCOME_QOQ":22.221089648846,"NET_PROFIT_RATIO":18.623672312,"ROE_AVG":12.478919395753,"GROSS_PROFIT_QOQ":7.733598409543,"ROA":11.217538729267,"HOLDER_PROFIT_QOQ":45.348458784695,"ROE_YEARLY":12.478919395753,"ROIC_YEARLY":31.969526536456,"TOTAL_ASSETS":360158000,"TOTAL_LIABILITIES":32976000,"TAX_EBT":18.651609377846,"OCF_SALES":-2.664609482507,"TOTAL_PARENT_EQUITY":327182000,"DEBT_ASSET_RATIO":9.1559815414,"OPERATE_PROFIT":38669000,"PRETAX_PROFIT":38431000,"NETCASH_OPERATE":-4473000,"NETCASH_INVEST":-5341000,"NETCASH_FINANCE":126732000,"END_CASH":238347000,"DIVI_RATIO":0.295777723307,"DIVIDEND_RATE":4.52183908046,"CURRENT_RATIO":11.319144697523,"COMMON_ACS":750000000,"CURRENTDEBT_DEBT":91.333090732654,"ISSUED_COMMON_SHARES":518750000,"HK_COMMON_SHARES":518750000,"PER_SHARES":2000,"TOTAL_MARKET_CAP":225656250,"HKSK_MARKET_CAP":225656250,"PE_TTM":22.880788883239,"PB_TTM":0.569784278723,"REPORT_DATE_SQ":"2020-12-31 00:00:00","REPORT_TYPE_SQ":"2020年年报","OPERATE_INCOME_SQ":156783000,"DPS_HKD":0.01967,"OPERATE_INCOME_QOQ_SQ":-0.534179222839,"NET_PROFIT_RATIO_SQ":18.3374472998,"HOLDER_PROFIT_SQ":28750000,"HOLDER_PROFIT_QOQ_SQ":-30.409314259434,"ROE_AVG_SQ":16.427679640248,"PE_TTM_SQ":7.826801577872,"PB_TTM_SQ":0.857517567269,"ROA_SQ":13.849347996782,"START_DATE":"2021-01-01 00:00:00","FISCAL_YEAR":"12-31","CURRENCY":"HKD","IS_CNY_CODE":0,"DPS_HKD_LY":0.0133,"ORG_TYPE":"一般企业","PREMIUM_INCOME":null,"PREMIUM_INCOME_YOY":null,"NET_INTEREST_INCOME":null,"NET_INTEREST_INCOME_YOY":null,"FEE_COMMISSION_INCOME":null,"FEE_COMMISSION_INCOME_YOY":null,"ACCOUNTS_RECE_TDAYS":3.000840185913,"INVENTORY_TDAYS":5.561966763749,"CURRENT_ASSETS_TDAYS":0.638311545101,"TOTAL_ASSETS_TDAYS":0.602326895649,"PREMIUM_EXPENSE":null,"LOAN_DEPOSIT":null,"LOAN_EQUITY":null,"LOAN_ASSETS":null,"DEPOSIT_EQUITY":null,"DEPOSIT_ASSETS":null,"EQUITY_MULTIPLIER":1.100787940656,"EQUITY_RATIO":0.100787940657},{"SECUCODE":"06939.HK","SECURITY_CODE":"06939","SECURITY_NAME_ABBR":"美佳音控股","ORG_CODE":"10000081435","STD_REPORT_DATE":"2021-06-30 00:00:00","REPORT_DATE":"2021-06-30 00:00:00","DATE_TYPE_CODE":"002","REPORT_TYPE":"2021年中报","PER_NETCASH_OPERATE":-0.009835180723,"PER_OI":0.129468915663,"BPS":0.587556626506,"BASIC_EPS":0.017,"DILUTED_EPS":0.017,"OPERATE_INCOME":67162000,"OPERATE_INCOME_YOY":-22.4439363496,"GROSS_PROFIT":39661000,"GROSS_PROFIT_YOY":-14.252048515772,"HOLDER_PROFIT":7474000,"HOLDER_PROFIT_YOY":-49.2082908597,"GROSS_PROFIT_RATIO":59.052738155505,"EPS_TTM":0.04146313253,"OPERATE_INCOME_QOQ":-12.396752198899,"NET_PROFIT_RATIO":11.1283166076,"ROE_AVG":3.122845574994,"GROSS_PROFIT_QOQ":-7.570746049247,"ROA":2.851828180595,"HOLDER_PROFIT_QOQ":-25.186086956522,"ROE_YEARLY":6.245691149988,"ROIC_YEARLY":19.154279856484,"TOTAL_ASSETS":326918000,"TOTAL_LIABILITIES":22123000,"TAX_EBT":28.016950784937,"OCF_SALES":-7.596557577201,"TOTAL_PARENT_EQUITY":304795000,"DEBT_ASSET_RATIO":6.7671403838,"OPERATE_PROFIT":10470000,"PRETAX_PROFIT":10383000,"NETCASH_OPERATE":-5102000,"NETCASH_INVEST":-1152000,"NETCASH_FINANCE":128053000,"END_CASH":244607000,"DIVI_RATIO":0.429908362255,"DIVIDEND_RATE":4.52183908046,"CURRENT_RATIO":14.616740498951,"COMMON_ACS":750000000,"CURRENTDEBT_DEBT":96.935316186774,"ISSUED_COMMON_SHARES":518750000,"HK_COMMON_SHARES":518750000,"PER_SHARES":2000,"TOTAL_MARKET_CAP":225656250,"HKSK_MARKET_CAP":225656250,"PE_TTM":22.880788883239,"PB_TTM":0.569784278723,"REPORT_DATE_SQ":"2020-06-30 00:00:00","REPORT_TYPE_SQ":"2020年中报","OPERATE_INCOME_SQ":86598000,"DPS_HKD":0.01967,"OPERATE_INCOME_QOQ_SQ":0,"NET_PROFIT_RATIO_SQ":16.9923092912,"HOLDER_PROFIT_SQ":14715000,"HOLDER_PROFIT_QOQ_SQ":0,"ROE_AVG_SQ":null,"PE_TTM_SQ":7.826801577872,"PB_TTM_SQ":0.857517567269,"ROA_SQ":null,"START_DATE":"2021-01-01 00:00:00","FISCAL_YEAR":"12-31","CURRENCY":"HKD","IS_CNY_CODE":0,"DPS_HKD_LY":0.0133,"ORG_TYPE":"一般企业","PREMIUM_INCOME":null,"PREMIUM_INCOME_YOY":null,"NET_INTEREST_INCOME":null,"NET_INTEREST_INCOME_YOY":null,"FEE_COMMISSION_INCOME":null,"FEE_COMMISSION_INCOME_YOY":null,"ACCOUNTS_RECE_TDAYS":1.561017559762,"INVENTORY_TDAYS":2.253903208622,"CURRENT_ASSETS_TDAYS":0.26944663984,"TOTAL_ASSETS_TDAYS":0.256267707071,"PREMIUM_EXPENSE":null,"LOAN_DEPOSIT":null,"LOAN_EQUITY":null,"LOAN_ASSETS":null,"DEPOSIT_EQUITY":null,"DEPOSIT_ASSETS":null,"EQUITY_MULTIPLIER":1.072583211667,"EQUITY_RATIO":0.072583211667},{"SECUCODE":"06939.HK","SECURITY_CODE":"06939","SECURITY_NAME_ABBR":"美佳音控股","ORG_CODE":"10000081435","STD_REPORT_DATE":"2020-12-31 00:00:00","REPORT_DATE":"2020-12-31 00:00:00","DATE_TYPE_CODE":"001","REPORT_TYPE":"2020年年报","PER_NETCASH_OPERATE":9.289155175758,"PER_OI":19.9931582,"BPS":0.335173012048,"BASIC_EPS":0.077,"DILUTED_EPS":0.077,"OPERATE_INCOME":156783000,"OPERATE_INCOME_YOY":-0.5341792228,"GROSS_PROFIT":87072000,"GROSS_PROFIT_YOY":-1.178072863466,"HOLDER_PROFIT":28750000,"HOLDER_PROFIT_YOY":-30.4093142594,"GROSS_PROFIT_RATIO":55.536633436023,"EPS_TTM":3.666234848485,"OPERATE_INCOME_QOQ":-0.534179222839,"NET_PROFIT_RATIO":18.3374472998,"ROE_AVG":16.427679640248,"GROSS_PROFIT_QOQ":-1.178072863466,"ROA":13.849347996782,"HOLDER_PROFIT_QOQ":-30.409314259434,"ROE_YEARLY":16.427679640248,"ROIC_YEARLY":27.694026759654,"TOTAL_ASSETS":197237000,"TOTAL_LIABILITIES":23366000,"TAX_EBT":20.001113027993,"OCF_SALES":46.461669951462,"TOTAL_PARENT_EQUITY":173871000,"DEBT_ASSET_RATIO":11.8466616304,"OPERATE_PROFIT":36051000,"PRETAX_PROFIT":35938000,"NETCASH_OPERATE":72844000,"NETCASH_INVEST":-879000,"NETCASH_FINANCE":-31238000,"END_CASH":123468000,"DIVI_RATIO":0.004862030976,"DIVIDEND_RATE":4.52183908046,"CURRENT_RATIO":8.474698905527,"COMMON_ACS":750000000,"CURRENTDEBT_DEBT":93.456304031499,"ISSUED_COMMON_SHARES":518750000,"HK_COMMON_SHARES":518750000,"PER_SHARES":2000,"TOTAL_MARKET_CAP":225656250,"HKSK_MARKET_CAP":225656250,"PE_TTM":22.880788883239,"PB_TTM":0.569784278723,"REPORT_DATE_SQ":"2019-12-31 00:00:00","REPORT_TYPE_SQ":"2019年年报","OPERATE_INCOME_SQ":157625000,"DPS_HKD":0.01967,"OPERATE_INCOME_QOQ_SQ":-35.946408325646,"NET_PROFIT_RATIO_SQ":26.2096748612,"HOLDER_PROFIT_SQ":41313000,"HOLDER_PROFIT_QOQ_SQ":-34.090075142388,"ROE_AVG_SQ":24.930301603968,"PE_TTM_SQ":7.826801577872,"PB_TTM_SQ":0.857517567269,"ROA_SQ":19.242825802425,"START_DATE":"2020-01-01 00:00:00","FISCAL_YEAR":"12-31","CURRENCY":"HKD","IS_CNY_CODE":0,"DPS_HKD_LY":null,"ORG_TYPE":"一般企业","PREMIUM_INCOME":null,"PREMIUM_INCOME_YOY":null,"NET_INTEREST_INCOME":null,"NET_INTEREST_INCOME_YOY":null,"FEE_COMMISSION_INCOME":null,"FEE_COMMISSION_INCOME_YOY":null,"ACCOUNTS_RECE_TDAYS":2.504460755733,"INVENTORY_TDAYS":3.655628097223,"CURRENT_ASSETS_TDAYS":0.803171025332,"TOTAL_ASSETS_TDAYS":0.755249505036,"PREMIUM_EXPENSE":null,"LOAN_DEPOSIT":null,"LOAN_EQUITY":null,"LOAN_ASSETS":null,"DEPOSIT_EQUITY":null,"DEPOSIT_ASSETS":null,"EQUITY_MULTIPLIER":1.134386988054,"EQUITY_RATIO":0.134386988054},{"SECUCODE":"06939.HK","SECURITY_CODE":"06939","SECURITY_NAME_ABBR":"美佳音控股","ORG_CODE":"10000081435","STD_REPORT_DATE":"2020-06-30 00:00:00","REPORT_DATE":"2020-06-30 00:00:00","DATE_TYPE_CODE":"002","REPORT_TYPE":"2020年中报","PER_NETCASH_OPERATE":null,"PER_OI":null,"BPS":null,"BASIC_EPS":0.039,"DILUTED_EPS":0.039,"OPERATE_INCOME":86598000,"OPERATE_INCOME_YOY":null,"GROSS_PROFIT":46253000,"GROSS_PROFIT_YOY":null,"HOLDER_PROFIT":14715000,"HOLDER_PROFIT_YOY":null,"GROSS_PROFIT_RATIO":53.411164230121,"EPS_TTM":5.607175627273,"OPERATE_INCOME_QOQ":0,"NET_PROFIT_RATIO":16.9923092912,"ROE_AVG":null,"GROSS_PROFIT_QOQ":0,"ROA":null,"HOLDER_PROFIT_QOQ":0,"ROE_YEARLY":null,"ROIC_YEARLY":null,"TOTAL_ASSETS":null,"TOTAL_LIABILITIES":null,"TAX_EBT":21.80359230524,"OCF_SALES":55.386960437885,"TOTAL_PARENT_EQUITY":null,"DEBT_ASSET_RATIO":null,"OPERATE_PROFIT":18882000,"PRETAX_PROFIT":18818000,"NETCASH_OPERATE":47964000,"NETCASH_INVEST":-481000,"NETCASH_FINANCE":-30440000,"END_CASH":100920000,"DIVI_RATIO":0.003179024269,"DIVIDEND_RATE":4.52183908046,"CURRENT_RATIO":null,"COMMON_ACS":750000000,"CURRENTDEBT_DEBT":null,"ISSUED_COMMON_SHARES":518750000,"HK_COMMON_SHARES":518750000,"PER_SHARES":2000,"TOTAL_MARKET_CAP":225656250,"HKSK_MARKET_CAP":225656250,"PE_TTM":22.880788883239,"PB_TTM":0.569784278723,"REPORT_DATE_SQ":"2019-06-30 00:00:00","REPORT_TYPE_SQ":"2019年中报","OPERATE_INCOME_SQ":null,"DPS_HKD":0.01967,"OPERATE_INCOME_QOQ_SQ":0,"NET_PROFIT_RATIO_SQ":null,"HOLDER_PROFIT_SQ":null,"HOLDER_PROFIT_QOQ_SQ":0,"ROE_AVG_SQ":null,"PE_TTM_SQ":7.826801577872,"PB_TTM_SQ":0.857517567269,"ROA_SQ":null,"START_DATE":"2020-01-01 00:00:00","FISCAL_YEAR":"12-31","CURRENCY":"HKD","IS_CNY_CODE":0,"DPS_HKD_LY":null,"ORG_TYPE":"一般企业","PREMIUM_INCOME":null,"PREMIUM_INCOME_YOY":null,"NET_INTEREST_INCOME":null,"NET_INTEREST_INCOME_YOY":null,"FEE_COMMISSION_INCOME":null,"FEE_COMMISSION_INCOME_YOY":null,"ACCOUNTS_RECE_TDAYS":null,"INVENTORY_TDAYS":null,"CURRENT_ASSETS_TDAYS":0.843426768218,"TOTAL_ASSETS_TDAYS":0.794677556264,"PREMIUM_EXPENSE":null,"LOAN_DEPOSIT":null,"LOAN_EQUITY":null,"LOAN_ASSETS":null,"DEPOSIT_EQUITY":null,"DEPOSIT_ASSETS":null,"EQUITY_MULTIPLIER":null,"EQUITY_RATIO":null}],"count":12},"success":true,"message":"ok","code":0}