{"version":"4f412f48ecc8f9047a72b432e66a538a","result":{"pages":2,"data":[{"SECUCODE":"06933.HK","SECURITY_CODE":"06933","SECURITY_NAME_ABBR":"新娱科控股","ORG_CODE":"10000021793","STD_REPORT_DATE":"2024-06-30 00:00:00","REPORT_DATE":"2024-06-30 00:00:00","DATE_TYPE_CODE":"002","REPORT_TYPE":"2024年中报","PER_NETCASH_OPERATE":-0.02520262039,"PER_OI":0.073096036163,"BPS":0.241482324263,"BASIC_EPS":-0.0138,"DILUTED_EPS":-0.0138,"OPERATE_INCOME":30323000,"OPERATE_INCOME_YOY":3393.4331797235,"GROSS_PROFIT":2263000,"GROSS_PROFIT_YOY":279.061976549414,"HOLDER_PROFIT":-5561000,"HOLDER_PROFIT_YOY":58.4534927157,"GROSS_PROFIT_RATIO":7.462981894931,"EPS_TTM":-0.230340620634,"OPERATE_INCOME_QOQ":327.350522338297,"NET_PROFIT_RATIO":-19.7341951654,"ROE_AVG":-5.620436111883,"GROSS_PROFIT_QOQ":11.590371504105,"ROA":-3.944754986806,"HOLDER_PROFIT_QOQ":7.568341426609,"ROE_YEARLY":-11.240872223766,"ROIC_YEARLY":-19.433523789555,"TOTAL_ASSETS":143535000,"TOTAL_LIABILITIES":36581000,"TAX_EBT":-31.69014084507,"OCF_SALES":-34.478778484978,"TOTAL_PARENT_EQUITY":100176000,"DEBT_ASSET_RATIO":25.4857700212,"OPERATE_PROFIT":-4060000,"PRETAX_PROFIT":-4544000,"NETCASH_OPERATE":-10455000,"NETCASH_INVEST":3583000,"NETCASH_FINANCE":-15000,"END_CASH":74132000,"DIVI_RATIO":null,"DIVIDEND_RATE":null,"CURRENT_RATIO":3.50206391296,"COMMON_ACS":500000000,"CURRENTDEBT_DEBT":100,"ISSUED_COMMON_SHARES":414837816,"HK_COMMON_SHARES":414837816,"PER_SHARES":2000,"TOTAL_MARKET_CAP":74670806.88,"HKSK_MARKET_CAP":74670806.88,"PE_TTM":-0.706765711129,"PB_TTM":0.680308177839,"REPORT_DATE_SQ":"2023-06-30 00:00:00","REPORT_TYPE_SQ":"2023年中报","OPERATE_INCOME_SQ":868000,"DPS_HKD":null,"OPERATE_INCOME_QOQ_SQ":-75.491789952853,"NET_PROFIT_RATIO_SQ":-1636.0599078341,"HOLDER_PROFIT_SQ":-13385000,"HOLDER_PROFIT_QOQ_SQ":6.669059215586,"ROE_AVG_SQ":-7.167988518366,"PE_TTM_SQ":-1.020177308418,"PB_TTM_SQ":0.516588612324,"ROA_SQ":-4.767179297228,"START_DATE":"2024-01-01 00:00:00","FISCAL_YEAR":"12-31","CURRENCY":"HKD","IS_CNY_CODE":0,"DPS_HKD_LY":null,"ORG_TYPE":"一般企业","PREMIUM_INCOME":null,"PREMIUM_INCOME_YOY":null,"NET_INTEREST_INCOME":null,"NET_INTEREST_INCOME_YOY":null,"FEE_COMMISSION_INCOME":null,"FEE_COMMISSION_INCOME_YOY":null,"ACCOUNTS_RECE_TDAYS":0.726090704468,"INVENTORY_TDAYS":null,"CURRENT_ASSETS_TDAYS":0.244094456497,"TOTAL_ASSETS_TDAYS":0.215099452374,"PREMIUM_EXPENSE":null,"LOAN_DEPOSIT":null,"LOAN_EQUITY":null,"LOAN_ASSETS":null,"DEPOSIT_EQUITY":null,"DEPOSIT_ASSETS":null,"EQUITY_MULTIPLIER":1.342025543691,"EQUITY_RATIO":0.365167305542},{"SECUCODE":"06933.HK","SECURITY_CODE":"06933","SECURITY_NAME_ABBR":"新娱科控股","ORG_CODE":"10000021793","STD_REPORT_DATE":"2023-12-31 00:00:00","REPORT_DATE":"2023-12-31 00:00:00","DATE_TYPE_CODE":"001","REPORT_TYPE":"2023年年报","PER_NETCASH_OPERATE":-0.057451367934,"PER_OI":0.021690404425,"BPS":0.235535421872,"BASIC_EPS":-0.2575,"DILUTED_EPS":-0.2575,"OPERATE_INCOME":8998000,"OPERATE_INCOME_YOY":-26.8574215575,"GROSS_PROFIT":-14374000,"GROSS_PROFIT_YOY":-287.022078621432,"HOLDER_PROFIT":-103378000,"HOLDER_PROFIT_YOY":-6.0015380672,"GROSS_PROFIT_RATIO":-159.746610357857,"EPS_TTM":-0.249201003411,"OPERATE_INCOME_QOQ":198.441127694859,"NET_PROFIT_RATIO":-1162.6028006224,"ROE_AVG":-71.715325302375,"GROSS_PROFIT_QOQ":-314.475201845444,"ROA":-42.890274614258,"HOLDER_PROFIT_QOQ":-13.575987958823,"ROE_YEARLY":-71.715325302375,"ROIC_YEARLY":-70.582773182397,"TOTAL_ASSETS":138409000,"TOTAL_LIABILITIES":33697000,"TAX_EBT":-2.483443708609,"OCF_SALES":-264.86997110469,"TOTAL_PARENT_EQUITY":97709000,"DEBT_ASSET_RATIO":24.3459601616,"OPERATE_PROFIT":-100403000,"PRETAX_PROFIT":-102076000,"NETCASH_OPERATE":-23833000,"NETCASH_INVEST":2022000,"NETCASH_FINANCE":4639000,"END_CASH":79569000,"DIVI_RATIO":null,"DIVIDEND_RATE":null,"CURRENT_RATIO":3.571356500579,"COMMON_ACS":500000000,"CURRENTDEBT_DEBT":100,"ISSUED_COMMON_SHARES":414837816,"HK_COMMON_SHARES":414837816,"PER_SHARES":2000,"TOTAL_MARKET_CAP":78819185.04,"HKSK_MARKET_CAP":78819185.04,"PE_TTM":-0.746030472859,"PB_TTM":0.718103076608,"REPORT_DATE_SQ":"2022-12-31 00:00:00","REPORT_TYPE_SQ":"2022年年报","OPERATE_INCOME_SQ":12302000,"DPS_HKD":null,"OPERATE_INCOME_QOQ_SQ":-76.650786721582,"NET_PROFIT_RATIO_SQ":-804.4139164364,"HOLDER_PROFIT_SQ":-97525000,"HOLDER_PROFIT_QOQ_SQ":-223.380197625837,"ROE_AVG_SQ":-40.809366591764,"PE_TTM_SQ":-0.995395673395,"PB_TTM_SQ":0.504039901093,"ROA_SQ":-30.30863372626,"START_DATE":"2023-01-01 00:00:00","FISCAL_YEAR":"12-31","CURRENCY":"HKD","IS_CNY_CODE":0,"DPS_HKD_LY":null,"ORG_TYPE":"一般企业","PREMIUM_INCOME":null,"PREMIUM_INCOME_YOY":null,"NET_INTEREST_INCOME":null,"NET_INTEREST_INCOME_YOY":null,"FEE_COMMISSION_INCOME":null,"FEE_COMMISSION_INCOME_YOY":null,"ACCOUNTS_RECE_TDAYS":0.128252456937,"INVENTORY_TDAYS":null,"CURRENT_ASSETS_TDAYS":0.040064652006,"TOTAL_ASSETS_TDAYS":0.0373316074,"PREMIUM_EXPENSE":null,"LOAN_DEPOSIT":null,"LOAN_EQUITY":null,"LOAN_ASSETS":null,"DEPOSIT_EQUITY":null,"DEPOSIT_ASSETS":null,"EQUITY_MULTIPLIER":1.321806478723,"EQUITY_RATIO":0.344870994484},{"SECUCODE":"06933.HK","SECURITY_CODE":"06933","SECURITY_NAME_ABBR":"新娱科控股","ORG_CODE":"10000021793","STD_REPORT_DATE":"2023-06-30 00:00:00","REPORT_DATE":"2023-06-30 00:00:00","DATE_TYPE_CODE":"002","REPORT_TYPE":"2023年中报","PER_NETCASH_OPERATE":-0.002778812195,"PER_OI":0.002121379934,"BPS":0.440832520437,"BASIC_EPS":-0.0334,"DILUTED_EPS":-0.0334,"OPERATE_INCOME":868000,"OPERATE_INCOME_YOY":-91.4524864599,"GROSS_PROFIT":597000,"GROSS_PROFIT_YOY":70.08547008547,"HOLDER_PROFIT":-13385000,"HOLDER_PROFIT_YOY":32.7014932877,"GROSS_PROFIT_RATIO":68.778801843318,"EPS_TTM":-0.222454058744,"OPERATE_INCOME_QOQ":-75.491789952853,"NET_PROFIT_RATIO":-1636.0599078341,"ROE_AVG":-7.167988518366,"GROSS_PROFIT_QOQ":6.623586429725,"ROA":-4.767179297228,"HOLDER_PROFIT_QOQ":6.669059215586,"ROE_YEARLY":-14.335977036732,"ROIC_YEARLY":-14.424929209,"TOTAL_ASSETS":217899000,"TOTAL_LIABILITIES":27450000,"TAX_EBT":7.533533012111,"OCF_SALES":-130.990783410138,"TOTAL_PARENT_EQUITY":182874000,"DEBT_ASSET_RATIO":12.5975796126,"OPERATE_PROFIT":-14189000,"PRETAX_PROFIT":-15358000,"NETCASH_OPERATE":-1137000,"NETCASH_INVEST":-21290000,"NETCASH_FINANCE":2545000,"END_CASH":80251000,"DIVI_RATIO":null,"DIVIDEND_RATE":null,"CURRENT_RATIO":7.279599271403,"COMMON_ACS":500000000,"CURRENTDEBT_DEBT":100,"ISSUED_COMMON_SHARES":414837816,"HK_COMMON_SHARES":414837816,"PER_SHARES":2000,"TOTAL_MARKET_CAP":102879778.368,"HKSK_MARKET_CAP":102879778.368,"PE_TTM":-0.973766090889,"PB_TTM":0.937313489468,"REPORT_DATE_SQ":"2022-06-30 00:00:00","REPORT_TYPE_SQ":"2022年中报","OPERATE_INCOME_SQ":10155000,"DPS_HKD":null,"OPERATE_INCOME_QOQ_SQ":-49.469151313455,"NET_PROFIT_RATIO_SQ":-196.0905957656,"HOLDER_PROFIT_SQ":-19889000,"HOLDER_PROFIT_QOQ_SQ":-922.305084745763,"ROE_AVG_SQ":-7.228355184852,"PE_TTM_SQ":-1.218430388596,"PB_TTM_SQ":0.616978302168,"ROA_SQ":-6.138627612867,"START_DATE":"2023-01-01 00:00:00","FISCAL_YEAR":"12-31","CURRENCY":"HKD","IS_CNY_CODE":0,"DPS_HKD_LY":null,"ORG_TYPE":"一般企业","PREMIUM_INCOME":null,"PREMIUM_INCOME_YOY":null,"NET_INTEREST_INCOME":null,"NET_INTEREST_INCOME_YOY":null,"FEE_COMMISSION_INCOME":null,"FEE_COMMISSION_INCOME_YOY":null,"ACCOUNTS_RECE_TDAYS":0.008583266586,"INVENTORY_TDAYS":null,"CURRENT_ASSETS_TDAYS":0.003283805128,"TOTAL_ASSETS_TDAYS":0.003091454337,"PREMIUM_EXPENSE":null,"LOAN_DEPOSIT":null,"LOAN_EQUITY":null,"LOAN_ASSETS":null,"DEPOSIT_EQUITY":null,"DEPOSIT_ASSETS":null,"EQUITY_MULTIPLIER":1.144133074997,"EQUITY_RATIO":0.150103349847},{"SECUCODE":"06933.HK","SECURITY_CODE":"06933","SECURITY_NAME_ABBR":"新娱科控股","ORG_CODE":"10000021793","STD_REPORT_DATE":"2022-12-31 00:00:00","REPORT_DATE":"2022-12-31 00:00:00","DATE_TYPE_CODE":"001","REPORT_TYPE":"2022年年报","PER_NETCASH_OPERATE":-0.004159664341,"PER_OI":0.030065916993,"BPS":0.459437381668,"BASIC_EPS":-0.2437,"DILUTED_EPS":-0.2437,"OPERATE_INCOME":12302000,"OPERATE_INCOME_YOY":-88.2014443688,"GROSS_PROFIT":-3714000,"GROSS_PROFIT_YOY":-112.893147260987,"HOLDER_PROFIT":-97525000,"HOLDER_PROFIT_YOY":-3205.9322033898,"GROSS_PROFIT_RATIO":-30.1902129735,"EPS_TTM":-0.238349744333,"OPERATE_INCOME_QOQ":-76.650786721582,"NET_PROFIT_RATIO":-804.4139164364,"ROE_AVG":-40.809366591764,"GROSS_PROFIT_QOQ":-147.873163186388,"ROA":-30.30863372626,"HOLDER_PROFIT_QOQ":-223.380197625837,"ROE_YEARLY":-40.809366591764,"ROIC_YEARLY":-43.082978634112,"TOTAL_ASSETS":343649000,"TOTAL_LIABILITIES":145077000,"TAX_EBT":8.139092335255,"OCF_SALES":-13.8351487563,"TOTAL_PARENT_EQUITY":190592000,"DEBT_ASSET_RATIO":42.216622193,"OPERATE_PROFIT":-105773000,"PRETAX_PROFIT":-107727000,"NETCASH_OPERATE":-1702000,"NETCASH_INVEST":-8414000,"NETCASH_FINANCE":13924000,"END_CASH":94579000,"DIVI_RATIO":null,"DIVIDEND_RATE":null,"CURRENT_RATIO":2.26682384084,"COMMON_ACS":500000000,"CURRENTDEBT_DEBT":99.989660662958,"ISSUED_COMMON_SHARES":414837816,"HK_COMMON_SHARES":414837816,"PER_SHARES":2000,"TOTAL_MARKET_CAP":78819185.04,"HKSK_MARKET_CAP":78819185.04,"PE_TTM":-0.746030472859,"PB_TTM":0.718103076608,"REPORT_DATE_SQ":"2021-12-31 00:00:00","REPORT_TYPE_SQ":"2021年年报","OPERATE_INCOME_SQ":104267000,"DPS_HKD":null,"OPERATE_INCOME_QOQ_SQ":-46.834829873699,"NET_PROFIT_RATIO_SQ":-2.8292748425,"HOLDER_PROFIT_SQ":-2950000,"HOLDER_PROFIT_QOQ_SQ":-106.827913435945,"ROE_AVG_SQ":-1.022186647817,"PE_TTM_SQ":-0.995395673395,"PB_TTM_SQ":0.504039901093,"ROA_SQ":-0.959404193735,"START_DATE":"2022-01-01 00:00:00","FISCAL_YEAR":"12-31","CURRENCY":"HKD","IS_CNY_CODE":0,"DPS_HKD_LY":null,"ORG_TYPE":"一般企业","PREMIUM_INCOME":null,"PREMIUM_INCOME_YOY":null,"NET_INTEREST_INCOME":null,"NET_INTEREST_INCOME_YOY":null,"FEE_COMMISSION_INCOME":null,"FEE_COMMISSION_INCOME_YOY":null,"ACCOUNTS_RECE_TDAYS":0.08578680911,"INVENTORY_TDAYS":null,"CURRENT_ASSETS_TDAYS":0.041267546339,"TOTAL_ASSETS_TDAYS":0.038231921261,"PREMIUM_EXPENSE":null,"LOAN_DEPOSIT":null,"LOAN_EQUITY":null,"LOAN_ASSETS":null,"DEPOSIT_EQUITY":null,"DEPOSIT_ASSETS":null,"EQUITY_MULTIPLIER":1.730601494672,"EQUITY_RATIO":0.761191445601},{"SECUCODE":"06933.HK","SECURITY_CODE":"06933","SECURITY_NAME_ABBR":"新娱科控股","ORG_CODE":"10000021793","STD_REPORT_DATE":"2022-06-30 00:00:00","REPORT_DATE":"2022-06-30 00:00:00","DATE_TYPE_CODE":"002","REPORT_TYPE":"2022年中报","PER_NETCASH_OPERATE":-0.232039372225,"PER_OI":0.024818678838,"BPS":0.633845300159,"BASIC_EPS":-0.0497,"DILUTED_EPS":-0.0497,"OPERATE_INCOME":10155000,"OPERATE_INCOME_YOY":-83.5506600794,"GROSS_PROFIT":351000,"GROSS_PROFIT_YOY":-98.359736436282,"HOLDER_PROFIT":-19889000,"HOLDER_PROFIT_YOY":-371.7447738762,"GROSS_PROFIT_RATIO":3.456425406204,"EPS_TTM":-0.073705732782,"OPERATE_INCOME_QOQ":-49.469151313455,"NET_PROFIT_RATIO":-196.0905957656,"ROE_AVG":-7.228355184852,"GROSS_PROFIT_QOQ":-73.068110810248,"ROA":-6.138627612867,"HOLDER_PROFIT_QOQ":-922.305084745763,"ROE_YEARLY":-14.456710369704,"ROIC_YEARLY":-14.681966995287,"TOTAL_ASSETS":348098000,"TOTAL_LIABILITIES":75784000,"TAX_EBT":0.315378454145,"OCF_SALES":-934.938453963565,"TOTAL_PARENT_EQUITY":262943000,"DEBT_ASSET_RATIO":21.7708806141,"OPERATE_PROFIT":-19527000,"PRETAX_PROFIT":-19976000,"NETCASH_OPERATE":-98000,"NETCASH_INVEST":-93551000,"NETCASH_FINANCE":13947000,"END_CASH":8506000,"DIVI_RATIO":null,"DIVIDEND_RATE":null,"CURRENT_RATIO":4.190581834509,"COMMON_ACS":500000000,"CURRENTDEBT_DEBT":99.923466694817,"ISSUED_COMMON_SHARES":414837816,"HK_COMMON_SHARES":414837816,"PER_SHARES":2000,"TOTAL_MARKET_CAP":102879778.368,"HKSK_MARKET_CAP":102879778.368,"PE_TTM":-0.973766090889,"PB_TTM":0.937313489468,"REPORT_DATE_SQ":"2021-06-30 00:00:00","REPORT_TYPE_SQ":"2021年中报","OPERATE_INCOME_SQ":61735000,"DPS_HKD":null,"OPERATE_INCOME_QOQ_SQ":-18.428539342667,"NET_PROFIT_RATIO_SQ":11.8555114603,"HOLDER_PROFIT_SQ":7319000,"HOLDER_PROFIT_QOQ_SQ":-23.238873589766,"ROE_AVG_SQ":2.493768984792,"PE_TTM_SQ":-1.218430388596,"PB_TTM_SQ":0.616978302168,"ROA_SQ":2.33235501254,"START_DATE":"2022-01-01 00:00:00","FISCAL_YEAR":"12-31","CURRENCY":"HKD","IS_CNY_CODE":0,"DPS_HKD_LY":null,"ORG_TYPE":"一般企业","PREMIUM_INCOME":null,"PREMIUM_INCOME_YOY":null,"NET_INTEREST_INCOME":null,"NET_INTEREST_INCOME_YOY":null,"FEE_COMMISSION_INCOME":null,"FEE_COMMISSION_INCOME_YOY":null,"ACCOUNTS_RECE_TDAYS":0.059583356558,"INVENTORY_TDAYS":null,"CURRENT_ASSETS_TDAYS":0.034734989644,"TOTAL_ASSETS_TDAYS":0.031342834435,"PREMIUM_EXPENSE":null,"LOAN_DEPOSIT":null,"LOAN_EQUITY":null,"LOAN_ASSETS":null,"DEPOSIT_EQUITY":null,"DEPOSIT_ASSETS":null,"EQUITY_MULTIPLIER":1.278296378446,"EQUITY_RATIO":0.288214556006},{"SECUCODE":"06933.HK","SECURITY_CODE":"06933","SECURITY_NAME_ABBR":"新娱科控股","ORG_CODE":"10000021793","STD_REPORT_DATE":"2021-12-31 00:00:00","REPORT_DATE":"2021-12-31 00:00:00","DATE_TYPE_CODE":"001","REPORT_TYPE":"2021年年报","PER_NETCASH_OPERATE":-0.044335,"PER_OI":0.2606675,"BPS":0.692709268337,"BASIC_EPS":-0.0074,"DILUTED_EPS":-0.0074,"OPERATE_INCOME":104267000,"OPERATE_INCOME_YOY":-56.632394167,"GROSS_PROFIT":28806000,"GROSS_PROFIT_YOY":-74.250008939107,"HOLDER_PROFIT":-2950000,"HOLDER_PROFIT_YOY":-105.2411832637,"GROSS_PROFIT_RATIO":27.627149529573,"EPS_TTM":-0.007375,"OPERATE_INCOME_QOQ":-46.834829873699,"NET_PROFIT_RATIO":-2.8292748425,"ROE_AVG":-1.022186647817,"GROSS_PROFIT_QOQ":-68.070319341144,"ROA":-0.959404193735,"HOLDER_PROFIT_QOQ":-106.827913435945,"ROE_YEARLY":-1.022186647817,"ROIC_YEARLY":-1.403048181626,"TOTAL_ASSETS":299897000,"TOTAL_LIABILITIES":12535000,"TAX_EBT":-15.414710485133,"OCF_SALES":-17.008257646235,"TOTAL_PARENT_EQUITY":287362000,"DEBT_ASSET_RATIO":4.1797683871,"OPERATE_PROFIT":-2545000,"PRETAX_PROFIT":-2556000,"NETCASH_OPERATE":-17734000,"NETCASH_INVEST":205000,"NETCASH_FINANCE":-157000,"END_CASH":88256000,"DIVI_RATIO":null,"DIVIDEND_RATE":null,"CURRENT_RATIO":21.503699533537,"COMMON_ACS":500000000,"CURRENTDEBT_DEBT":99.194256082968,"ISSUED_COMMON_SHARES":414837816,"HK_COMMON_SHARES":414837816,"PER_SHARES":2000,"TOTAL_MARKET_CAP":78819185.04,"HKSK_MARKET_CAP":78819185.04,"PE_TTM":-0.746030472859,"PB_TTM":0.718103076608,"REPORT_DATE_SQ":"2020-12-31 00:00:00","REPORT_TYPE_SQ":"2020年年报","OPERATE_INCOME_SQ":240426000,"DPS_HKD":null,"OPERATE_INCOME_QOQ_SQ":11.116965226554,"NET_PROFIT_RATIO_SQ":23.4105296432,"HOLDER_PROFIT_SQ":56285000,"HOLDER_PROFIT_QOQ_SQ":-4.278838795259,"ROE_AVG_SQ":26.878023389635,"PE_TTM_SQ":-0.995395673395,"PB_TTM_SQ":0.504039901093,"ROA_SQ":24.201992144081,"START_DATE":"2021-01-01 00:00:00","FISCAL_YEAR":"12-31","CURRENCY":"HKD","IS_CNY_CODE":0,"DPS_HKD_LY":null,"ORG_TYPE":"一般企业","PREMIUM_INCOME":null,"PREMIUM_INCOME_YOY":null,"NET_INTEREST_INCOME":null,"NET_INTEREST_INCOME_YOY":null,"FEE_COMMISSION_INCOME":null,"FEE_COMMISSION_INCOME_YOY":null,"ACCOUNTS_RECE_TDAYS":0.593491723777,"INVENTORY_TDAYS":null,"CURRENT_ASSETS_TDAYS":0.382056355575,"TOTAL_ASSETS_TDAYS":0.339098973112,"PREMIUM_EXPENSE":null,"LOAN_DEPOSIT":null,"LOAN_EQUITY":null,"LOAN_ASSETS":null,"DEPOSIT_EQUITY":null,"DEPOSIT_ASSETS":null,"EQUITY_MULTIPLIER":1.04362093805,"EQUITY_RATIO":0.04362093805},{"SECUCODE":"06933.HK","SECURITY_CODE":"06933","SECURITY_NAME_ABBR":"新娱科控股","ORG_CODE":"10000021793","STD_REPORT_DATE":"2021-06-30 00:00:00","REPORT_DATE":"2021-06-30 00:00:00","DATE_TYPE_CODE":"002","REPORT_TYPE":"2021年中报","PER_NETCASH_OPERATE":0.0011625,"PER_OI":0.1543375,"BPS":0.716306442034,"BASIC_EPS":0.0183,"DILUTED_EPS":null,"OPERATE_INCOME":61735000,"OPERATE_INCOME_YOY":-41.7825012731,"GROSS_PROFIT":21399000,"GROSS_PROFIT_YOY":-50.292682926829,"HOLDER_PROFIT":7319000,"HOLDER_PROFIT_YOY":-64.1207902348,"GROSS_PROFIT_RATIO":34.662671094193,"EPS_TTM":0.1080125,"OPERATE_INCOME_QOQ":-18.428539342667,"NET_PROFIT_RATIO":11.8555114603,"ROE_AVG":2.493768984792,"GROSS_PROFIT_QOQ":-19.354060142311,"ROA":2.33235501254,"HOLDER_PROFIT_QOQ":-23.238873589766,"ROE_YEARLY":4.987537969583,"ROIC_YEARLY":7.05571595899,"TOTAL_ASSETS":312538000,"TOTAL_LIABILITIES":15387000,"TAX_EBT":5.597833096866,"OCF_SALES":0.753219405524,"TOTAL_PARENT_EQUITY":297151000,"DEBT_ASSET_RATIO":4.9232413339,"OPERATE_PROFIT":7758000,"PRETAX_PROFIT":7753000,"NETCASH_OPERATE":465000,"NETCASH_INVEST":99000,"NETCASH_FINANCE":-74000,"END_CASH":106484000,"DIVI_RATIO":null,"DIVIDEND_RATE":null,"CURRENT_RATIO":18.148715932914,"COMMON_ACS":500000000,"CURRENTDEBT_DEBT":99.200623903295,"ISSUED_COMMON_SHARES":414837816,"HK_COMMON_SHARES":414837816,"PER_SHARES":2000,"TOTAL_MARKET_CAP":102879778.368,"HKSK_MARKET_CAP":102879778.368,"PE_TTM":-0.973766090889,"PB_TTM":0.937313489468,"REPORT_DATE_SQ":"2020-06-30 00:00:00","REPORT_TYPE_SQ":"2020年中报","OPERATE_INCOME_SQ":106042000,"DPS_HKD":null,"OPERATE_INCOME_QOQ_SQ":15.269298385808,"NET_PROFIT_RATIO_SQ":19.236717527,"HOLDER_PROFIT_SQ":20399000,"HOLDER_PROFIT_QOQ_SQ":16.437623762376,"ROE_AVG_SQ":14.655980687644,"PE_TTM_SQ":-1.218430388596,"PB_TTM_SQ":0.616978302168,"ROA_SQ":12.435874379319,"START_DATE":"2021-01-01 00:00:00","FISCAL_YEAR":"12-31","CURRENCY":"HKD","IS_CNY_CODE":0,"DPS_HKD_LY":null,"ORG_TYPE":"一般企业","PREMIUM_INCOME":null,"PREMIUM_INCOME_YOY":null,"NET_INTEREST_INCOME":null,"NET_INTEREST_INCOME_YOY":null,"FEE_COMMISSION_INCOME":null,"FEE_COMMISSION_INCOME_YOY":null,"ACCOUNTS_RECE_TDAYS":0.360196624706,"INVENTORY_TDAYS":null,"CURRENT_ASSETS_TDAYS":0.222282232004,"TOTAL_ASSETS_TDAYS":0.196731707473,"PREMIUM_EXPENSE":null,"LOAN_DEPOSIT":null,"LOAN_EQUITY":null,"LOAN_ASSETS":null,"DEPOSIT_EQUITY":null,"DEPOSIT_ASSETS":null,"EQUITY_MULTIPLIER":1.051781754058,"EQUITY_RATIO":0.051781754058},{"SECUCODE":"06933.HK","SECURITY_CODE":"06933","SECURITY_NAME_ABBR":"新娱科控股","ORG_CODE":"10000021793","STD_REPORT_DATE":"2020-12-31 00:00:00","REPORT_DATE":"2020-12-31 00:00:00","DATE_TYPE_CODE":"001","REPORT_TYPE":"2020年年报","PER_NETCASH_OPERATE":-0.05913,"PER_OI":0.601065,"BPS":0.698663402471,"BASIC_EPS":0.1567,"DILUTED_EPS":0.1567,"OPERATE_INCOME":240426000,"OPERATE_INCOME_YOY":28.0837462043,"GROSS_PROFIT":111868000,"GROSS_PROFIT_YOY":47.557806708612,"HOLDER_PROFIT":56285000,"HOLDER_PROFIT_YOY":11.4554455446,"GROSS_PROFIT_RATIO":46.529077554008,"EPS_TTM":0.1407125,"OPERATE_INCOME_QOQ":11.116965226554,"NET_PROFIT_RATIO":23.4105296432,"ROE_AVG":26.878023389635,"GROSS_PROFIT_QOQ":21.517722330245,"ROA":24.201992144081,"HOLDER_PROFIT_QOQ":-4.278838795259,"ROE_YEARLY":26.878023389635,"ROIC_YEARLY":36.317355030617,"TOTAL_ASSETS":315068000,"TOTAL_LIABILITIES":25236000,"TAX_EBT":1.131233641905,"OCF_SALES":-9.837538369394,"TOTAL_PARENT_EQUITY":289832000,"DEBT_ASSET_RATIO":8.0096994934,"OPERATE_PROFIT":57403000,"PRETAX_PROFIT":56929000,"NETCASH_OPERATE":-23652000,"NETCASH_INVEST":-24616000,"NETCASH_FINANCE":107972000,"END_CASH":106196000,"DIVI_RATIO":null,"DIVIDEND_RATE":null,"CURRENT_RATIO":11.043628286995,"COMMON_ACS":500000000,"CURRENTDEBT_DEBT":99.908860358218,"ISSUED_COMMON_SHARES":414837816,"HK_COMMON_SHARES":414837816,"PER_SHARES":2000,"TOTAL_MARKET_CAP":102879778.368,"HKSK_MARKET_CAP":102879778.368,"PE_TTM":-0.973766090889,"PB_TTM":0.937313489468,"REPORT_DATE_SQ":"2019-12-31 00:00:00","REPORT_TYPE_SQ":"2019年年报","OPERATE_INCOME_SQ":187710000,"DPS_HKD":null,"OPERATE_INCOME_QOQ_SQ":24.13533138466,"NET_PROFIT_RATIO_SQ":26.9032017474,"HOLDER_PROFIT_SQ":50500000,"HOLDER_PROFIT_QOQ_SQ":28.201873524409,"ROE_AVG_SQ":48.681267833732,"PE_TTM_SQ":-1.218430388596,"PB_TTM_SQ":0.616978302168,"ROA_SQ":38.20504382232,"START_DATE":"2020-01-01 00:00:00","FISCAL_YEAR":"12-31","CURRENCY":"HKD","IS_CNY_CODE":0,"DPS_HKD_LY":null,"ORG_TYPE":"一般企业","PREMIUM_INCOME":null,"PREMIUM_INCOME_YOY":null,"NET_INTEREST_INCOME":null,"NET_INTEREST_INCOME_YOY":null,"FEE_COMMISSION_INCOME":null,"FEE_COMMISSION_INCOME_YOY":null,"ACCOUNTS_RECE_TDAYS":1.856012475008,"INVENTORY_TDAYS":null,"CURRENT_ASSETS_TDAYS":1.160796923545,"TOTAL_ASSETS_TDAYS":1.033807970726,"PREMIUM_EXPENSE":null,"LOAN_DEPOSIT":null,"LOAN_EQUITY":null,"LOAN_ASSETS":null,"DEPOSIT_EQUITY":null,"DEPOSIT_ASSETS":null,"EQUITY_MULTIPLIER":1.087071130862,"EQUITY_RATIO":0.087071130862},{"SECUCODE":"06933.HK","SECURITY_CODE":"06933","SECURITY_NAME_ABBR":"新娱科控股","ORG_CODE":"10000021793","STD_REPORT_DATE":"2020-06-30 00:00:00","REPORT_DATE":"2020-06-30 00:00:00","DATE_TYPE_CODE":"002","REPORT_TYPE":"2020年中报","PER_NETCASH_OPERATE":-0.03213,"PER_OI":1.06042,"BPS":0.360104586029,"BASIC_EPS":0.063,"DILUTED_EPS":null,"OPERATE_INCOME":106042000,"OPERATE_INCOME_YOY":37.040578961,"GROSS_PROFIT":43050000,"GROSS_PROFIT_YOY":60.610356663185,"HOLDER_PROFIT":20399000,"HOLDER_PROFIT_YOY":68.6146470491,"GROSS_PROFIT_RATIO":40.597121895098,"EPS_TTM":0.58801,"OPERATE_INCOME_QOQ":15.269298385808,"NET_PROFIT_RATIO":19.236717527,"ROE_AVG":14.655980687644,"GROSS_PROFIT_QOQ":21.429042512498,"ROA":12.435874379319,"HOLDER_PROFIT_QOQ":16.437623762376,"ROE_YEARLY":29.311961375287,"ROIC_YEARLY":34.075713599633,"TOTAL_ASSETS":178008000,"TOTAL_LIABILITIES":28623000,"TAX_EBT":3.253497747214,"OCF_SALES":-3.029931536561,"TOTAL_PARENT_EQUITY":149385000,"DEBT_ASSET_RATIO":16.0796143994,"OPERATE_PROFIT":21089000,"PRETAX_PROFIT":21085000,"NETCASH_OPERATE":-3213000,"NETCASH_INVEST":-5053000,"NETCASH_FINANCE":-1129000,"END_CASH":39643000,"DIVI_RATIO":null,"DIVIDEND_RATE":null,"CURRENT_RATIO":5.562344967334,"COMMON_ACS":500000000,"CURRENTDEBT_DEBT":100,"ISSUED_COMMON_SHARES":414837816,"HK_COMMON_SHARES":414837816,"PER_SHARES":2000,"TOTAL_MARKET_CAP":102879778.368,"HKSK_MARKET_CAP":102879778.368,"PE_TTM":-0.973766090889,"PB_TTM":0.937313489468,"REPORT_DATE_SQ":"2019-06-30 00:00:00","REPORT_TYPE_SQ":"2019年中报","OPERATE_INCOME_SQ":77380000,"DPS_HKD":null,"OPERATE_INCOME_QOQ_SQ":0,"NET_PROFIT_RATIO_SQ":15.6345308865,"HOLDER_PROFIT_SQ":12098000,"HOLDER_PROFIT_QOQ_SQ":0,"ROE_AVG_SQ":null,"PE_TTM_SQ":-1.218430388596,"PB_TTM_SQ":0.616978302168,"ROA_SQ":null,"START_DATE":"2020-01-01 00:00:00","FISCAL_YEAR":"12-31","CURRENCY":"HKD","IS_CNY_CODE":0,"DPS_HKD_LY":null,"ORG_TYPE":"一般企业","PREMIUM_INCOME":null,"PREMIUM_INCOME_YOY":null,"NET_INTEREST_INCOME":null,"NET_INTEREST_INCOME_YOY":null,"FEE_COMMISSION_INCOME":null,"FEE_COMMISSION_INCOME_YOY":null,"ACCOUNTS_RECE_TDAYS":1.0275437381,"INVENTORY_TDAYS":null,"CURRENT_ASSETS_TDAYS":0.718902007044,"TOTAL_ASSETS_TDAYS":0.64646550857,"PREMIUM_EXPENSE":null,"LOAN_DEPOSIT":null,"LOAN_EQUITY":null,"LOAN_ASSETS":null,"DEPOSIT_EQUITY":null,"DEPOSIT_ASSETS":null,"EQUITY_MULTIPLIER":1.191605582891,"EQUITY_RATIO":0.19160558289}],"count":14},"success":true,"message":"ok","code":0}