{"version":"964eca9ceab4b1db6bc60aebc066d047","result":{"pages":2,"data":[{"SECUCODE":"06958.HK","SECURITY_CODE":"06958","SECURITY_NAME_ABBR":"正荣服务","ORG_CODE":"10000071459","STD_REPORT_DATE":"2024-06-30 00:00:00","REPORT_DATE":"2024-06-30 00:00:00","DATE_TYPE_CODE":"002","REPORT_TYPE":"2024年中报","PER_NETCASH_OPERATE":0.00117686747,"PER_OI":0.528323855422,"BPS":1.028711325301,"BASIC_EPS":-0.01,"DILUTED_EPS":-0.01,"OPERATE_INCOME":548136000,"OPERATE_INCOME_YOY":-9.6184635983,"GROSS_PROFIT":111152000,"GROSS_PROFIT_YOY":-28.996320523303,"HOLDER_PROFIT":-15133000,"HOLDER_PROFIT_YOY":-197.9672428303,"GROSS_PROFIT_RATIO":20.278179138024,"EPS_TTM":-0.107729156627,"OPERATE_INCOME_QOQ":-5.092348077657,"NET_PROFIT_RATIO":-2.7139250113,"ROE_AVG":-1.407904940134,"GROSS_PROFIT_QOQ":-18.552184148574,"ROA":-0.79865759238,"HOLDER_PROFIT_QOQ":-37.665200950868,"ROE_YEARLY":-2.815809880268,"ROIC_YEARLY":-2.284536767259,"TOTAL_ASSETS":1942891000,"TOTAL_LIABILITIES":871342000,"TAX_EBT":-1234.17040358744,"OCF_SALES":0.222754936731,"TOTAL_PARENT_EQUITY":1067288000,"DEBT_ASSET_RATIO":44.8477037569,"OPERATE_PROFIT":6489000,"PRETAX_PROFIT":-1115000,"NETCASH_OPERATE":1221000,"NETCASH_INVEST":-2556000,"NETCASH_FINANCE":-27769000,"END_CASH":547400000,"DIVI_RATIO":null,"DIVIDEND_RATE":null,"CURRENT_RATIO":1.435534013855,"COMMON_ACS":20000000000,"CURRENTDEBT_DEBT":79.7008522486,"ISSUED_COMMON_SHARES":1037500000,"HK_COMMON_SHARES":1037500000,"PER_SHARES":1000,"TOTAL_MARKET_CAP":148362500,"HKSK_MARKET_CAP":148362500,"PE_TTM":-1.206927010993,"PB_TTM":0.12687061646,"REPORT_DATE_SQ":"2023-06-30 00:00:00","REPORT_TYPE_SQ":"2023年中报","OPERATE_INCOME_SQ":606469000,"DPS_HKD":null,"OPERATE_INCOME_QOQ_SQ":0.058792965522,"NET_PROFIT_RATIO_SQ":2.5414324557,"HOLDER_PROFIT_SQ":15447000,"HOLDER_PROFIT_QOQ_SQ":2.515942358687,"ROE_AVG_SQ":1.318736481927,"PE_TTM_SQ":-0.653550815359,"PB_TTM_SQ":0.157390182723,"ROA_SQ":0.774644691237,"START_DATE":"2024-01-01 00:00:00","FISCAL_YEAR":"12-31","CURRENCY":"HKD","IS_CNY_CODE":0,"DPS_HKD_LY":null,"ORG_TYPE":"一般企业","PREMIUM_INCOME":null,"PREMIUM_INCOME_YOY":null,"NET_INTEREST_INCOME":null,"NET_INTEREST_INCOME_YOY":null,"FEE_COMMISSION_INCOME":null,"FEE_COMMISSION_INCOME_YOY":null,"ACCOUNTS_RECE_TDAYS":1.883337628202,"INVENTORY_TDAYS":null,"CURRENT_ASSETS_TDAYS":0.537566106432,"TOTAL_ASSETS_TDAYS":0.289283670162,"PREMIUM_EXPENSE":null,"LOAN_DEPOSIT":null,"LOAN_EQUITY":null,"LOAN_ASSETS":null,"DEPOSIT_EQUITY":null,"DEPOSIT_ASSETS":null,"EQUITY_MULTIPLIER":1.813161134021,"EQUITY_RATIO":0.816407567592},{"SECUCODE":"06958.HK","SECURITY_CODE":"06958","SECURITY_NAME_ABBR":"正荣服务","ORG_CODE":"10000071459","STD_REPORT_DATE":"2023-12-31 00:00:00","REPORT_DATE":"2023-12-31 00:00:00","DATE_TYPE_CODE":"001","REPORT_TYPE":"2023年年报","PER_NETCASH_OPERATE":0.130447228916,"PER_OI":1.104099277108,"BPS":1.043306987952,"BASIC_EPS":-0.08,"DILUTED_EPS":-0.08,"OPERATE_INCOME":1145503000,"OPERATE_INCOME_YOY":0.3688798582,"GROSS_PROFIT":244672000,"GROSS_PROFIT_YOY":-3.236624798304,"HOLDER_PROFIT":-81189000,"HOLDER_PROFIT_YOY":71.1405984516,"GROSS_PROFIT_RATIO":21.359350433827,"EPS_TTM":-0.078254457831,"OPERATE_INCOME_QOQ":0.309904690516,"NET_PROFIT_RATIO":-7.1528402806,"ROE_AVG":-7.229414525078,"GROSS_PROFIT_QOQ":13.109123269306,"ROA":-4.241553684735,"HOLDER_PROFIT_QOQ":70.395773168811,"ROE_YEARLY":-7.229414525078,"ROIC_YEARLY":-6.378432947656,"TOTAL_ASSETS":1846718000,"TOTAL_LIABILITIES":758176000,"TAX_EBT":-44.773482224892,"OCF_SALES":11.814809738604,"TOTAL_PARENT_EQUITY":1082431000,"DEBT_ASSET_RATIO":41.0553208449,"OPERATE_PROFIT":-49732000,"PRETAX_PROFIT":-56596000,"NETCASH_OPERATE":135339000,"NETCASH_INVEST":-145309000,"NETCASH_FINANCE":-98584000,"END_CASH":576514000,"DIVI_RATIO":null,"DIVIDEND_RATE":null,"CURRENT_RATIO":1.430731813103,"COMMON_ACS":20000000000,"CURRENTDEBT_DEBT":96.095629510826,"ISSUED_COMMON_SHARES":1037500000,"HK_COMMON_SHARES":1037500000,"PER_SHARES":1000,"TOTAL_MARKET_CAP":180525000,"HKSK_MARKET_CAP":180525000,"PE_TTM":-1.468568530859,"PB_TTM":0.154374036811,"REPORT_DATE_SQ":"2022-12-31 00:00:00","REPORT_TYPE_SQ":"2022年年报","OPERATE_INCOME_SQ":1141293000,"DPS_HKD":null,"OPERATE_INCOME_QOQ_SQ":-9.232018476603,"NET_PROFIT_RATIO_SQ":-24.5992045864,"HOLDER_PROFIT_SQ":-281326000,"HOLDER_PROFIT_QOQ_SQ":-443.616865350792,"ROE_AVG_SQ":-21.518114505104,"PE_TTM_SQ":-0.690607820354,"PB_TTM_SQ":0.166314368341,"ROA_SQ":-12.503052698408,"START_DATE":"2023-01-01 00:00:00","FISCAL_YEAR":"12-31","CURRENCY":"HKD","IS_CNY_CODE":0,"DPS_HKD_LY":null,"ORG_TYPE":"一般企业","PREMIUM_INCOME":null,"PREMIUM_INCOME_YOY":null,"NET_INTEREST_INCOME":null,"NET_INTEREST_INCOME_YOY":null,"FEE_COMMISSION_INCOME":null,"FEE_COMMISSION_INCOME_YOY":null,"ACCOUNTS_RECE_TDAYS":3.867238113887,"INVENTORY_TDAYS":null,"CURRENT_ASSETS_TDAYS":1.000261088854,"TOTAL_ASSETS_TDAYS":0.598444674836,"PREMIUM_EXPENSE":null,"LOAN_DEPOSIT":null,"LOAN_EQUITY":null,"LOAN_ASSETS":null,"DEPOSIT_EQUITY":null,"DEPOSIT_ASSETS":null,"EQUITY_MULTIPLIER":1.696505968535,"EQUITY_RATIO":0.700438180355},{"SECUCODE":"06958.HK","SECURITY_CODE":"06958","SECURITY_NAME_ABBR":"正荣服务","ORG_CODE":"10000071459","STD_REPORT_DATE":"2023-06-30 00:00:00","REPORT_DATE":"2023-06-30 00:00:00","DATE_TYPE_CODE":"002","REPORT_TYPE":"2023年中报","PER_NETCASH_OPERATE":0.035243373494,"PER_OI":0.584548433735,"BPS":1.136437590361,"BASIC_EPS":0.01,"DILUTED_EPS":0.01,"OPERATE_INCOME":606469000,"OPERATE_INCOME_YOY":0.1107629936,"GROSS_PROFIT":156544000,"GROSS_PROFIT_YOY":-18.924825853899,"HOLDER_PROFIT":15447000,"HOLDER_PROFIT_YOY":84.5740231808,"GROSS_PROFIT_RATIO":25.812366336944,"EPS_TTM":-0.264335421687,"OPERATE_INCOME_QOQ":0.058792965522,"NET_PROFIT_RATIO":2.5414324557,"ROE_AVG":1.318736481927,"GROSS_PROFIT_QOQ":-14.451308254501,"ROA":0.774644691237,"HOLDER_PROFIT_QOQ":2.515942358687,"ROE_YEARLY":2.637472963853,"ROIC_YEARLY":2.37305438,"TOTAL_ASSETS":2006602000,"TOTAL_LIABILITIES":821689000,"TAX_EBT":52.506701999815,"OCF_SALES":6.029162249019,"TOTAL_PARENT_EQUITY":1179054000,"DEBT_ASSET_RATIO":40.9492764385,"OPERATE_PROFIT":36048000,"PRETAX_PROFIT":32453000,"NETCASH_OPERATE":36565000,"NETCASH_INVEST":-1907000,"NETCASH_FINANCE":-43676000,"END_CASH":676037000,"DIVI_RATIO":null,"DIVIDEND_RATE":null,"CURRENT_RATIO":1.670208168401,"COMMON_ACS":20000000000,"CURRENTDEBT_DEBT":95.463490444682,"ISSUED_COMMON_SHARES":1037500000,"HK_COMMON_SHARES":1037500000,"PER_SHARES":1000,"TOTAL_MARKET_CAP":180525000,"HKSK_MARKET_CAP":180525000,"PE_TTM":-1.468568530859,"PB_TTM":0.154374036811,"REPORT_DATE_SQ":"2022-06-30 00:00:00","REPORT_TYPE_SQ":"2022年中报","OPERATE_INCOME_SQ":605798000,"DPS_HKD":null,"OPERATE_INCOME_QOQ_SQ":-5.870242882853,"NET_PROFIT_RATIO_SQ":1.5239403233,"HOLDER_PROFIT_SQ":8369000,"HOLDER_PROFIT_QOQ_SQ":-53.102911019716,"ROE_AVG_SQ":0.576292276382,"PE_TTM_SQ":-0.690607820354,"PB_TTM_SQ":0.166314368341,"ROA_SQ":0.343931765976,"START_DATE":"2023-01-01 00:00:00","FISCAL_YEAR":"12-31","CURRENCY":"HKD","IS_CNY_CODE":0,"DPS_HKD_LY":null,"ORG_TYPE":"一般企业","PREMIUM_INCOME":null,"PREMIUM_INCOME_YOY":null,"NET_INTEREST_INCOME":null,"NET_INTEREST_INCOME_YOY":null,"FEE_COMMISSION_INCOME":null,"FEE_COMMISSION_INCOME_YOY":null,"ACCOUNTS_RECE_TDAYS":1.811921048189,"INVENTORY_TDAYS":null,"CURRENT_ASSETS_TDAYS":0.474147107262,"TOTAL_ASSETS_TDAYS":0.304135425163,"PREMIUM_EXPENSE":null,"LOAN_DEPOSIT":null,"LOAN_EQUITY":null,"LOAN_ASSETS":null,"DEPOSIT_EQUITY":null,"DEPOSIT_ASSETS":null,"EQUITY_MULTIPLIER":1.693459351025,"EQUITY_RATIO":0.696905315617},{"SECUCODE":"06958.HK","SECURITY_CODE":"06958","SECURITY_NAME_ABBR":"正荣服务","ORG_CODE":"10000071459","STD_REPORT_DATE":"2022-12-31 00:00:00","REPORT_DATE":"2022-12-31 00:00:00","DATE_TYPE_CODE":"001","REPORT_TYPE":"2022年年报","PER_NETCASH_OPERATE":0.00272,"PER_OI":1.100041445783,"BPS":1.121583614458,"BASIC_EPS":-0.27,"DILUTED_EPS":-0.27,"OPERATE_INCOME":1141293000,"OPERATE_INCOME_YOY":-14.5603194519,"GROSS_PROFIT":252856000,"GROSS_PROFIT_YOY":-40.936813116225,"HOLDER_PROFIT":-281326000,"HOLDER_PROFIT_YOY":-261.1463070948,"GROSS_PROFIT_RATIO":22.155222190971,"EPS_TTM":-0.271157590361,"OPERATE_INCOME_QOQ":-9.232018476603,"NET_PROFIT_RATIO":-24.5992045864,"ROE_AVG":-21.518114505104,"GROSS_PROFIT_QOQ":-34.047830815899,"ROA":-12.503052698408,"HOLDER_PROFIT_QOQ":-443.616865350792,"ROE_YEARLY":-21.518114505104,"ROIC_YEARLY":-18.485383408126,"TOTAL_ASSETS":1981549000,"TOTAL_LIABILITIES":812258000,"TAX_EBT":7.313280576822,"OCF_SALES":0.247263410886,"TOTAL_PARENT_EQUITY":1163643000,"DEBT_ASSET_RATIO":40.9910630522,"OPERATE_PROFIT":-291182000,"PRETAX_PROFIT":-302901000,"NETCASH_OPERATE":2822000,"NETCASH_INVEST":-8383000,"NETCASH_FINANCE":-46270000,"END_CASH":685091000,"DIVI_RATIO":null,"DIVIDEND_RATE":null,"CURRENT_RATIO":1.632517606923,"COMMON_ACS":20000000000,"CURRENTDEBT_DEBT":94.11689389332,"ISSUED_COMMON_SHARES":1037500000,"HK_COMMON_SHARES":1037500000,"PER_SHARES":1000,"TOTAL_MARKET_CAP":180525000,"HKSK_MARKET_CAP":180525000,"PE_TTM":-1.468568530859,"PB_TTM":0.154374036811,"REPORT_DATE_SQ":"2021-12-31 00:00:00","REPORT_TYPE_SQ":"2021年年报","OPERATE_INCOME_SQ":1335788000,"DPS_HKD":null,"OPERATE_INCOME_QOQ_SQ":-0.55892372195,"NET_PROFIT_RATIO_SQ":13.2985922916,"HOLDER_PROFIT_SQ":174578000,"HOLDER_PROFIT_QOQ_SQ":-18.091949385143,"ROE_AVG_SQ":12.404705855603,"PE_TTM_SQ":-0.690607820354,"PB_TTM_SQ":0.166314368341,"ROA_SQ":7.768952670169,"START_DATE":"2022-01-01 00:00:00","FISCAL_YEAR":"12-31","CURRENCY":"HKD","IS_CNY_CODE":0,"DPS_HKD_LY":null,"ORG_TYPE":"一般企业","PREMIUM_INCOME":null,"PREMIUM_INCOME_YOY":null,"NET_INTEREST_INCOME":null,"NET_INTEREST_INCOME_YOY":null,"FEE_COMMISSION_INCOME":null,"FEE_COMMISSION_INCOME_YOY":null,"ACCOUNTS_RECE_TDAYS":3.845981206371,"INVENTORY_TDAYS":null,"CURRENT_ASSETS_TDAYS":0.848369630664,"TOTAL_ASSETS_TDAYS":0.507228145402,"PREMIUM_EXPENSE":null,"LOAN_DEPOSIT":null,"LOAN_EQUITY":null,"LOAN_ASSETS":null,"DEPOSIT_EQUITY":null,"DEPOSIT_ASSETS":null,"EQUITY_MULTIPLIER":1.69465855805,"EQUITY_RATIO":0.698030237796},{"SECUCODE":"06958.HK","SECURITY_CODE":"06958","SECURITY_NAME_ABBR":"正荣服务","ORG_CODE":"10000071459","STD_REPORT_DATE":"2022-06-30 00:00:00","REPORT_DATE":"2022-06-30 00:00:00","DATE_TYPE_CODE":"002","REPORT_TYPE":"2022年中报","PER_NETCASH_OPERATE":-0.008275662651,"PER_OI":0.583901686747,"BPS":1.400760481928,"BASIC_EPS":0.01,"DILUTED_EPS":0.01,"OPERATE_INCOME":605798000,"OPERATE_INCOME_YOY":-11.4604830082,"GROSS_PROFIT":193085000,"GROSS_PROFIT_YOY":-18.804640816138,"HOLDER_PROFIT":8369000,"HOLDER_PROFIT_YOY":-91.7200098936,"GROSS_PROFIT_RATIO":31.872835499622,"EPS_TTM":0.078912771084,"OPERATE_INCOME_QOQ":-5.870242882853,"NET_PROFIT_RATIO":1.5239403233,"ROE_AVG":0.576292276382,"GROSS_PROFIT_QOQ":-10.44542186489,"ROA":0.343931765976,"HOLDER_PROFIT_QOQ":-53.102911019716,"ROE_YEARLY":1.152584552764,"ROIC_YEARLY":0.975488079149,"TOTAL_ASSETS":2348095000,"TOTAL_LIABILITIES":888872000,"TAX_EBT":-24.069345518076,"OCF_SALES":-1.417304117874,"TOTAL_PARENT_EQUITY":1453289000,"DEBT_ASSET_RATIO":37.8550271603,"OPERATE_PROFIT":13922000,"PRETAX_PROFIT":7441000,"NETCASH_OPERATE":-8586000,"NETCASH_INVEST":-1320000,"NETCASH_FINANCE":-57031000,"END_CASH":669936000,"DIVI_RATIO":null,"DIVIDEND_RATE":null,"CURRENT_RATIO":1.694712346877,"COMMON_ACS":20000000000,"CURRENTDEBT_DEBT":87.311896426032,"ISSUED_COMMON_SHARES":1037500000,"HK_COMMON_SHARES":1037500000,"PER_SHARES":1000,"TOTAL_MARKET_CAP":180525000,"HKSK_MARKET_CAP":180525000,"PE_TTM":-1.468568530859,"PB_TTM":0.154374036811,"REPORT_DATE_SQ":"2021-06-30 00:00:00","REPORT_TYPE_SQ":"2021年中报","OPERATE_INCOME_SQ":684212000,"DPS_HKD":null,"OPERATE_INCOME_QOQ_SQ":21.813064043411,"NET_PROFIT_RATIO_SQ":15.0150830444,"HOLDER_PROFIT_SQ":101075000,"HOLDER_PROFIT_QOQ_SQ":24.172866406054,"ROE_AVG_SQ":7.352882337151,"PE_TTM_SQ":-0.690607820354,"PB_TTM_SQ":0.166314368341,"ROA_SQ":4.178705120263,"START_DATE":"2022-01-01 00:00:00","FISCAL_YEAR":"12-31","CURRENCY":"HKD","IS_CNY_CODE":0,"DPS_HKD_LY":null,"ORG_TYPE":"一般企业","PREMIUM_INCOME":null,"PREMIUM_INCOME_YOY":null,"NET_INTEREST_INCOME":null,"NET_INTEREST_INCOME_YOY":null,"FEE_COMMISSION_INCOME":null,"FEE_COMMISSION_INCOME_YOY":null,"ACCOUNTS_RECE_TDAYS":1.893837816546,"INVENTORY_TDAYS":null,"CURRENT_ASSETS_TDAYS":0.439335367085,"TOTAL_ASSETS_TDAYS":0.248958269763,"PREMIUM_EXPENSE":null,"LOAN_DEPOSIT":null,"LOAN_EQUITY":null,"LOAN_ASSETS":null,"DEPOSIT_EQUITY":null,"DEPOSIT_ASSETS":null,"EQUITY_MULTIPLIER":1.609140617986,"EQUITY_RATIO":0.611627831766},{"SECUCODE":"06958.HK","SECURITY_CODE":"06958","SECURITY_NAME_ABBR":"正荣服务","ORG_CODE":"10000071459","STD_REPORT_DATE":"2021-12-31 00:00:00","REPORT_DATE":"2021-12-31 00:00:00","DATE_TYPE_CODE":"001","REPORT_TYPE":"2021年年报","PER_NETCASH_OPERATE":0.188511807229,"PER_OI":1.287506506024,"BPS":1.398689156627,"BASIC_EPS":0.17,"DILUTED_EPS":0.17,"OPERATE_INCOME":1335788000,"OPERATE_INCOME_YOY":21.132221932,"GROSS_PROFIT":428111000,"GROSS_PROFIT_YOY":11.668992500815,"HOLDER_PROFIT":174578000,"HOLDER_PROFIT_YOY":1.7075742658,"GROSS_PROFIT_RATIO":32.049322197834,"EPS_TTM":0.168267951807,"OPERATE_INCOME_QOQ":-0.55892372195,"NET_PROFIT_RATIO":13.2985922916,"ROE_AVG":12.404705855603,"GROSS_PROFIT_QOQ":-8.107417758145,"ROA":7.768952670169,"HOLDER_PROFIT_QOQ":-18.091949385143,"ROE_YEARLY":12.404705855603,"ROIC_YEARLY":15.424884994582,"TOTAL_ASSETS":2518568000,"TOTAL_LIABILITIES":1045267000,"TAX_EBT":23.853022242988,"OCF_SALES":14.641619777989,"TOTAL_PARENT_EQUITY":1451140000,"DEBT_ASSET_RATIO":41.5024331287,"OPERATE_PROFIT":243396000,"PRETAX_PROFIT":233287000,"NETCASH_OPERATE":195581000,"NETCASH_INVEST":-866297000,"NETCASH_FINANCE":-29505000,"END_CASH":736914000,"DIVI_RATIO":null,"DIVIDEND_RATE":null,"CURRENT_RATIO":1.6389747645,"COMMON_ACS":20000000000,"CURRENTDEBT_DEBT":84.203270551926,"ISSUED_COMMON_SHARES":1037500000,"HK_COMMON_SHARES":1037500000,"PER_SHARES":1000,"TOTAL_MARKET_CAP":180525000,"HKSK_MARKET_CAP":180525000,"PE_TTM":-1.468568530859,"PB_TTM":0.154374036811,"REPORT_DATE_SQ":"2020-12-31 00:00:00","REPORT_TYPE_SQ":"2020年年报","OPERATE_INCOME_SQ":1102752000,"DPS_HKD":null,"OPERATE_INCOME_QOQ_SQ":27.58681730619,"NET_PROFIT_RATIO_SQ":15.8838070573,"HOLDER_PROFIT_SQ":171647000,"HOLDER_PROFIT_QOQ_SQ":26.085870643112,"ROE_AVG_SQ":23.273096562328,"PE_TTM_SQ":-0.690607820354,"PB_TTM_SQ":0.166314368341,"ROA_SQ":13.705522148399,"START_DATE":"2021-01-01 00:00:00","FISCAL_YEAR":"12-31","CURRENCY":"HKD","IS_CNY_CODE":0,"DPS_HKD_LY":0.08,"ORG_TYPE":"一般企业","PREMIUM_INCOME":null,"PREMIUM_INCOME_YOY":null,"NET_INTEREST_INCOME":null,"NET_INTEREST_INCOME_YOY":null,"FEE_COMMISSION_INCOME":null,"FEE_COMMISSION_INCOME_YOY":null,"ACCOUNTS_RECE_TDAYS":4.582864024126,"INVENTORY_TDAYS":null,"CURRENT_ASSETS_TDAYS":0.816272556087,"TOTAL_ASSETS_TDAYS":0.594443386302,"PREMIUM_EXPENSE":null,"LOAN_DEPOSIT":null,"LOAN_EQUITY":null,"LOAN_ASSETS":null,"DEPOSIT_EQUITY":null,"DEPOSIT_ASSETS":null,"EQUITY_MULTIPLIER":1.709472809698,"EQUITY_RATIO":0.720307482393},{"SECUCODE":"06958.HK","SECURITY_CODE":"06958","SECURITY_NAME_ABBR":"正荣服务","ORG_CODE":"10000071459","STD_REPORT_DATE":"2021-06-30 00:00:00","REPORT_DATE":"2021-06-30 00:00:00","DATE_TYPE_CODE":"002","REPORT_TYPE":"2021年中报","PER_NETCASH_OPERATE":0.082074216867,"PER_OI":0.659481445783,"BPS":1.33561060241,"BASIC_EPS":0.1,"DILUTED_EPS":0.1,"OPERATE_INCOME":684212000,"OPERATE_INCOME_YOY":54.2171173039,"GROSS_PROFIT":237803000,"GROSS_PROFIT_YOY":53.128863589532,"HOLDER_PROFIT":101075000,"HOLDER_PROFIT_YOY":69.6373126563,"GROSS_PROFIT_RATIO":34.755748218389,"EPS_TTM":0.205435180723,"OPERATE_INCOME_QOQ":21.813064043411,"NET_PROFIT_RATIO":15.0150830444,"ROE_AVG":7.352882337151,"GROSS_PROFIT_QOQ":21.521225953701,"ROA":4.178705120263,"HOLDER_PROFIT_QOQ":24.172866406054,"ROE_YEARLY":14.705764674302,"ROIC_YEARLY":17.835282803708,"TOTAL_ASSETS":2861943000,"TOTAL_LIABILITIES":1455715000,"TAX_EBT":27.097451763754,"OCF_SALES":12.445265502505,"TOTAL_PARENT_EQUITY":1385696000,"DEBT_ASSET_RATIO":50.8645699792,"OPERATE_PROFIT":141964000,"PRETAX_PROFIT":140921000,"NETCASH_OPERATE":85152000,"NETCASH_INVEST":-494715000,"NETCASH_FINANCE":43021000,"END_CASH":1078652000,"DIVI_RATIO":null,"DIVIDEND_RATE":null,"CURRENT_RATIO":1.411931776327,"COMMON_ACS":20000000000,"CURRENTDEBT_DEBT":83.927554500709,"ISSUED_COMMON_SHARES":1037500000,"HK_COMMON_SHARES":1037500000,"PER_SHARES":1000,"TOTAL_MARKET_CAP":180525000,"HKSK_MARKET_CAP":180525000,"PE_TTM":-1.468568530859,"PB_TTM":0.154374036811,"REPORT_DATE_SQ":"2020-06-30 00:00:00","REPORT_TYPE_SQ":"2020年中报","OPERATE_INCOME_SQ":443668000,"DPS_HKD":null,"OPERATE_INCOME_QOQ_SQ":20.677305855743,"NET_PROFIT_RATIO_SQ":13.6717094765,"HOLDER_PROFIT_SQ":59583000,"HOLDER_PROFIT_QOQ_SQ":29.211830141043,"ROE_AVG_SQ":42.169668102213,"PE_TTM_SQ":-0.690607820354,"PB_TTM_SQ":0.166314368341,"ROA_SQ":10.201633925659,"START_DATE":"2021-01-01 00:00:00","FISCAL_YEAR":"12-31","CURRENCY":"HKD","IS_CNY_CODE":0,"DPS_HKD_LY":0.08,"ORG_TYPE":"一般企业","PREMIUM_INCOME":null,"PREMIUM_INCOME_YOY":null,"NET_INTEREST_INCOME":null,"NET_INTEREST_INCOME_YOY":null,"FEE_COMMISSION_INCOME":null,"FEE_COMMISSION_INCOME_YOY":null,"ACCOUNTS_RECE_TDAYS":2.114375772559,"INVENTORY_TDAYS":null,"CURRENT_ASSETS_TDAYS":0.384888578623,"TOTAL_ASSETS_TDAYS":0.28287115387,"PREMIUM_EXPENSE":null,"LOAN_DEPOSIT":null,"LOAN_EQUITY":null,"LOAN_ASSETS":null,"DEPOSIT_EQUITY":null,"DEPOSIT_ASSETS":null,"EQUITY_MULTIPLIER":2.035191306104,"EQUITY_RATIO":1.050529842043},{"SECUCODE":"06958.HK","SECURITY_CODE":"06958","SECURITY_NAME_ABBR":"正荣服务","ORG_CODE":"10000071459","STD_REPORT_DATE":"2020-12-31 00:00:00","REPORT_DATE":"2020-12-31 00:00:00","DATE_TYPE_CODE":"001","REPORT_TYPE":"2020年年报","PER_NETCASH_OPERATE":0.154481927711,"PER_OI":1.062893493976,"BPS":1.314280481928,"BASIC_EPS":0.19,"DILUTED_EPS":0.19,"OPERATE_INCOME":1102752000,"OPERATE_INCOME_YOY":53.9683337522,"GROSS_PROFIT":383375000,"GROSS_PROFIT_YOY":56.806645697761,"HOLDER_PROFIT":171647000,"HOLDER_PROFIT_YOY":62.9178610072,"GROSS_PROFIT_RATIO":34.765296276951,"EPS_TTM":0.165442891566,"OPERATE_INCOME_QOQ":27.58681730619,"NET_PROFIT_RATIO":15.8838070573,"ROE_AVG":23.273096562328,"GROSS_PROFIT_QOQ":23.130757075502,"ROA":13.705522148399,"HOLDER_PROFIT_QOQ":26.085870643112,"ROE_YEARLY":23.273096562328,"ROIC_YEARLY":43.008411404632,"TOTAL_ASSETS":1975680000,"TOTAL_LIABILITIES":592044000,"TAX_EBT":25.997389022912,"OCF_SALES":14.534092887612,"TOTAL_PARENT_EQUITY":1363566000,"DEBT_ASSET_RATIO":29.9665937804,"OPERATE_PROFIT":238138000,"PRETAX_PROFIT":236693000,"NETCASH_OPERATE":160275000,"NETCASH_INVEST":-16681000,"NETCASH_FINANCE":1150768000,"END_CASH":1451514000,"DIVI_RATIO":null,"DIVIDEND_RATE":null,"CURRENT_RATIO":3.255220236073,"COMMON_ACS":20000000000,"CURRENTDEBT_DEBT":94.973177669227,"ISSUED_COMMON_SHARES":1037500000,"HK_COMMON_SHARES":1037500000,"PER_SHARES":1000,"TOTAL_MARKET_CAP":180525000,"HKSK_MARKET_CAP":180525000,"PE_TTM":-1.468568530859,"PB_TTM":0.154374036811,"REPORT_DATE_SQ":"2019-12-31 00:00:00","REPORT_TYPE_SQ":"2019年年报","OPERATE_INCOME_SQ":716220000,"DPS_HKD":null,"OPERATE_INCOME_QOQ_SQ":9.740962175513,"NET_PROFIT_RATIO_SQ":15.241127028,"HOLDER_PROFIT_SQ":105358000,"HOLDER_PROFIT_QOQ_SQ":26.519682013594,"ROE_AVG_SQ":127.236278002536,"PE_TTM_SQ":-0.690607820354,"PB_TTM_SQ":0.166314368341,"ROA_SQ":15.267073806024,"START_DATE":"2020-01-01 00:00:00","FISCAL_YEAR":"12-31","CURRENCY":"HKD","IS_CNY_CODE":0,"DPS_HKD_LY":null,"ORG_TYPE":"一般企业","PREMIUM_INCOME":null,"PREMIUM_INCOME_YOY":null,"NET_INTEREST_INCOME":null,"NET_INTEREST_INCOME_YOY":null,"FEE_COMMISSION_INCOME":null,"FEE_COMMISSION_INCOME_YOY":null,"ACCOUNTS_RECE_TDAYS":6.119906099639,"INVENTORY_TDAYS":null,"CURRENT_ASSETS_TDAYS":0.993672137898,"TOTAL_ASSETS_TDAYS":0.880515940284,"PREMIUM_EXPENSE":null,"LOAN_DEPOSIT":null,"LOAN_EQUITY":null,"LOAN_ASSETS":null,"DEPOSIT_EQUITY":null,"DEPOSIT_ASSETS":null,"EQUITY_MULTIPLIER":1.42788999419,"EQUITY_RATIO":0.434188004101},{"SECUCODE":"06958.HK","SECURITY_CODE":"06958","SECURITY_NAME_ABBR":"正荣服务","ORG_CODE":"10000071459","STD_REPORT_DATE":"2020-06-30 00:00:00","REPORT_DATE":"2020-06-30 00:00:00","DATE_TYPE_CODE":"002","REPORT_TYPE":"2020年中报","PER_NETCASH_OPERATE":-0.010842,"PER_OI":0.887336,"BPS":0.164901204819,"BASIC_EPS":0.08,"DILUTED_EPS":0.08,"OPERATE_INCOME":443668000,"OPERATE_INCOME_YOY":50.1043735389,"GROSS_PROFIT":155296000,"GROSS_PROFIT_YOY":75.616596365446,"HOLDER_PROFIT":59583000,"HOLDER_PROFIT_YOY":106.8423245157,"GROSS_PROFIT_RATIO":35.002749803907,"EPS_TTM":0.27227,"OPERATE_INCOME_QOQ":20.677305855743,"NET_PROFIT_RATIO":13.6717094765,"ROE_AVG":42.169668102213,"GROSS_PROFIT_QOQ":27.349696714372,"ROA":10.201633925659,"HOLDER_PROFIT_QOQ":29.211830141043,"ROE_YEARLY":84.339336204426,"ROIC_YEARLY":33.180008353056,"TOTAL_ASSETS":639001000,"TOTAL_LIABILITIES":450284000,"TAX_EBT":30.856302578483,"OCF_SALES":-1.221859588701,"TOTAL_PARENT_EQUITY":171085000,"DEBT_ASSET_RATIO":70.4668693789,"OPERATE_PROFIT":88752000,"PRETAX_PROFIT":87726000,"NETCASH_OPERATE":-5421000,"NETCASH_INVEST":-12891000,"NETCASH_FINANCE":-2955000,"END_CASH":197175000,"DIVI_RATIO":null,"DIVIDEND_RATE":null,"CURRENT_RATIO":1.196635256351,"COMMON_ACS":20000000000,"CURRENTDEBT_DEBT":93.116566433629,"ISSUED_COMMON_SHARES":1037500000,"HK_COMMON_SHARES":1037500000,"PER_SHARES":1000,"TOTAL_MARKET_CAP":180525000,"HKSK_MARKET_CAP":180525000,"PE_TTM":-1.468568530859,"PB_TTM":0.154374036811,"REPORT_DATE_SQ":"2019-06-30 00:00:00","REPORT_TYPE_SQ":"2019年中报","OPERATE_INCOME_SQ":295573000,"DPS_HKD":null,"OPERATE_INCOME_QOQ_SQ":0,"NET_PROFIT_RATIO_SQ":10.1260940614,"HOLDER_PROFIT_SQ":28806000,"HOLDER_PROFIT_QOQ_SQ":0,"ROE_AVG_SQ":null,"PE_TTM_SQ":-0.690607820354,"PB_TTM_SQ":0.166314368341,"ROA_SQ":null,"START_DATE":"2020-01-01 00:00:00","FISCAL_YEAR":"12-31","CURRENCY":"HKD","IS_CNY_CODE":0,"DPS_HKD_LY":null,"ORG_TYPE":"一般企业","PREMIUM_INCOME":null,"PREMIUM_INCOME_YOY":null,"NET_INTEREST_INCOME":null,"NET_INTEREST_INCOME_YOY":null,"FEE_COMMISSION_INCOME":null,"FEE_COMMISSION_INCOME_YOY":null,"ACCOUNTS_RECE_TDAYS":3.753647527634,"INVENTORY_TDAYS":null,"CURRENT_ASSETS_TDAYS":0.995966013043,"TOTAL_ASSETS_TDAYS":0.75963588952,"PREMIUM_EXPENSE":null,"LOAN_DEPOSIT":null,"LOAN_EQUITY":null,"LOAN_ASSETS":null,"DEPOSIT_EQUITY":null,"DEPOSIT_ASSETS":null,"EQUITY_MULTIPLIER":3.386027755844,"EQUITY_RATIO":2.63193149604}],"count":15},"success":true,"message":"ok","code":0}