{"version":"7efde77858e6d73bb3354eb75ca11101","result":{"pages":2,"data":[{"SECUCODE":"06968.HK","SECURITY_CODE":"06968","SECURITY_NAME_ABBR":"港龙中国地产","ORG_CODE":"10000060345","STD_REPORT_DATE":"2024-06-30 00:00:00","REPORT_DATE":"2024-06-30 00:00:00","DATE_TYPE_CODE":"002","REPORT_TYPE":"2024年中报","PER_NETCASH_OPERATE":0.135853456563,"PER_OI":3.309373726337,"BPS":2.477042469505,"BASIC_EPS":-0.05,"DILUTED_EPS":-0.05,"OPERATE_INCOME":5367139000,"OPERATE_INCOME_YOY":-27.8467497665,"GROSS_PROFIT":290362000,"GROSS_PROFIT_YOY":-78.48872399362,"HOLDER_PROFIT":-76419000,"HOLDER_PROFIT_YOY":-140.1748538504,"GROSS_PROFIT_RATIO":5.409995902845,"EPS_TTM":-0.07316751336,"OPERATE_INCOME_QOQ":-11.783162835619,"NET_PROFIT_RATIO":-2.868232032,"ROE_AVG":-1.884341770612,"GROSS_PROFIT_QOQ":-44.350966117141,"ROA":-0.254529006928,"HOLDER_PROFIT_QOQ":-180.192874327575,"ROE_YEARLY":-3.768683541223,"ROIC_YEARLY":-0.667845184434,"TOTAL_ASSETS":28438979000,"TOTAL_LIABILITIES":18355910000,"TAX_EBT":288.257594286553,"OCF_SALES":4.105110748948,"TOTAL_PARENT_EQUITY":4017265000,"DEBT_ASSET_RATIO":64.5448980429,"OPERATE_PROFIT":130032000,"PRETAX_PROFIT":81772000,"NETCASH_OPERATE":220327000,"NETCASH_INVEST":-16575000,"NETCASH_FINANCE":-387500000,"END_CASH":386419000,"DIVI_RATIO":null,"DIVIDEND_RATE":null,"CURRENT_RATIO":1.598602930954,"COMMON_ACS":10000000000,"CURRENTDEBT_DEBT":90.95370918685,"ISSUED_COMMON_SHARES":1621799000,"HK_COMMON_SHARES":1621799000,"PER_SHARES":1000,"TOTAL_MARKET_CAP":201103076,"HKSK_MARKET_CAP":201103076,"PE_TTM":-1.586512149452,"PB_TTM":0.045688485924,"REPORT_DATE_SQ":"2023-06-30 00:00:00","REPORT_TYPE_SQ":"2023年中报","OPERATE_INCOME_SQ":7438527000,"DPS_HKD":null,"OPERATE_INCOME_QOQ_SQ":16.479622022497,"NET_PROFIT_RATIO_SQ":7.2255300008,"HOLDER_PROFIT_SQ":190216000,"HOLDER_PROFIT_QOQ_SQ":8.036197758561,"ROE_AVG_SQ":4.71917677884,"PE_TTM_SQ":1.993562823493,"PB_TTM_SQ":0.058925544356,"ROA_SQ":0.433804993485,"START_DATE":"2024-01-01 00:00:00","FISCAL_YEAR":"12-31","CURRENCY":"HKD","IS_CNY_CODE":0,"DPS_HKD_LY":null,"ORG_TYPE":"一般企业","PREMIUM_INCOME":null,"PREMIUM_INCOME_YOY":null,"NET_INTEREST_INCOME":null,"NET_INTEREST_INCOME_YOY":null,"FEE_COMMISSION_INCOME":null,"FEE_COMMISSION_INCOME_YOY":null,"ACCOUNTS_RECE_TDAYS":2.4188526814,"INVENTORY_TDAYS":0.252045502144,"CURRENT_ASSETS_TDAYS":0.19004049985,"TOTAL_ASSETS_TDAYS":0.17876346978,"PREMIUM_EXPENSE":null,"LOAN_DEPOSIT":null,"LOAN_EQUITY":null,"LOAN_ASSETS":null,"DEPOSIT_EQUITY":null,"DEPOSIT_ASSETS":null,"EQUITY_MULTIPLIER":2.820468549801,"EQUITY_RATIO":4.569255451159},{"SECUCODE":"06968.HK","SECURITY_CODE":"06968","SECURITY_NAME_ABBR":"港龙中国地产","ORG_CODE":"10000060345","STD_REPORT_DATE":"2023-12-31 00:00:00","REPORT_DATE":"2023-12-31 00:00:00","DATE_TYPE_CODE":"001","REPORT_TYPE":"2023年年报","PER_NETCASH_OPERATE":0.566239096214,"PER_OI":10.839332740987,"BPS":2.524162365373,"BASIC_EPS":0.09,"DILUTED_EPS":0.09,"OPERATE_INCOME":17579219000,"OPERATE_INCOME_YOY":47.819581129,"GROSS_PROFIT":2388789000,"GROSS_PROFIT_YOY":20.776811635237,"HOLDER_PROFIT":147972000,"HOLDER_PROFIT_YOY":21.4019657713,"GROSS_PROFIT_RATIO":13.588709487037,"EPS_TTM":0.091239419928,"OPERATE_INCOME_QOQ":26.905958795457,"NET_PROFIT_RATIO":4.0868880466,"ROE_AVG":3.678948059336,"GROSS_PROFIT_QOQ":9.228097466224,"ROA":0.378824326388,"HOLDER_PROFIT_QOQ":12.371564614485,"ROE_YEARLY":3.678948059336,"ROIC_YEARLY":0.477730749881,"TOTAL_ASSETS":31608401000,"TOTAL_LIABILITIES":20260215000,"TAX_EBT":53.533031031532,"OCF_SALES":5.223929458982,"TOTAL_PARENT_EQUITY":4093684000,"DEBT_ASSET_RATIO":64.0975638091,"OPERATE_PROFIT":1649553000,"PRETAX_PROFIT":1546137000,"NETCASH_OPERATE":918326000,"NETCASH_INVEST":377705000,"NETCASH_FINANCE":-1898055000,"END_CASH":570167000,"DIVI_RATIO":null,"DIVIDEND_RATE":null,"CURRENT_RATIO":1.665184230117,"COMMON_ACS":10000000000,"CURRENTDEBT_DEBT":88.315153615102,"ISSUED_COMMON_SHARES":1621799000,"HK_COMMON_SHARES":1621799000,"PER_SHARES":1000,"TOTAL_MARKET_CAP":256244242,"HKSK_MARKET_CAP":256244242,"PE_TTM":-2.021523545269,"PB_TTM":0.058215973999,"REPORT_DATE_SQ":"2022-12-31 00:00:00","REPORT_TYPE_SQ":"2022年年报","OPERATE_INCOME_SQ":11892348000,"DPS_HKD":null,"OPERATE_INCOME_QOQ_SQ":8.224818194997,"NET_PROFIT_RATIO_SQ":4.8867977964,"HOLDER_PROFIT_SQ":121886000,"HOLDER_PROFIT_QOQ_SQ":-75.836406169462,"ROE_AVG_SQ":3.128312503754,"PE_TTM_SQ":2.399658954205,"PB_TTM_SQ":0.070928895984,"ROA_SQ":0.237729922845,"START_DATE":"2023-01-01 00:00:00","FISCAL_YEAR":"12-31","CURRENCY":"HKD","IS_CNY_CODE":0,"DPS_HKD_LY":null,"ORG_TYPE":"一般企业","PREMIUM_INCOME":null,"PREMIUM_INCOME_YOY":null,"NET_INTEREST_INCOME":null,"NET_INTEREST_INCOME_YOY":null,"FEE_COMMISSION_INCOME":null,"FEE_COMMISSION_INCOME_YOY":null,"ACCOUNTS_RECE_TDAYS":7.348953689084,"INVENTORY_TDAYS":0.561624697655,"CURRENT_ASSETS_TDAYS":0.473489102008,"TOTAL_ASSETS_TDAYS":0.450047022147,"PREMIUM_EXPENSE":null,"LOAN_DEPOSIT":null,"LOAN_EQUITY":null,"LOAN_ASSETS":null,"DEPOSIT_EQUITY":null,"DEPOSIT_ASSETS":null,"EQUITY_MULTIPLIER":2.78532630678,"EQUITY_RATIO":4.949139943386},{"SECUCODE":"06968.HK","SECURITY_CODE":"06968","SECURITY_NAME_ABBR":"港龙中国地产","ORG_CODE":"10000060345","STD_REPORT_DATE":"2023-06-30 00:00:00","REPORT_DATE":"2023-06-30 00:00:00","DATE_TYPE_CODE":"002","REPORT_TYPE":"2023年中报","PER_NETCASH_OPERATE":0.665249516124,"PER_OI":4.586589953502,"BPS":2.534737042013,"BASIC_EPS":0.12,"DILUTED_EPS":0.12,"OPERATE_INCOME":7438527000,"OPERATE_INCOME_YOY":35.7714302611,"GROSS_PROFIT":1349813000,"GROSS_PROFIT_YOY":18.332611550512,"HOLDER_PROFIT":190216000,"HOLDER_PROFIT_YOY":5.4289689116,"GROSS_PROFIT_RATIO":18.146240512403,"EPS_TTM":0.081194402019,"OPERATE_INCOME_QOQ":16.479622022497,"NET_PROFIT_RATIO":7.2255300008,"ROE_AVG":4.71917677884,"GROSS_PROFIT_QOQ":10.57302510701,"ROA":0.433804993485,"HOLDER_PROFIT_QOQ":8.036197758561,"ROE_YEARLY":9.43835355768,"ROIC_YEARLY":1.063114619951,"TOTAL_ASSETS":41183249000,"TOTAL_LIABILITIES":30041127000,"TAX_EBT":37.304262824401,"OCF_SALES":14.50422913031,"TOTAL_PARENT_EQUITY":4110834000,"DEBT_ASSET_RATIO":72.9450146102,"OPERATE_PROFIT":941915000,"PRETAX_PROFIT":857272000,"NETCASH_OPERATE":1078901000,"NETCASH_INVEST":-50277000,"NETCASH_FINANCE":-1454050000,"END_CASH":746765000,"DIVI_RATIO":null,"DIVIDEND_RATE":null,"CURRENT_RATIO":1.448089177955,"COMMON_ACS":10000000000,"CURRENTDEBT_DEBT":89.873921840549,"ISSUED_COMMON_SHARES":1621799000,"HK_COMMON_SHARES":1621799000,"PER_SHARES":1000,"TOTAL_MARKET_CAP":256244242,"HKSK_MARKET_CAP":256244242,"PE_TTM":-2.021523545269,"PB_TTM":0.058215973999,"REPORT_DATE_SQ":"2022-06-30 00:00:00","REPORT_TYPE_SQ":"2022年中报","OPERATE_INCOME_SQ":5478713000,"DPS_HKD":null,"OPERATE_INCOME_QOQ_SQ":5.97832801363,"NET_PROFIT_RATIO_SQ":8.2730378467,"HOLDER_PROFIT_SQ":180421000,"HOLDER_PROFIT_QOQ_SQ":4.882978192525,"ROE_AVG_SQ":4.588944905878,"PE_TTM_SQ":2.399658954205,"PB_TTM_SQ":0.070928895984,"ROA_SQ":0.331295424217,"START_DATE":"2023-01-01 00:00:00","FISCAL_YEAR":"12-31","CURRENCY":"HKD","IS_CNY_CODE":0,"DPS_HKD_LY":null,"ORG_TYPE":"一般企业","PREMIUM_INCOME":null,"PREMIUM_INCOME_YOY":null,"NET_INTEREST_INCOME":null,"NET_INTEREST_INCOME_YOY":null,"FEE_COMMISSION_INCOME":null,"FEE_COMMISSION_INCOME_YOY":null,"ACCOUNTS_RECE_TDAYS":2.93773319666,"INVENTORY_TDAYS":0.198628262094,"CURRENT_ASSETS_TDAYS":0.178048389923,"TOTAL_ASSETS_TDAYS":0.169642414769,"PREMIUM_EXPENSE":null,"LOAN_DEPOSIT":null,"LOAN_EQUITY":null,"LOAN_ASSETS":null,"DEPOSIT_EQUITY":null,"DEPOSIT_ASSETS":null,"EQUITY_MULTIPLIER":3.696176455438,"EQUITY_RATIO":7.307793746962},{"SECUCODE":"06968.HK","SECURITY_CODE":"06968","SECURITY_NAME_ABBR":"港龙中国地产","ORG_CODE":"10000060345","STD_REPORT_DATE":"2022-12-31 00:00:00","REPORT_DATE":"2022-12-31 00:00:00","DATE_TYPE_CODE":"001","REPORT_TYPE":"2022年年报","PER_NETCASH_OPERATE":1.247444966978,"PER_OI":7.332812512525,"BPS":2.435919617659,"BASIC_EPS":0.07,"DILUTED_EPS":0.07,"OPERATE_INCOME":11892348000,"OPERATE_INCOME_YOY":14.6948528188,"GROSS_PROFIT":1977854000,"GROSS_PROFIT_YOY":-17.602222654562,"HOLDER_PROFIT":121886000,"HOLDER_PROFIT_YOY":-74.6565031522,"GROSS_PROFIT_RATIO":16.631316204336,"EPS_TTM":0.075154812649,"OPERATE_INCOME_QOQ":8.224818194997,"NET_PROFIT_RATIO":4.8867977964,"ROE_AVG":3.128312503754,"GROSS_PROFIT_QOQ":-17.660743048001,"ROA":0.237729922845,"HOLDER_PROFIT_QOQ":-75.836406169462,"ROE_YEARLY":3.128312503754,"ROIC_YEARLY":0.285274912556,"TOTAL_ASSETS":46513298000,"TOTAL_LIABILITIES":35385752000,"TAX_EBT":45.958574951552,"OCF_SALES":17.01182138296,"TOTAL_PARENT_EQUITY":3950572000,"DEBT_ASSET_RATIO":76.0766351163,"OPERATE_PROFIT":1114390000,"PRETAX_PROFIT":1075388000,"NETCASH_OPERATE":2023105000,"NETCASH_INVEST":357311000,"NETCASH_FINANCE":-3513144000,"END_CASH":1172191000,"DIVI_RATIO":null,"DIVIDEND_RATE":null,"CURRENT_RATIO":1.431021223778,"COMMON_ACS":10000000000,"CURRENTDEBT_DEBT":87.798269766882,"ISSUED_COMMON_SHARES":1621799000,"HK_COMMON_SHARES":1621799000,"PER_SHARES":1000,"TOTAL_MARKET_CAP":256244242,"HKSK_MARKET_CAP":256244242,"PE_TTM":-2.021523545269,"PB_TTM":0.058215973999,"REPORT_DATE_SQ":"2021-12-31 00:00:00","REPORT_TYPE_SQ":"2021年年报","OPERATE_INCOME_SQ":10368685000,"DPS_HKD":null,"OPERATE_INCOME_QOQ_SQ":41.705210042092,"NET_PROFIT_RATIO_SQ":10.6299014774,"HOLDER_PROFIT_SQ":480936000,"HOLDER_PROFIT_QOQ_SQ":-25.479720349068,"ROE_AVG_SQ":12.763887351799,"PE_TTM_SQ":2.399658954205,"PB_TTM_SQ":0.070928895984,"ROA_SQ":0.94048104087,"START_DATE":"2022-01-01 00:00:00","FISCAL_YEAR":"12-31","CURRENCY":"HKD","IS_CNY_CODE":0,"DPS_HKD_LY":null,"ORG_TYPE":"一般企业","PREMIUM_INCOME":null,"PREMIUM_INCOME_YOY":null,"NET_INTEREST_INCOME":null,"NET_INTEREST_INCOME_YOY":null,"FEE_COMMISSION_INCOME":null,"FEE_COMMISSION_INCOME_YOY":null,"ACCOUNTS_RECE_TDAYS":4.803523773556,"INVENTORY_TDAYS":0.275690017955,"CURRENT_ASSETS_TDAYS":0.242364602255,"TOTAL_ASSETS_TDAYS":0.231951739534,"PREMIUM_EXPENSE":null,"LOAN_DEPOSIT":null,"LOAN_EQUITY":null,"LOAN_ASSETS":null,"DEPOSIT_EQUITY":null,"DEPOSIT_ASSETS":null,"EQUITY_MULTIPLIER":4.180013994107,"EQUITY_RATIO":8.957121146001},{"SECUCODE":"06968.HK","SECURITY_CODE":"06968","SECURITY_NAME_ABBR":"港龙中国地产","ORG_CODE":"10000060345","STD_REPORT_DATE":"2022-06-30 00:00:00","REPORT_DATE":"2022-06-30 00:00:00","DATE_TYPE_CODE":"002","REPORT_TYPE":"2022年中报","PER_NETCASH_OPERATE":0.66282662253,"PER_OI":3.368495447466,"BPS":2.47960258947,"BASIC_EPS":0.11,"DILUTED_EPS":0.11,"OPERATE_INCOME":5478713000,"OPERATE_INCOME_YOY":12.7576567159,"GROSS_PROFIT":1140694000,"GROSS_PROFIT_YOY":0.149782087256,"HOLDER_PROFIT":180421000,"HOLDER_PROFIT_YOY":14.9639664324,"GROSS_PROFIT_RATIO":20.820473713443,"EPS_TTM":0.310134236565,"OPERATE_INCOME_QOQ":5.97832801363,"NET_PROFIT_RATIO":8.2730378467,"ROE_AVG":4.588944905878,"GROSS_PROFIT_QOQ":0.071072287515,"ROA":0.331295424217,"HOLDER_PROFIT_QOQ":4.882978192525,"ROE_YEARLY":9.177889811757,"ROIC_YEARLY":0.788025933256,"TOTAL_ASSETS":52890224000,"TOTAL_LIABILITIES":41878267000,"TAX_EBT":35.148344856005,"OCF_SALES":19.677230765693,"TOTAL_PARENT_EQUITY":4021417000,"DEBT_ASSET_RATIO":79.1795984831,"OPERATE_PROFIT":714057000,"PRETAX_PROFIT":698912000,"NETCASH_OPERATE":1078059000,"NETCASH_INVEST":-413396000,"NETCASH_FINANCE":-1363673000,"END_CASH":1605909000,"DIVI_RATIO":null,"DIVIDEND_RATE":null,"CURRENT_RATIO":1.452129106025,"COMMON_ACS":10000000000,"CURRENTDEBT_DEBT":83.069406859649,"ISSUED_COMMON_SHARES":1621799000,"HK_COMMON_SHARES":1621799000,"PER_SHARES":1000,"TOTAL_MARKET_CAP":256244242,"HKSK_MARKET_CAP":256244242,"PE_TTM":-2.021523545269,"PB_TTM":0.058215973999,"REPORT_DATE_SQ":"2021-06-30 00:00:00","REPORT_TYPE_SQ":"2021年中报","OPERATE_INCOME_SQ":4858839000,"DPS_HKD":null,"OPERATE_INCOME_QOQ_SQ":75.413579023098,"NET_PROFIT_RATIO_SQ":9.325025999,"HOLDER_PROFIT_SQ":156937000,"HOLDER_PROFIT_QOQ_SQ":-32.825673329531,"ROE_AVG_SQ":4.327215906945,"PE_TTM_SQ":2.399658954205,"PB_TTM_SQ":0.070928895984,"ROA_SQ":0.317739655601,"START_DATE":"2022-01-01 00:00:00","FISCAL_YEAR":"12-31","CURRENCY":"HKD","IS_CNY_CODE":0,"DPS_HKD_LY":null,"ORG_TYPE":"一般企业","PREMIUM_INCOME":null,"PREMIUM_INCOME_YOY":null,"NET_INTEREST_INCOME":null,"NET_INTEREST_INCOME_YOY":null,"FEE_COMMISSION_INCOME":null,"FEE_COMMISSION_INCOME_YOY":null,"ACCOUNTS_RECE_TDAYS":2.338156843532,"INVENTORY_TDAYS":0.11368070989,"CURRENT_ASSETS_TDAYS":0.10516405497,"TOTAL_ASSETS_TDAYS":0.100602066694,"PREMIUM_EXPENSE":null,"LOAN_DEPOSIT":null,"LOAN_EQUITY":null,"LOAN_ASSETS":null,"DEPOSIT_EQUITY":null,"DEPOSIT_ASSETS":null,"EQUITY_MULTIPLIER":4.802981341106,"EQUITY_RATIO":10.413808615222},{"SECUCODE":"06968.HK","SECURITY_CODE":"06968","SECURITY_NAME_ABBR":"港龙中国地产","ORG_CODE":"10000060345","STD_REPORT_DATE":"2021-12-31 00:00:00","REPORT_DATE":"2021-12-31 00:00:00","DATE_TYPE_CODE":"001","REPORT_TYPE":"2021年年报","PER_NETCASH_OPERATE":-2.416341375501,"PER_OI":6.366855363175,"BPS":2.368895282338,"BASIC_EPS":0.3,"DILUTED_EPS":0.3,"OPERATE_INCOME":10368685000,"OPERATE_INCOME_YOY":148.570180597,"GROSS_PROFIT":2400373000,"GROSS_PROFIT_YOY":58.221875652976,"HOLDER_PROFIT":480936000,"HOLDER_PROFIT_YOY":-49.9415039115,"GROSS_PROFIT_RATIO":23.150216252109,"EPS_TTM":0.295317096714,"OPERATE_INCOME_QOQ":41.705210042092,"NET_PROFIT_RATIO":10.6299014774,"ROE_AVG":12.763887351799,"GROSS_PROFIT_QOQ":20.038876550699,"ROA":0.94048104087,"HOLDER_PROFIT_QOQ":-25.479720349068,"ROE_YEARLY":12.763887351799,"ROIC_YEARLY":1.090639880796,"TOTAL_ASSETS":56028274000,"TOTAL_LIABILITIES":45750522000,"TAX_EBT":26.707088627965,"OCF_SALES":-37.951881072672,"TOTAL_PARENT_EQUITY":3841872000,"DEBT_ASSET_RATIO":81.6561331159,"OPERATE_PROFIT":1348824000,"PRETAX_PROFIT":1503803000,"NETCASH_OPERATE":-3935111000,"NETCASH_INVEST":-1384717000,"NETCASH_FINANCE":3077119000,"END_CASH":2304919000,"DIVI_RATIO":null,"DIVIDEND_RATE":null,"CURRENT_RATIO":1.384259712472,"COMMON_ACS":10000000000,"CURRENTDEBT_DEBT":84.756707256805,"ISSUED_COMMON_SHARES":1621799000,"HK_COMMON_SHARES":1621799000,"PER_SHARES":1000,"TOTAL_MARKET_CAP":256244242,"HKSK_MARKET_CAP":256244242,"PE_TTM":-2.021523545269,"PB_TTM":0.058215973999,"REPORT_DATE_SQ":"2020-12-31 00:00:00","REPORT_TYPE_SQ":"2020年年报","OPERATE_INCOME_SQ":4171331000,"DPS_HKD":null,"OPERATE_INCOME_QOQ_SQ":34.53289569803,"NET_PROFIT_RATIO_SQ":15.3893085924,"HOLDER_PROFIT_SQ":960748000,"HOLDER_PROFIT_QOQ_SQ":-8.176008058928,"ROE_AVG_SQ":38.916020005894,"PE_TTM_SQ":2.399658954205,"PB_TTM_SQ":0.070928895984,"ROA_SQ":2.779180267539,"START_DATE":"2021-01-01 00:00:00","FISCAL_YEAR":"12-31","CURRENCY":"HKD","IS_CNY_CODE":0,"DPS_HKD_LY":0.21,"ORG_TYPE":"一般企业","PREMIUM_INCOME":null,"PREMIUM_INCOME_YOY":null,"NET_INTEREST_INCOME":null,"NET_INTEREST_INCOME_YOY":null,"FEE_COMMISSION_INCOME":null,"FEE_COMMISSION_INCOME_YOY":null,"ACCOUNTS_RECE_TDAYS":null,"INVENTORY_TDAYS":0.223044479928,"CURRENT_ASSETS_TDAYS":0.211913770282,"TOTAL_ASSETS_TDAYS":0.202761940492,"PREMIUM_EXPENSE":null,"LOAN_DEPOSIT":null,"LOAN_EQUITY":null,"LOAN_ASSETS":null,"DEPOSIT_EQUITY":null,"DEPOSIT_ASSETS":null,"EQUITY_MULTIPLIER":5.451413305156,"EQUITY_RATIO":11.908393095866},{"SECUCODE":"06968.HK","SECURITY_CODE":"06968","SECURITY_NAME_ABBR":"港龙中国地产","ORG_CODE":"10000060345","STD_REPORT_DATE":"2021-06-30 00:00:00","REPORT_DATE":"2021-06-30 00:00:00","DATE_TYPE_CODE":"002","REPORT_TYPE":"2021年中报","PER_NETCASH_OPERATE":-2.0446419701,"PER_OI":2.979753075214,"BPS":2.194767662331,"BASIC_EPS":0.1,"DILUTED_EPS":0.1,"OPERATE_INCOME":4858839000,"OPERATE_INCOME_YOY":183.6302725661,"GROSS_PROFIT":1138988000,"GROSS_PROFIT_YOY":73.515656182494,"HOLDER_PROFIT":156937000,"HOLDER_PROFIT_YOY":-66.7723884152,"GROSS_PROFIT_RATIO":23.441567008086,"EPS_TTM":0.395786137526,"OPERATE_INCOME_QOQ":75.413579023098,"NET_PROFIT_RATIO":9.325025999,"ROE_AVG":4.327215906945,"GROSS_PROFIT_QOQ":31.808860761997,"ROA":0.317739655601,"HOLDER_PROFIT_QOQ":-32.825673329531,"ROE_YEARLY":8.654431813889,"ROIC_YEARLY":0.769433802534,"TOTAL_ASSETS":52537193000,"TOTAL_LIABILITIES":43609150000,"TAX_EBT":35.100045406821,"OCF_SALES":-68.61783236695,"TOTAL_PARENT_EQUITY":3559472000,"DEBT_ASSET_RATIO":83.0062428345,"OPERATE_PROFIT":633136000,"PRETAX_PROFIT":698133000,"NETCASH_OPERATE":-3334030000,"NETCASH_INVEST":-1339139000,"NETCASH_FINANCE":3217886000,"END_CASH":3092345000,"DIVI_RATIO":null,"DIVIDEND_RATE":null,"CURRENT_RATIO":1.303788244269,"COMMON_ACS":10000000000,"CURRENTDEBT_DEBT":88.309221803223,"ISSUED_COMMON_SHARES":1621799000,"HK_COMMON_SHARES":1621799000,"PER_SHARES":1000,"TOTAL_MARKET_CAP":256244242,"HKSK_MARKET_CAP":256244242,"PE_TTM":-2.021523545269,"PB_TTM":0.058215973999,"REPORT_DATE_SQ":"2020-06-30 00:00:00","REPORT_TYPE_SQ":"2020年中报","OPERATE_INCOME_SQ":1713089000,"DPS_HKD":null,"OPERATE_INCOME_QOQ_SQ":56.751754519892,"NET_PROFIT_RATIO_SQ":18.7415831869,"HOLDER_PROFIT_SQ":472309000,"HOLDER_PROFIT_QOQ_SQ":56.621075652542,"ROE_AVG_SQ":31.91955317532,"PE_TTM_SQ":2.399658954205,"PB_TTM_SQ":0.070928895984,"ROA_SQ":1.746773324939,"START_DATE":"2021-01-01 00:00:00","FISCAL_YEAR":"12-31","CURRENCY":"HKD","IS_CNY_CODE":0,"DPS_HKD_LY":0.21,"ORG_TYPE":"一般企业","PREMIUM_INCOME":null,"PREMIUM_INCOME_YOY":null,"NET_INTEREST_INCOME":null,"NET_INTEREST_INCOME_YOY":null,"FEE_COMMISSION_INCOME":null,"FEE_COMMISSION_INCOME_YOY":null,"ACCOUNTS_RECE_TDAYS":3.240493032776,"INVENTORY_TDAYS":0.107149669485,"CURRENT_ASSETS_TDAYS":0.102951634722,"TOTAL_ASSETS_TDAYS":0.098373604088,"PREMIUM_EXPENSE":null,"LOAN_DEPOSIT":null,"LOAN_EQUITY":null,"LOAN_ASSETS":null,"DEPOSIT_EQUITY":null,"DEPOSIT_ASSETS":null,"EQUITY_MULTIPLIER":5.884513885076,"EQUITY_RATIO":12.251578323976},{"SECUCODE":"06968.HK","SECURITY_CODE":"06968","SECURITY_NAME_ABBR":"港龙中国地产","ORG_CODE":"10000060345","STD_REPORT_DATE":"2020-12-31 00:00:00","REPORT_DATE":"2020-12-31 00:00:00","DATE_TYPE_CODE":"001","REPORT_TYPE":"2020年年报","PER_NETCASH_OPERATE":-0.166488411142,"PER_OI":2.558128881197,"BPS":2.277726154721,"BASIC_EPS":0.68,"DILUTED_EPS":0.68,"OPERATE_INCOME":4171331000,"OPERATE_INCOME_YOY":110.8826744131,"GROSS_PROFIT":1517093000,"GROSS_PROFIT_YOY":79.638188003462,"HOLDER_PROFIT":960748000,"HOLDER_PROFIT_YOY":43.8157238852,"GROSS_PROFIT_RATIO":36.369518506203,"EPS_TTM":0.589192563801,"OPERATE_INCOME_QOQ":34.53289569803,"NET_PROFIT_RATIO":15.3893085924,"ROE_AVG":38.916020005894,"GROSS_PROFIT_QOQ":21.624895578962,"ROA":2.779180267539,"HOLDER_PROFIT_QOQ":-8.176008058928,"ROE_YEARLY":38.916020005894,"ROIC_YEARLY":3.082452314011,"TOTAL_ASSETS":46246196000,"TOTAL_LIABILITIES":41759503000,"TAX_EBT":37.287556063121,"OCF_SALES":-6.508210448895,"TOTAL_PARENT_EQUITY":3694014000,"DEBT_ASSET_RATIO":90.2982442059,"OPERATE_PROFIT":703154000,"PRETAX_PROFIT":1023623000,"NETCASH_OPERATE":-271479000,"NETCASH_INVEST":-2351422000,"NETCASH_FINANCE":6118312000,"END_CASH":4547628000,"DIVI_RATIO":null,"DIVIDEND_RATE":null,"CURRENT_RATIO":1.131674047329,"COMMON_ACS":10000000000,"CURRENTDEBT_DEBT":93.487906213826,"ISSUED_COMMON_SHARES":1621799000,"HK_COMMON_SHARES":1621799000,"PER_SHARES":1000,"TOTAL_MARKET_CAP":256244242,"HKSK_MARKET_CAP":256244242,"PE_TTM":-2.021523545269,"PB_TTM":0.058215973999,"REPORT_DATE_SQ":"2019-12-31 00:00:00","REPORT_TYPE_SQ":"2019年年报","OPERATE_INCOME_SQ":1978034000,"DPS_HKD":null,"OPERATE_INCOME_QOQ_SQ":143.010078970775,"NET_PROFIT_RATIO_SQ":23.7642022331,"HOLDER_PROFIT_SQ":668041000,"HOLDER_PROFIT_QOQ_SQ":301.372875347725,"ROE_AVG_SQ":73.450608871475,"PE_TTM_SQ":2.399658954205,"PB_TTM_SQ":0.070928895984,"ROA_SQ":4.132189920989,"START_DATE":"2020-01-01 00:00:00","FISCAL_YEAR":"12-31","CURRENCY":"HKD","IS_CNY_CODE":0,"DPS_HKD_LY":null,"ORG_TYPE":"一般企业","PREMIUM_INCOME":null,"PREMIUM_INCOME_YOY":null,"NET_INTEREST_INCOME":null,"NET_INTEREST_INCOME_YOY":null,"FEE_COMMISSION_INCOME":null,"FEE_COMMISSION_INCOME_YOY":null,"ACCOUNTS_RECE_TDAYS":3.503725825601,"INVENTORY_TDAYS":0.109550559189,"CURRENT_ASSETS_TDAYS":0.127151514643,"TOTAL_ASSETS_TDAYS":0.12066515678,"PREMIUM_EXPENSE":null,"LOAN_DEPOSIT":null,"LOAN_EQUITY":null,"LOAN_ASSETS":null,"DEPOSIT_EQUITY":null,"DEPOSIT_ASSETS":null,"EQUITY_MULTIPLIER":10.307412608841,"EQUITY_RATIO":11.304641238501},{"SECUCODE":"06968.HK","SECURITY_CODE":"06968","SECURITY_NAME_ABBR":"港龙中国地产","ORG_CODE":"10000060345","STD_REPORT_DATE":"2020-06-30 00:00:00","REPORT_DATE":"2020-06-30 00:00:00","DATE_TYPE_CODE":"002","REPORT_TYPE":"2020年中报","PER_NETCASH_OPERATE":601214,"PER_OI":1713089,"BPS":1.057985607341,"BASIC_EPS":0.39,"DILUTED_EPS":0.39,"OPERATE_INCOME":1713089000,"OPERATE_INCOME_YOY":190.0983878615,"GROSS_PROFIT":656418000,"GROSS_PROFIT_YOY":158.849091647574,"HOLDER_PROFIT":472309000,"HOLDER_PROFIT_YOY":402.1518866219,"GROSS_PROFIT_RATIO":38.317799016864,"EPS_TTM":1046293,"OPERATE_INCOME_QOQ":56.751754519892,"NET_PROFIT_RATIO":18.7415831869,"ROE_AVG":31.91955317532,"GROSS_PROFIT_QOQ":47.69853420909,"ROA":1.746773324939,"HOLDER_PROFIT_QOQ":56.621075652542,"ROE_YEARLY":63.83910635064,"ROIC_YEARLY":3.837882030037,"TOTAL_ASSETS":31185129000,"TOTAL_LIABILITIES":28949909000,"TAX_EBT":36.471314540799,"OCF_SALES":35.09531612193,"TOTAL_PARENT_EQUITY":1715840000,"DEBT_ASSET_RATIO":92.8324170152,"OPERATE_PROFIT":328821000,"PRETAX_PROFIT":505378000,"NETCASH_OPERATE":601214000,"NETCASH_INVEST":-377905000,"NETCASH_FINANCE":1594930000,"END_CASH":2870456000,"DIVI_RATIO":null,"DIVIDEND_RATE":null,"CURRENT_RATIO":1.229817158332,"COMMON_ACS":10000000000,"CURRENTDEBT_DEBT":82.651306434158,"ISSUED_COMMON_SHARES":1621799000,"HK_COMMON_SHARES":1621799000,"PER_SHARES":1000,"TOTAL_MARKET_CAP":256244242,"HKSK_MARKET_CAP":256244242,"PE_TTM":-2.021523545269,"PB_TTM":0.058215973999,"REPORT_DATE_SQ":"2019-06-30 00:00:00","REPORT_TYPE_SQ":"2019年中报","OPERATE_INCOME_SQ":590520000,"DPS_HKD":null,"OPERATE_INCOME_QOQ_SQ":-50.953516916497,"NET_PROFIT_RATIO_SQ":11.7962135067,"HOLDER_PROFIT_SQ":94057000,"HOLDER_PROFIT_QOQ_SQ":-53.093444484839,"ROE_AVG_SQ":15.109109207196,"PE_TTM_SQ":2.399658954205,"PB_TTM_SQ":0.070928895984,"ROA_SQ":0.853639687761,"START_DATE":"2020-01-01 00:00:00","FISCAL_YEAR":"12-31","CURRENCY":"HKD","IS_CNY_CODE":0,"DPS_HKD_LY":null,"ORG_TYPE":"一般企业","PREMIUM_INCOME":null,"PREMIUM_INCOME_YOY":null,"NET_INTEREST_INCOME":null,"NET_INTEREST_INCOME_YOY":null,"FEE_COMMISSION_INCOME":null,"FEE_COMMISSION_INCOME_YOY":null,"ACCOUNTS_RECE_TDAYS":1.103533862654,"INVENTORY_TDAYS":0.057785019773,"CURRENT_ASSETS_TDAYS":0.067367868262,"TOTAL_ASSETS_TDAYS":0.063356365609,"PREMIUM_EXPENSE":null,"LOAN_DEPOSIT":null,"LOAN_EQUITY":null,"LOAN_ASSETS":null,"DEPOSIT_EQUITY":null,"DEPOSIT_ASSETS":null,"EQUITY_MULTIPLIER":13.951704530253,"EQUITY_RATIO":16.872149501119}],"count":15},"success":true,"message":"ok","code":0}