{"version":"c9c1c21139099bae9c4ada13e347f5b6","result":{"pages":3,"data":[{"SECUCODE":"06966.HK","SECURITY_CODE":"06966","SECURITY_NAME_ABBR":"中国万桐园","ORG_CODE":"10666438","STD_REPORT_DATE":"2024-06-30 00:00:00","REPORT_DATE":"2024-06-30 00:00:00","DATE_TYPE_CODE":"002","REPORT_TYPE":"2024年中报","PER_NETCASH_OPERATE":0.009683,"PER_OI":0.024137,"BPS":0.225948,"BASIC_EPS":0.007,"DILUTED_EPS":null,"OPERATE_INCOME":24137000,"OPERATE_INCOME_YOY":-21.2906802322,"GROSS_PROFIT":20570000,"GROSS_PROFIT_YOY":-22.171774498676,"HOLDER_PROFIT":7277000,"HOLDER_PROFIT_YOY":-47.842603211,"GROSS_PROFIT_RATIO":85.221858557402,"EPS_TTM":0.010927,"OPERATE_INCOME_QOQ":-11.468268605856,"NET_PROFIT_RATIO":30.1487343083,"ROE_AVG":3.207549664787,"GROSS_PROFIT_QOQ":-12.271737309432,"ROA":2.184029304469,"HOLDER_PROFIT_QOQ":-37.921827065106,"ROE_YEARLY":6.415099329575,"ROIC_YEARLY":15.633072853729,"TOTAL_ASSETS":336776000,"TOTAL_LIABILITIES":110828000,"TAX_EBT":32.161834622914,"OCF_SALES":40.116833077847,"TOTAL_PARENT_EQUITY":225948000,"DEBT_ASSET_RATIO":32.9085207972,"OPERATE_PROFIT":10515000,"PRETAX_PROFIT":10727000,"NETCASH_OPERATE":9683000,"NETCASH_INVEST":-29444000,"NETCASH_FINANCE":-275000,"END_CASH":215202000,"DIVI_RATIO":0.82934016656,"DIVIDEND_RATE":2.352941176471,"CURRENT_RATIO":10.640498846598,"COMMON_ACS":3000000000,"CURRENTDEBT_DEBT":25.033385065146,"ISSUED_COMMON_SHARES":1000000000,"HK_COMMON_SHARES":1000000000,"PER_SHARES":10000,"TOTAL_MARKET_CAP":425000000,"HKSK_MARKET_CAP":425000000,"PE_TTM":34.653956305782,"PB_TTM":1.716718005913,"REPORT_DATE_SQ":"2023-06-30 00:00:00","REPORT_TYPE_SQ":"2023年中报","OPERATE_INCOME_SQ":30666000,"DPS_HKD":0.01,"OPERATE_INCOME_QOQ_SQ":15.020333202151,"NET_PROFIT_RATIO_SQ":45.4966412313,"HOLDER_PROFIT_SQ":13952000,"HOLDER_PROFIT_QOQ_SQ":0.962324103495,"ROE_AVG_SQ":6.42451926619,"PE_TTM_SQ":19.596901912309,"PB_TTM_SQ":1.91270210222,"ROA_SQ":4.490418595071,"START_DATE":"2024-01-01 00:00:00","FISCAL_YEAR":"12-31","CURRENCY":"HKD","IS_CNY_CODE":0,"DPS_HKD_LY":0.01,"ORG_TYPE":"一般企业","PREMIUM_INCOME":null,"PREMIUM_INCOME_YOY":null,"NET_INTEREST_INCOME":null,"NET_INTEREST_INCOME_YOY":null,"FEE_COMMISSION_INCOME":null,"FEE_COMMISSION_INCOME_YOY":null,"ACCOUNTS_RECE_TDAYS":71.30576070901,"INVENTORY_TDAYS":0.171845642434,"CURRENT_ASSETS_TDAYS":0.082984370595,"TOTAL_ASSETS_TDAYS":0.072441823996,"PREMIUM_EXPENSE":null,"LOAN_DEPOSIT":null,"LOAN_EQUITY":null,"LOAN_ASSETS":null,"DEPOSIT_EQUITY":null,"DEPOSIT_ASSETS":null,"EQUITY_MULTIPLIER":1.490502239453,"EQUITY_RATIO":0.490502239453},{"SECUCODE":"06966.HK","SECURITY_CODE":"06966","SECURITY_NAME_ABBR":"中国万桐园","ORG_CODE":"10666438","STD_REPORT_DATE":"2023-12-31 00:00:00","REPORT_DATE":"2023-12-31 00:00:00","DATE_TYPE_CODE":"001","REPORT_TYPE":"2023年年报","PER_NETCASH_OPERATE":0.028732,"PER_OI":0.056931,"BPS":0.227794,"BASIC_EPS":0.018,"DILUTED_EPS":null,"OPERATE_INCOME":56931000,"OPERATE_INCOME_YOY":24.4719926538,"GROSS_PROFIT":47752000,"GROSS_PROFIT_YOY":39.932600732601,"HOLDER_PROFIT":17602000,"HOLDER_PROFIT_YOY":-20.0998638221,"GROSS_PROFIT_RATIO":83.876973880663,"EPS_TTM":0.017602,"OPERATE_INCOME_QOQ":8.217381386861,"NET_PROFIT_RATIO":30.9181289631,"ROE_AVG":8.037699835155,"GROSS_PROFIT_QOQ":5.753643088099,"ROA":5.571161122778,"HOLDER_PROFIT_QOQ":-20.861433324341,"ROE_YEARLY":8.037699835155,"ROIC_YEARLY":18.964913509349,"TOTAL_ASSETS":329607000,"TOTAL_LIABILITIES":101813000,"TAX_EBT":32.778308191713,"OCF_SALES":50.468110519752,"TOTAL_PARENT_EQUITY":227794000,"DEBT_ASSET_RATIO":30.889210484,"OPERATE_PROFIT":25651000,"PRETAX_PROFIT":26185000,"NETCASH_OPERATE":28732000,"NETCASH_INVEST":24930000,"NETCASH_FINANCE":-539000,"END_CASH":234986000,"DIVI_RATIO":0.514839222816,"DIVIDEND_RATE":1.754385964912,"CURRENT_RATIO":13.493171329001,"COMMON_ACS":3000000000,"CURRENTDEBT_DEBT":20.855882844038,"ISSUED_COMMON_SHARES":1000000000,"HK_COMMON_SHARES":1000000000,"PER_SHARES":10000,"TOTAL_MARKET_CAP":570000000,"HKSK_MARKET_CAP":570000000,"PE_TTM":46.477070810108,"PB_TTM":2.302421796165,"REPORT_DATE_SQ":"2022-12-31 00:00:00","REPORT_TYPE_SQ":"2022年年报","OPERATE_INCOME_SQ":45738000,"DPS_HKD":0.01,"OPERATE_INCOME_QOQ_SQ":-2.685106382979,"NET_PROFIT_RATIO_SQ":48.1656390747,"HOLDER_PROFIT_SQ":22030000,"HOLDER_PROFIT_QOQ_SQ":-9.0608875129,"ROE_AVG_SQ":11.060514015172,"PE_TTM_SQ":26.550641300547,"PB_TTM_SQ":2.591402848169,"ROA_SQ":7.577881392225,"START_DATE":"2023-01-01 00:00:00","FISCAL_YEAR":"12-31","CURRENCY":"HKD","IS_CNY_CODE":0,"DPS_HKD_LY":null,"ORG_TYPE":"一般企业","PREMIUM_INCOME":null,"PREMIUM_INCOME_YOY":null,"NET_INTEREST_INCOME":null,"NET_INTEREST_INCOME_YOY":null,"FEE_COMMISSION_INCOME":null,"FEE_COMMISSION_INCOME_YOY":null,"ACCOUNTS_RECE_TDAYS":94.412935323383,"INVENTORY_TDAYS":0.445193520225,"CURRENT_ASSETS_TDAYS":0.207735294493,"TOTAL_ASSETS_TDAYS":0.180190758937,"PREMIUM_EXPENSE":null,"LOAN_DEPOSIT":null,"LOAN_EQUITY":null,"LOAN_ASSETS":null,"DEPOSIT_EQUITY":null,"DEPOSIT_ASSETS":null,"EQUITY_MULTIPLIER":1.446952070731,"EQUITY_RATIO":0.446952070731},{"SECUCODE":"06966.HK","SECURITY_CODE":"06966","SECURITY_NAME_ABBR":"中国万桐园","ORG_CODE":"10666438","STD_REPORT_DATE":"2023-06-30 00:00:00","REPORT_DATE":"2023-06-30 00:00:00","DATE_TYPE_CODE":"002","REPORT_TYPE":"2023年中报","PER_NETCASH_OPERATE":0.018978,"PER_OI":0.030666,"BPS":0.224144,"BASIC_EPS":0.014,"DILUTED_EPS":null,"OPERATE_INCOME":30666000,"OPERATE_INCOME_YOY":28.8703983863,"GROSS_PROFIT":26430000,"GROSS_PROFIT_YOY":71.612232971885,"HOLDER_PROFIT":13952000,"HOLDER_PROFIT_YOY":1.5429403202,"GROSS_PROFIT_RATIO":86.186656231657,"EPS_TTM":0.022242,"OPERATE_INCOME_QOQ":15.020333202151,"NET_PROFIT_RATIO":45.4966412313,"ROE_AVG":6.42451926619,"GROSS_PROFIT_QOQ":32.319413919414,"ROA":4.490418595071,"HOLDER_PROFIT_QOQ":0.962324103495,"ROE_YEARLY":12.849038532381,"ROIC_YEARLY":30.923185185596,"TOTAL_ASSETS":319122000,"TOTAL_LIABILITIES":94978000,"TAX_EBT":26.891636973381,"OCF_SALES":61.886127959304,"TOTAL_PARENT_EQUITY":224144000,"DEBT_ASSET_RATIO":29.7622852702,"OPERATE_PROFIT":17853000,"PRETAX_PROFIT":19084000,"NETCASH_OPERATE":18978000,"NETCASH_INVEST":28383000,"NETCASH_FINANCE":-247000,"END_CASH":229655000,"DIVI_RATIO":0.40743638162,"DIVIDEND_RATE":1.754385964912,"CURRENT_RATIO":16.900451660156,"COMMON_ACS":3000000000,"CURRENTDEBT_DEBT":17.250310598244,"ISSUED_COMMON_SHARES":1000000000,"HK_COMMON_SHARES":1000000000,"PER_SHARES":10000,"TOTAL_MARKET_CAP":570000000,"HKSK_MARKET_CAP":570000000,"PE_TTM":46.477070810108,"PB_TTM":2.302421796165,"REPORT_DATE_SQ":"2022-06-30 00:00:00","REPORT_TYPE_SQ":"2022年中报","OPERATE_INCOME_SQ":23796000,"DPS_HKD":0.01,"OPERATE_INCOME_QOQ_SQ":6.942137477531,"NET_PROFIT_RATIO_SQ":57.7407967726,"HOLDER_PROFIT_SQ":13740000,"HOLDER_PROFIT_QOQ_SQ":33.544652701213,"ROE_AVG_SQ":7.04499774396,"PE_TTM_SQ":26.550641300547,"PB_TTM_SQ":2.591402848169,"ROA_SQ":4.801459308157,"START_DATE":"2023-01-01 00:00:00","FISCAL_YEAR":"12-31","CURRENCY":"HKD","IS_CNY_CODE":0,"DPS_HKD_LY":null,"ORG_TYPE":"一般企业","PREMIUM_INCOME":null,"PREMIUM_INCOME_YOY":null,"NET_INTEREST_INCOME":null,"NET_INTEREST_INCOME_YOY":null,"FEE_COMMISSION_INCOME":null,"FEE_COMMISSION_INCOME_YOY":null,"ACCOUNTS_RECE_TDAYS":null,"INVENTORY_TDAYS":0.225397078777,"CURRENT_ASSETS_TDAYS":0.113895419448,"TOTAL_ASSETS_TDAYS":0.098697804355,"PREMIUM_EXPENSE":null,"LOAN_DEPOSIT":null,"LOAN_EQUITY":null,"LOAN_ASSETS":null,"DEPOSIT_EQUITY":null,"DEPOSIT_ASSETS":null,"EQUITY_MULTIPLIER":1.423736526518,"EQUITY_RATIO":0.423736526519},{"SECUCODE":"06966.HK","SECURITY_CODE":"06966","SECURITY_NAME_ABBR":"中国万桐园","ORG_CODE":"10666438","STD_REPORT_DATE":"2022-12-31 00:00:00","REPORT_DATE":"2022-12-31 00:00:00","DATE_TYPE_CODE":"001","REPORT_TYPE":"2022年年报","PER_NETCASH_OPERATE":0.016002,"PER_OI":0.045738,"BPS":0.210192,"BASIC_EPS":0.022,"DILUTED_EPS":null,"OPERATE_INCOME":45738000,"OPERATE_INCOME_YOY":4.070627318,"GROSS_PROFIT":34125000,"GROSS_PROFIT_YOY":-6.237120483583,"HOLDER_PROFIT":22030000,"HOLDER_PROFIT_YOY":21.4443219405,"GROSS_PROFIT_RATIO":74.609733700643,"EPS_TTM":0.02203,"OPERATE_INCOME_QOQ":-2.685106382979,"NET_PROFIT_RATIO":48.1656390747,"ROE_AVG":11.060514015172,"GROSS_PROFIT_QOQ":-0.799418604651,"ROA":7.577881392225,"HOLDER_PROFIT_QOQ":-9.0608875129,"ROE_YEARLY":11.060514015172,"ROIC_YEARLY":15.420853501892,"TOTAL_ASSETS":302290000,"TOTAL_LIABILITIES":92098000,"TAX_EBT":22.750543516376,"OCF_SALES":34.986225895317,"TOTAL_PARENT_EQUITY":210192000,"DEBT_ASSET_RATIO":30.4667703199,"OPERATE_PROFIT":24858000,"PRETAX_PROFIT":28518000,"NETCASH_OPERATE":16002000,"NETCASH_INVEST":89148000,"NETCASH_FINANCE":-690000,"END_CASH":181284000,"DIVI_RATIO":0.411357240127,"DIVIDEND_RATE":1.754385964912,"CURRENT_RATIO":14.339582305542,"COMMON_ACS":3000000000,"CURRENTDEBT_DEBT":19.808247736107,"ISSUED_COMMON_SHARES":1000000000,"HK_COMMON_SHARES":1000000000,"PER_SHARES":10000,"TOTAL_MARKET_CAP":570000000,"HKSK_MARKET_CAP":570000000,"PE_TTM":46.477070810108,"PB_TTM":2.302421796165,"REPORT_DATE_SQ":"2021-12-31 00:00:00","REPORT_TYPE_SQ":"2021年年报","OPERATE_INCOME_SQ":43949000,"DPS_HKD":0.01,"OPERATE_INCOME_QOQ_SQ":8.408978786384,"NET_PROFIT_RATIO_SQ":41.2751143371,"HOLDER_PROFIT_SQ":18140000,"HOLDER_PROFIT_QOQ_SQ":9.66025873534,"ROE_AVG_SQ":10.128872311438,"PE_TTM_SQ":26.550641300547,"PB_TTM_SQ":2.591402848169,"ROA_SQ":6.812953625719,"START_DATE":"2022-01-01 00:00:00","FISCAL_YEAR":"12-31","CURRENCY":"HKD","IS_CNY_CODE":0,"DPS_HKD_LY":null,"ORG_TYPE":"一般企业","PREMIUM_INCOME":null,"PREMIUM_INCOME_YOY":null,"NET_INTEREST_INCOME":null,"NET_INTEREST_INCOME_YOY":null,"FEE_COMMISSION_INCOME":null,"FEE_COMMISSION_INCOME_YOY":null,"ACCOUNTS_RECE_TDAYS":69.510638297872,"INVENTORY_TDAYS":0.52980223089,"CURRENT_ASSETS_TDAYS":0.192156689753,"TOTAL_ASSETS_TDAYS":0.157329613762,"PREMIUM_EXPENSE":null,"LOAN_DEPOSIT":null,"LOAN_EQUITY":null,"LOAN_ASSETS":null,"DEPOSIT_EQUITY":null,"DEPOSIT_ASSETS":null,"EQUITY_MULTIPLIER":1.438161300145,"EQUITY_RATIO":0.438161300145},{"SECUCODE":"06966.HK","SECURITY_CODE":"06966","SECURITY_NAME_ABBR":"中国万桐园","ORG_CODE":"10666438","STD_REPORT_DATE":"2022-06-30 00:00:00","REPORT_DATE":"2022-06-30 00:00:00","DATE_TYPE_CODE":"002","REPORT_TYPE":"2022年中报","PER_NETCASH_OPERATE":0.006843,"PER_OI":0.023796,"BPS":0.201902,"BASIC_EPS":0.014,"DILUTED_EPS":null,"OPERATE_INCOME":23796000,"OPERATE_INCOME_YOY":14.7071583514,"GROSS_PROFIT":15401000,"GROSS_PROFIT_YOY":-11.468153598528,"HOLDER_PROFIT":13740000,"HOLDER_PROFIT_YOY":79.490529066,"GROSS_PROFIT_RATIO":64.720961506136,"EPS_TTM":0.024225,"OPERATE_INCOME_QOQ":6.942137477531,"NET_PROFIT_RATIO":57.7407967726,"ROE_AVG":7.04499774396,"GROSS_PROFIT_QOQ":-5.481522187114,"ROA":4.801459308157,"HOLDER_PROFIT_QOQ":33.544652701213,"ROE_YEARLY":14.08999548792,"ROIC_YEARLY":13.872412174203,"TOTAL_ASSETS":293187000,"TOTAL_LIABILITIES":91285000,"TAX_EBT":21.01632559209,"OCF_SALES":28.756933938477,"TOTAL_PARENT_EQUITY":201902000,"DEBT_ASSET_RATIO":31.1354186918,"OPERATE_PROFIT":17415000,"PRETAX_PROFIT":17396000,"NETCASH_OPERATE":6843000,"NETCASH_INVEST":11868000,"NETCASH_FINANCE":-343000,"END_CASH":91716000,"DIVI_RATIO":0.374084623323,"DIVIDEND_RATE":1.754385964912,"CURRENT_RATIO":12.154564370698,"COMMON_ACS":3000000000,"CURRENTDEBT_DEBT":20.53239853207,"ISSUED_COMMON_SHARES":1000000000,"HK_COMMON_SHARES":1000000000,"PER_SHARES":10000,"TOTAL_MARKET_CAP":570000000,"HKSK_MARKET_CAP":570000000,"PE_TTM":46.477070810108,"PB_TTM":2.302421796165,"REPORT_DATE_SQ":"2021-06-30 00:00:00","REPORT_TYPE_SQ":"2021年中报","OPERATE_INCOME_SQ":20745000,"DPS_HKD":0.01,"OPERATE_INCOME_QOQ_SQ":4.240055539842,"NET_PROFIT_RATIO_SQ":36.9004579417,"HOLDER_PROFIT_SQ":7655000,"HOLDER_PROFIT_QOQ_SQ":-5.695228322217,"ROE_AVG_SQ":4.403233831561,"PE_TTM_SQ":26.550641300547,"PB_TTM_SQ":2.591402848169,"ROA_SQ":2.976230975741,"START_DATE":"2022-01-01 00:00:00","FISCAL_YEAR":"12-31","CURRENCY":"HKD","IS_CNY_CODE":0,"DPS_HKD_LY":null,"ORG_TYPE":"一般企业","PREMIUM_INCOME":null,"PREMIUM_INCOME_YOY":null,"NET_INTEREST_INCOME":null,"NET_INTEREST_INCOME_YOY":null,"FEE_COMMISSION_INCOME":null,"FEE_COMMISSION_INCOME_YOY":null,"ACCOUNTS_RECE_TDAYS":null,"INVENTORY_TDAYS":0.362157848191,"CURRENT_ASSETS_TDAYS":0.107609691022,"TOTAL_ASSETS_TDAYS":0.083155404437,"PREMIUM_EXPENSE":null,"LOAN_DEPOSIT":null,"LOAN_EQUITY":null,"LOAN_ASSETS":null,"DEPOSIT_EQUITY":null,"DEPOSIT_ASSETS":null,"EQUITY_MULTIPLIER":1.452125288506,"EQUITY_RATIO":0.452125288506},{"SECUCODE":"06966.HK","SECURITY_CODE":"06966","SECURITY_NAME_ABBR":"中国万桐园","ORG_CODE":"10666438","STD_REPORT_DATE":"2021-12-31 00:00:00","REPORT_DATE":"2021-12-31 00:00:00","DATE_TYPE_CODE":"001","REPORT_TYPE":"2021年年报","PER_NETCASH_OPERATE":0.018726,"PER_OI":0.043949,"BPS":0.188162,"BASIC_EPS":0.018,"DILUTED_EPS":null,"OPERATE_INCOME":43949000,"OPERATE_INCOME_YOY":13.0055796971,"GROSS_PROFIT":36395000,"GROSS_PROFIT_YOY":10.646642142705,"HOLDER_PROFIT":18140000,"HOLDER_PROFIT_YOY":3.4148566216,"GROSS_PROFIT_RATIO":82.811895606271,"EPS_TTM":0.01814,"OPERATE_INCOME_QOQ":8.408978786384,"NET_PROFIT_RATIO":41.2751143371,"ROE_AVG":10.128872311438,"GROSS_PROFIT_QOQ":5.891766075065,"ROA":6.812953625719,"HOLDER_PROFIT_QOQ":9.66025873534,"ROE_YEARLY":10.128872311438,"ROIC_YEARLY":14.485520468583,"TOTAL_ASSETS":279139000,"TOTAL_LIABILITIES":90977000,"TAX_EBT":27.171992933997,"OCF_SALES":42.608478008601,"TOTAL_PARENT_EQUITY":188162000,"DEBT_ASSET_RATIO":32.5920061331,"OPERATE_PROFIT":26061000,"PRETAX_PROFIT":24908000,"NETCASH_OPERATE":18726000,"NETCASH_INVEST":-88190000,"NETCASH_FINANCE":-626000,"END_CASH":73228000,"DIVI_RATIO":0.499570011025,"DIVIDEND_RATE":1.754385964912,"CURRENT_RATIO":10.486650366748,"COMMON_ACS":3000000000,"CURRENTDEBT_DEBT":22.478208778043,"ISSUED_COMMON_SHARES":1000000000,"HK_COMMON_SHARES":1000000000,"PER_SHARES":10000,"TOTAL_MARKET_CAP":570000000,"HKSK_MARKET_CAP":570000000,"PE_TTM":46.477070810108,"PB_TTM":2.302421796165,"REPORT_DATE_SQ":"2020-12-31 00:00:00","REPORT_TYPE_SQ":"2020年年报","OPERATE_INCOME_SQ":38891000,"DPS_HKD":0.01,"OPERATE_INCOME_QOQ_SQ":-38.917857703785,"NET_PROFIT_RATIO_SQ":45.1029801239,"HOLDER_PROFIT_SQ":17541000,"HOLDER_PROFIT_QOQ_SQ":-35.33748663693,"ROE_AVG_SQ":10.878038343829,"PE_TTM_SQ":26.550641300547,"PB_TTM_SQ":2.591402848169,"ROA_SQ":7.17834342773,"START_DATE":"2021-01-01 00:00:00","FISCAL_YEAR":"12-31","CURRENCY":"HKD","IS_CNY_CODE":0,"DPS_HKD_LY":null,"ORG_TYPE":"一般企业","PREMIUM_INCOME":null,"PREMIUM_INCOME_YOY":null,"NET_INTEREST_INCOME":null,"NET_INTEREST_INCOME_YOY":null,"FEE_COMMISSION_INCOME":null,"FEE_COMMISSION_INCOME_YOY":null,"ACCOUNTS_RECE_TDAYS":null,"INVENTORY_TDAYS":0.355993308042,"CURRENT_ASSETS_TDAYS":0.203490202615,"TOTAL_ASSETS_TDAYS":0.165062017032,"PREMIUM_EXPENSE":null,"LOAN_DEPOSIT":null,"LOAN_EQUITY":null,"LOAN_ASSETS":null,"DEPOSIT_EQUITY":null,"DEPOSIT_ASSETS":null,"EQUITY_MULTIPLIER":1.483503576704,"EQUITY_RATIO":0.483503576705},{"SECUCODE":"06966.HK","SECURITY_CODE":"06966","SECURITY_NAME_ABBR":"中国万桐园","ORG_CODE":"10666438","STD_REPORT_DATE":"2021-06-30 00:00:00","REPORT_DATE":"2021-06-30 00:00:00","DATE_TYPE_CODE":"002","REPORT_TYPE":"2021年中报","PER_NETCASH_OPERATE":-0.021783,"PER_OI":0.020745,"BPS":0.177677,"BASIC_EPS":0.008,"DILUTED_EPS":null,"OPERATE_INCOME":20745000,"OPERATE_INCOME_YOY":8.6353162966,"GROSS_PROFIT":17396000,"GROSS_PROFIT_YOY":9.278220993781,"HOLDER_PROFIT":7655000,"HOLDER_PROFIT_YOY":-11.543794777,"GROSS_PROFIT_RATIO":83.856350927934,"EPS_TTM":0.016542,"OPERATE_INCOME_QOQ":4.240055539842,"NET_PROFIT_RATIO":36.9004579417,"ROE_AVG":4.403233831561,"GROSS_PROFIT_QOQ":4.490317088742,"ROA":2.976230975741,"HOLDER_PROFIT_QOQ":-5.695228322217,"ROE_YEARLY":8.806467663122,"ROIC_YEARLY":21.66867171467,"TOTAL_ASSETS":261033000,"TOTAL_LIABILITIES":83356000,"TAX_EBT":27.851083883129,"OCF_SALES":-105.003615328995,"TOTAL_PARENT_EQUITY":177677000,"DEBT_ASSET_RATIO":31.9331272291,"OPERATE_PROFIT":11375000,"PRETAX_PROFIT":10610000,"NETCASH_OPERATE":-21783000,"NETCASH_INVEST":-10810000,"NETCASH_FINANCE":-316000,"END_CASH":110469000,"DIVI_RATIO":0.547829766655,"DIVIDEND_RATE":1.754385964912,"CURRENT_RATIO":12.535789946716,"COMMON_ACS":3000000000,"CURRENTDEBT_DEBT":18.687317049763,"ISSUED_COMMON_SHARES":1000000000,"HK_COMMON_SHARES":1000000000,"PER_SHARES":10000,"TOTAL_MARKET_CAP":570000000,"HKSK_MARKET_CAP":570000000,"PE_TTM":46.477070810108,"PB_TTM":2.302421796165,"REPORT_DATE_SQ":"2020-06-30 00:00:00","REPORT_TYPE_SQ":"2020年中报","OPERATE_INCOME_SQ":19096000,"DPS_HKD":0.01,"OPERATE_INCOME_QOQ_SQ":0.46231282642,"NET_PROFIT_RATIO_SQ":45.3183912861,"HOLDER_PROFIT_SQ":8654000,"HOLDER_PROFIT_QOQ_SQ":15.184068617044,"ROE_AVG_SQ":5.518851079027,"PE_TTM_SQ":26.550641300547,"PB_TTM_SQ":2.591402848169,"ROA_SQ":3.599945921774,"START_DATE":"2021-01-01 00:00:00","FISCAL_YEAR":"12-31","CURRENCY":"HKD","IS_CNY_CODE":0,"DPS_HKD_LY":null,"ORG_TYPE":"一般企业","PREMIUM_INCOME":null,"PREMIUM_INCOME_YOY":null,"NET_INTEREST_INCOME":null,"NET_INTEREST_INCOME_YOY":null,"FEE_COMMISSION_INCOME":null,"FEE_COMMISSION_INCOME_YOY":null,"ACCOUNTS_RECE_TDAYS":null,"INVENTORY_TDAYS":0.18056341825,"CURRENT_ASSETS_TDAYS":0.100516025874,"TOTAL_ASSETS_TDAYS":0.080655665045,"PREMIUM_EXPENSE":null,"LOAN_DEPOSIT":null,"LOAN_EQUITY":null,"LOAN_ASSETS":null,"DEPOSIT_EQUITY":null,"DEPOSIT_ASSETS":null,"EQUITY_MULTIPLIER":1.46914344569,"EQUITY_RATIO":0.469143445691},{"SECUCODE":"06966.HK","SECURITY_CODE":"06966","SECURITY_NAME_ABBR":"中国万桐园","ORG_CODE":"10666438","STD_REPORT_DATE":"2020-12-31 00:00:00","REPORT_DATE":"2020-12-31 00:00:00","DATE_TYPE_CODE":"001","REPORT_TYPE":"2020年年报","PER_NETCASH_OPERATE":0.008985,"PER_OI":0.038891,"BPS":0.170022,"BASIC_EPS":0.018,"DILUTED_EPS":null,"OPERATE_INCOME":38891000,"OPERATE_INCOME_YOY":-38.6354671253,"GROSS_PROFIT":32893000,"GROSS_PROFIT_YOY":-35.012052001423,"HOLDER_PROFIT":17541000,"HOLDER_PROFIT_YOY":-25.5190862384,"GROSS_PROFIT_RATIO":84.577408654959,"EPS_TTM":0.017541,"OPERATE_INCOME_QOQ":-38.917857703785,"NET_PROFIT_RATIO":45.1029801239,"ROE_AVG":10.878038343829,"GROSS_PROFIT_QOQ":-35.611236175002,"ROA":7.17834342773,"HOLDER_PROFIT_QOQ":-35.33748663693,"ROE_YEARLY":10.878038343829,"ROIC_YEARLY":34.458304685198,"TOTAL_ASSETS":253376000,"TOTAL_LIABILITIES":83354000,"TAX_EBT":30.434265318263,"OCF_SALES":23.103031549716,"TOTAL_PARENT_EQUITY":170022000,"DEBT_ASSET_RATIO":32.8973541298,"OPERATE_PROFIT":25293000,"PRETAX_PROFIT":25215000,"NETCASH_OPERATE":9936000,"NETCASH_INVEST":-52112000,"NETCASH_FINANCE":-615000,"END_CASH":143830000,"DIVI_RATIO":0.516629610627,"DIVIDEND_RATE":1.754385964912,"CURRENT_RATIO":12.143375579253,"COMMON_ACS":3000000000,"CURRENTDEBT_DEBT":21.48787100799,"ISSUED_COMMON_SHARES":1000000000,"HK_COMMON_SHARES":1000000000,"PER_SHARES":10000,"TOTAL_MARKET_CAP":570000000,"HKSK_MARKET_CAP":570000000,"PE_TTM":46.477070810108,"PB_TTM":2.302421796165,"REPORT_DATE_SQ":"2019-12-31 00:00:00","REPORT_TYPE_SQ":"2019年年报","OPERATE_INCOME_SQ":63377000,"DPS_HKD":0.01,"OPERATE_INCOME_QOQ_SQ":2.000515015933,"NET_PROFIT_RATIO_SQ":37.1601685154,"HOLDER_PROFIT_SQ":23551000,"HOLDER_PROFIT_QOQ_SQ":-11.72457738296,"ROE_AVG_SQ":16.737796319263,"PE_TTM_SQ":26.550641300547,"PB_TTM_SQ":2.591402848169,"ROA_SQ":10.32243642986,"START_DATE":"2020-01-01 00:00:00","FISCAL_YEAR":"12-31","CURRENCY":"HKD","IS_CNY_CODE":0,"DPS_HKD_LY":null,"ORG_TYPE":"一般企业","PREMIUM_INCOME":null,"PREMIUM_INCOME_YOY":null,"NET_INTEREST_INCOME":null,"NET_INTEREST_INCOME_YOY":null,"FEE_COMMISSION_INCOME":null,"FEE_COMMISSION_INCOME_YOY":null,"ACCOUNTS_RECE_TDAYS":null,"INVENTORY_TDAYS":0.316700987381,"CURRENT_ASSETS_TDAYS":0.182248454161,"TOTAL_ASSETS_TDAYS":0.159154526109,"PREMIUM_EXPENSE":null,"LOAN_DEPOSIT":null,"LOAN_EQUITY":null,"LOAN_ASSETS":null,"DEPOSIT_EQUITY":null,"DEPOSIT_ASSETS":null,"EQUITY_MULTIPLIER":1.490254202397,"EQUITY_RATIO":0.490254202397},{"SECUCODE":"06966.HK","SECURITY_CODE":"06966","SECURITY_NAME_ABBR":"中国万桐园","ORG_CODE":"10666438","STD_REPORT_DATE":"2020-06-30 00:00:00","REPORT_DATE":"2020-06-30 00:00:00","DATE_TYPE_CODE":"002","REPORT_TYPE":"2020年中报","PER_NETCASH_OPERATE":0.007037,"PER_OI":0.019096,"BPS":0.161135,"BASIC_EPS":0.009,"DILUTED_EPS":null,"OPERATE_INCOME":19096000,"OPERATE_INCOME_YOY":1.5582619795,"GROSS_PROFIT":15919000,"GROSS_PROFIT_YOY":3.0489383739,"HOLDER_PROFIT":8654000,"HOLDER_PROFIT_YOY":70.4214257582,"GROSS_PROFIT_RATIO":83.363007959782,"EPS_TTM":0.027127,"OPERATE_INCOME_QOQ":0.46231282642,"NET_PROFIT_RATIO":45.3183912861,"ROE_AVG":5.518851079027,"GROSS_PROFIT_QOQ":0.930572568854,"ROA":3.599945921774,"HOLDER_PROFIT_QOQ":15.184068617044,"ROE_YEARLY":11.037702158053,"ROIC_YEARLY":36.812999829845,"TOTAL_ASSETS":245441000,"TOTAL_LIABILITIES":84306000,"TAX_EBT":25.454388836248,"OCF_SALES":36.850649350649,"TOTAL_PARENT_EQUITY":161135000,"DEBT_ASSET_RATIO":34.3487844329,"OPERATE_PROFIT":11651000,"PRETAX_PROFIT":11609000,"NETCASH_OPERATE":7037000,"NETCASH_INVEST":485000,"NETCASH_FINANCE":-225000,"END_CASH":197473000,"DIVI_RATIO":0.334065691009,"DIVIDEND_RATE":1.754385964912,"CURRENT_RATIO":10.393545325107,"COMMON_ACS":3000000000,"CURRENTDEBT_DEBT":24.992289991223,"ISSUED_COMMON_SHARES":1000000000,"HK_COMMON_SHARES":1000000000,"PER_SHARES":10000,"TOTAL_MARKET_CAP":570000000,"HKSK_MARKET_CAP":570000000,"PE_TTM":46.477070810108,"PB_TTM":2.302421796165,"REPORT_DATE_SQ":"2019-06-30 00:00:00","REPORT_TYPE_SQ":"2019年中报","OPERATE_INCOME_SQ":18803000,"DPS_HKD":0.01,"OPERATE_INCOME_QOQ_SQ":-4.291175782164,"NET_PROFIT_RATIO_SQ":27.0063287773,"HOLDER_PROFIT_SQ":5078000,"HOLDER_PROFIT_QOQ_SQ":20.873097440415,"ROE_AVG_SQ":3.862507511276,"PE_TTM_SQ":26.550641300547,"PB_TTM_SQ":2.591402848169,"ROA_SQ":2.260078110222,"START_DATE":"2020-01-01 00:00:00","FISCAL_YEAR":"12-31","CURRENCY":"HKD","IS_CNY_CODE":0,"DPS_HKD_LY":null,"ORG_TYPE":"一般企业","PREMIUM_INCOME":null,"PREMIUM_INCOME_YOY":null,"NET_INTEREST_INCOME":null,"NET_INTEREST_INCOME_YOY":null,"FEE_COMMISSION_INCOME":null,"FEE_COMMISSION_INCOME_YOY":null,"ACCOUNTS_RECE_TDAYS":null,"INVENTORY_TDAYS":0.167307388488,"CURRENT_ASSETS_TDAYS":0.089174681227,"TOTAL_ASSETS_TDAYS":0.079436754474,"PREMIUM_EXPENSE":null,"LOAN_DEPOSIT":null,"LOAN_EQUITY":null,"LOAN_ASSETS":null,"DEPOSIT_EQUITY":null,"DEPOSIT_ASSETS":null,"EQUITY_MULTIPLIER":1.523201042604,"EQUITY_RATIO":0.523201042604}],"count":25},"success":true,"message":"ok","code":0}