{"version":"33e0969b30a14547ee1b788a1a5c8635","result":{"pages":2,"data":[{"SECUCODE":"06969.HK","SECURITY_CODE":"06969","SECURITY_NAME_ABBR":"思摩尔国际","ORG_CODE":"10000069040","STD_REPORT_DATE":"2024-06-30 00:00:00","REPORT_DATE":"2024-06-30 00:00:00","DATE_TYPE_CODE":"002","REPORT_TYPE":"2024年中报","PER_NETCASH_OPERATE":0.09820879042,"PER_OI":0.820633121287,"BPS":3.449754231598,"BASIC_EPS":0.112,"DILUTED_EPS":0.1111,"OPERATE_INCOME":5037242000,"OPERATE_INCOME_YOY":-1.6713313769,"GROSS_PROFIT":1914597000,"GROSS_PROFIT_YOY":3.192193470844,"HOLDER_PROFIT":683198000,"HOLDER_PROFIT_YOY":-4.7597937943,"GROSS_PROFIT_RATIO":38.008834993435,"EPS_TTM":0.262444338431,"OPERATE_INCOME_QOQ":-0.766625759664,"NET_PROFIT_RATIO":13.562937814,"ROE_AVG":3.197426027073,"GROSS_PROFIT_QOQ":1.366426066907,"ROA":2.625196837505,"HOLDER_PROFIT_QOQ":-2.07550954659,"ROE_YEARLY":6.394852054145,"ROIC_YEARLY":12.452279715255,"TOTAL_ASSETS":26540994000,"TOTAL_LIABILITIES":5216354000,"TAX_EBT":15.816180049411,"OCF_SALES":11.967441707188,"TOTAL_PARENT_EQUITY":21324640000,"DEBT_ASSET_RATIO":19.653951167,"OPERATE_PROFIT":830067000,"PRETAX_PROFIT":811555000,"NETCASH_OPERATE":602829000,"NETCASH_INVEST":267909000,"NETCASH_FINANCE":332125000,"END_CASH":6534871000,"DIVI_RATIO":0.346530622622,"DIVIDEND_RATE":0.8,"CURRENT_RATIO":3.961544427215,"COMMON_ACS":10000000000,"CURRENTDEBT_DEBT":89.729761438737,"ISSUED_COMMON_SHARES":6181495425,"HK_COMMON_SHARES":6181495425,"PER_SHARES":1000,"TOTAL_MARKET_CAP":77268692812.5,"HKSK_MARKET_CAP":77268692812.5,"PE_TTM":43.267198655974,"PB_TTM":3.307047179043,"REPORT_DATE_SQ":"2023-06-30 00:00:00","REPORT_TYPE_SQ":"2023年中报","OPERATE_INCOME_SQ":5122862000,"DPS_HKD":0.1,"OPERATE_INCOME_QOQ_SQ":-4.367722301725,"NET_PROFIT_RATIO_SQ":14.0027586142,"HOLDER_PROFIT_SQ":717342000,"HOLDER_PROFIT_QOQ_SQ":-26.584222862779,"ROE_AVG_SQ":3.482452257261,"PE_TTM_SQ":16.39513372097,"PB_TTM_SQ":1.429636266777,"ROA_SQ":2.961692606693,"START_DATE":"2024-01-01 00:00:00","FISCAL_YEAR":"12-31","CURRENCY":"HKD","IS_CNY_CODE":0,"DPS_HKD_LY":0.1,"ORG_TYPE":"一般企业","PREMIUM_INCOME":null,"PREMIUM_INCOME_YOY":null,"NET_INTEREST_INCOME":null,"NET_INTEREST_INCOME_YOY":null,"FEE_COMMISSION_INCOME":null,"FEE_COMMISSION_INCOME_YOY":null,"ACCOUNTS_RECE_TDAYS":2.526712164027,"INVENTORY_TDAYS":3.92982025604,"CURRENT_ASSETS_TDAYS":0.264330267977,"TOTAL_ASSETS_TDAYS":0.193556652217,"PREMIUM_EXPENSE":null,"LOAN_DEPOSIT":null,"LOAN_EQUITY":null,"LOAN_ASSETS":null,"DEPOSIT_EQUITY":null,"DEPOSIT_ASSETS":null,"EQUITY_MULTIPLIER":1.244616274882,"EQUITY_RATIO":0.244616274882},{"SECUCODE":"06969.HK","SECURITY_CODE":"06969","SECURITY_NAME_ABBR":"思摩尔国际","ORG_CODE":"10000069040","STD_REPORT_DATE":"2023-12-31 00:00:00","REPORT_DATE":"2023-12-31 00:00:00","DATE_TYPE_CODE":"001","REPORT_TYPE":"2023年年报","PER_NETCASH_OPERATE":0.520249112943,"PER_OI":1.819779628843,"BPS":3.463499934565,"BASIC_EPS":0.2701,"DILUTED_EPS":0.2667,"OPERATE_INCOME":11168422000,"OPERATE_INCOME_YOY":-8.0408366255,"GROSS_PROFIT":4334446000,"GROSS_PROFIT_YOY":-17.590318105906,"HOLDER_PROFIT":1645090000,"HOLDER_PROFIT_YOY":-34.4668161299,"GROSS_PROFIT_RATIO":38.809833654208,"EPS_TTM":0.268050515069,"OPERATE_INCOME_QOQ":-3.840872989941,"NET_PROFIT_RATIO":14.7298338118,"ROE_AVG":7.873727257092,"GROSS_PROFIT_QOQ":-1.699756996141,"ROA":6.597830924331,"HOLDER_PROFIT_QOQ":-10.736920011633,"ROE_YEARLY":7.873727257092,"ROIC_YEARLY":17.779856243947,"TOTAL_ASSETS":25508284000,"TOTAL_LIABILITIES":4098675000,"TAX_EBT":15.049993829197,"OCF_SALES":28.588577688057,"TOTAL_PARENT_EQUITY":21409609000,"DEBT_ASSET_RATIO":16.0680153945,"OPERATE_PROFIT":1963731000,"PRETAX_PROFIT":1936539000,"NETCASH_OPERATE":3192893000,"NETCASH_INVEST":-7015919000,"NETCASH_FINANCE":-612360000,"END_CASH":5332076000,"DIVI_RATIO":0.339283063778,"DIVIDEND_RATE":0.8,"CURRENT_RATIO":5.487640105397,"COMMON_ACS":10000000000,"CURRENTDEBT_DEBT":87.011851390998,"ISSUED_COMMON_SHARES":6181495425,"HK_COMMON_SHARES":6181495425,"PER_SHARES":1000,"TOTAL_MARKET_CAP":77268692812.5,"HKSK_MARKET_CAP":77268692812.5,"PE_TTM":43.267198655974,"PB_TTM":3.307047179043,"REPORT_DATE_SQ":"2022-12-31 00:00:00","REPORT_TYPE_SQ":"2022年年报","OPERATE_INCOME_SQ":12144980000,"DPS_HKD":0.1,"OPERATE_INCOME_QOQ_SQ":-2.490349981136,"NET_PROFIT_RATIO_SQ":20.6695770598,"HOLDER_PROFIT_SQ":2510316000,"HOLDER_PROFIT_QOQ_SQ":-33.814362373746,"ROE_AVG_SQ":12.670822896889,"PE_TTM_SQ":16.20811698651,"PB_TTM_SQ":1.413328628753,"ROA_SQ":10.630035517423,"START_DATE":"2023-01-01 00:00:00","FISCAL_YEAR":"12-31","CURRENCY":"HKD","IS_CNY_CODE":0,"DPS_HKD_LY":0.13,"ORG_TYPE":"一般企业","PREMIUM_INCOME":null,"PREMIUM_INCOME_YOY":null,"NET_INTEREST_INCOME":null,"NET_INTEREST_INCOME_YOY":null,"FEE_COMMISSION_INCOME":null,"FEE_COMMISSION_INCOME_YOY":null,"ACCOUNTS_RECE_TDAYS":5.331197688883,"INVENTORY_TDAYS":8.427612180495,"CURRENT_ASSETS_TDAYS":0.576144381444,"TOTAL_ASSETS_TDAYS":0.447922971069,"PREMIUM_EXPENSE":null,"LOAN_DEPOSIT":null,"LOAN_EQUITY":null,"LOAN_ASSETS":null,"DEPOSIT_EQUITY":null,"DEPOSIT_ASSETS":null,"EQUITY_MULTIPLIER":1.191440908612,"EQUITY_RATIO":0.191440908613},{"SECUCODE":"06969.HK","SECURITY_CODE":"06969","SECURITY_NAME_ABBR":"思摩尔国际","ORG_CODE":"10000069040","STD_REPORT_DATE":"2023-06-30 00:00:00","REPORT_DATE":"2023-06-30 00:00:00","DATE_TYPE_CODE":"002","REPORT_TYPE":"2023年中报","PER_NETCASH_OPERATE":0.176356665467,"PER_OI":0.842425552916,"BPS":3.368167663086,"BASIC_EPS":0.1181,"DILUTED_EPS":0.1163,"OPERATE_INCOME":5122862000,"OPERATE_INCOME_YOY":-9.3831395741,"GROSS_PROFIT":1855370000,"GROSS_PROFIT_YOY":-31.42500000924,"HOLDER_PROFIT":717342000,"HOLDER_PROFIT_YOY":-48.1947583936,"GROSS_PROFIT_RATIO":36.217450323667,"EPS_TTM":0.303065617697,"OPERATE_INCOME_QOQ":-4.367722301725,"NET_PROFIT_RATIO":14.0027586142,"ROE_AVG":3.482452257261,"GROSS_PROFIT_QOQ":-16.165332479535,"ROA":2.961692606693,"HOLDER_PROFIT_QOQ":-26.584222862779,"ROE_YEARLY":6.964904514522,"ROIC_YEARLY":15.729318940961,"TOTAL_ASSETS":24082037000,"TOTAL_LIABILITIES":3261724000,"TAX_EBT":9.900900561438,"OCF_SALES":20.93439175211,"TOTAL_PARENT_EQUITY":20820313000,"DEBT_ASSET_RATIO":13.544219702,"OPERATE_PROFIT":807150000,"PRETAX_PROFIT":796170000,"NETCASH_OPERATE":1072440000,"NETCASH_INVEST":2303452000,"NETCASH_FINANCE":-537990000,"END_CASH":12605378000,"DIVI_RATIO":0.300083528746,"DIVIDEND_RATE":0.8,"CURRENT_RATIO":6.392681686743,"COMMON_ACS":10000000000,"CURRENTDEBT_DEBT":87.374621519172,"ISSUED_COMMON_SHARES":6181495425,"HK_COMMON_SHARES":6181495425,"PER_SHARES":1000,"TOTAL_MARKET_CAP":77268692812.5,"HKSK_MARKET_CAP":77268692812.5,"PE_TTM":43.267198655974,"PB_TTM":3.307047179043,"REPORT_DATE_SQ":"2022-06-30 00:00:00","REPORT_TYPE_SQ":"2022年中报","OPERATE_INCOME_SQ":5653321000,"DPS_HKD":0.1,"OPERATE_INCOME_QOQ_SQ":-9.451560357862,"NET_PROFIT_RATIO_SQ":24.493390699,"HOLDER_PROFIT_SQ":1384690000,"HOLDER_PROFIT_QOQ_SQ":-28.260550898086,"ROE_AVG_SQ":7.114024763787,"PE_TTM_SQ":16.20811698651,"PB_TTM_SQ":1.413328628753,"ROA_SQ":5.952432255882,"START_DATE":"2023-01-01 00:00:00","FISCAL_YEAR":"12-31","CURRENCY":"HKD","IS_CNY_CODE":0,"DPS_HKD_LY":0.13,"ORG_TYPE":"一般企业","PREMIUM_INCOME":null,"PREMIUM_INCOME_YOY":null,"NET_INTEREST_INCOME":null,"NET_INTEREST_INCOME_YOY":null,"FEE_COMMISSION_INCOME":null,"FEE_COMMISSION_INCOME_YOY":null,"ACCOUNTS_RECE_TDAYS":2.564457701202,"INVENTORY_TDAYS":4.112114059689,"CURRENT_ASSETS_TDAYS":0.273822460878,"TOTAL_ASSETS_TDAYS":0.211507795591,"PREMIUM_EXPENSE":null,"LOAN_DEPOSIT":null,"LOAN_EQUITY":null,"LOAN_ASSETS":null,"DEPOSIT_EQUITY":null,"DEPOSIT_ASSETS":null,"EQUITY_MULTIPLIER":1.156660661153,"EQUITY_RATIO":0.156660661153},{"SECUCODE":"06969.HK","SECURITY_CODE":"06969","SECURITY_NAME_ABBR":"思摩尔国际","ORG_CODE":"10000069040","STD_REPORT_DATE":"2022-12-31 00:00:00","REPORT_DATE":"2022-12-31 00:00:00","DATE_TYPE_CODE":"001","REPORT_TYPE":"2022年年报","PER_NETCASH_OPERATE":0.077303546783,"PER_OI":1.998131437194,"BPS":3.296485170496,"BASIC_EPS":0.4166,"DILUTED_EPS":0.4062,"OPERATE_INCOME":12144980000,"OPERATE_INCOME_YOY":-11.7065334074,"GROSS_PROFIT":5259632000,"GROSS_PROFIT_YOY":-28.702667831904,"HOLDER_PROFIT":2510316000,"HOLDER_PROFIT_YOY":-52.5187881823,"GROSS_PROFIT_RATIO":43.307045380067,"EPS_TTM":0.413005317167,"OPERATE_INCOME_QOQ":-2.490349981136,"NET_PROFIT_RATIO":20.6695770598,"ROE_AVG":12.670822896889,"GROSS_PROFIT_QOQ":-16.032122035894,"ROA":10.630035517423,"HOLDER_PROFIT_QOQ":-33.814362373746,"ROE_YEARLY":12.670822896889,"ROIC_YEARLY":28.897939111073,"TOTAL_ASSETS":24359317000,"TOTAL_LIABILITIES":3982109000,"TAX_EBT":15.029147088033,"OCF_SALES":3.868791879443,"TOTAL_PARENT_EQUITY":20377208000,"DEBT_ASSET_RATIO":16.3473754211,"OPERATE_PROFIT":2983306000,"PRETAX_PROFIT":2954326000,"NETCASH_OPERATE":469864000,"NETCASH_INVEST":-2423984000,"NETCASH_FINANCE":276192000,"END_CASH":9762933000,"DIVI_RATIO":0.220202976135,"DIVIDEND_RATE":0.8,"CURRENT_RATIO":5.349401789991,"COMMON_ACS":10000000000,"CURRENTDEBT_DEBT":90.127040721387,"ISSUED_COMMON_SHARES":6181495425,"HK_COMMON_SHARES":6181495425,"PER_SHARES":1000,"TOTAL_MARKET_CAP":77268692812.5,"HKSK_MARKET_CAP":77268692812.5,"PE_TTM":43.267198655974,"PB_TTM":3.307047179043,"REPORT_DATE_SQ":"2021-12-31 00:00:00","REPORT_TYPE_SQ":"2021年年报","OPERATE_INCOME_SQ":13755242000,"DPS_HKD":0.1,"OPERATE_INCOME_QOQ_SQ":5.139692688697,"NET_PROFIT_RATIO_SQ":38.436015884,"HOLDER_PROFIT_SQ":5286967000,"HOLDER_PROFIT_QOQ_SQ":1.631867738957,"ROE_AVG_SQ":33.413092553643,"PE_TTM_SQ":16.20811698651,"PB_TTM_SQ":1.413328628753,"ROA_SQ":28.088462473816,"START_DATE":"2022-01-01 00:00:00","FISCAL_YEAR":"12-31","CURRENCY":"HKD","IS_CNY_CODE":0,"DPS_HKD_LY":0.28,"ORG_TYPE":"一般企业","PREMIUM_INCOME":null,"PREMIUM_INCOME_YOY":null,"NET_INTEREST_INCOME":null,"NET_INTEREST_INCOME_YOY":null,"FEE_COMMISSION_INCOME":null,"FEE_COMMISSION_INCOME_YOY":null,"ACCOUNTS_RECE_TDAYS":5.156138489565,"INVENTORY_TDAYS":9.831492312262,"CURRENT_ASSETS_TDAYS":0.653227301827,"TOTAL_ASSETS_TDAYS":0.514284132987,"PREMIUM_EXPENSE":null,"LOAN_DEPOSIT":null,"LOAN_EQUITY":null,"LOAN_ASSETS":null,"DEPOSIT_EQUITY":null,"DEPOSIT_ASSETS":null,"EQUITY_MULTIPLIER":1.195419755248,"EQUITY_RATIO":0.195419755248},{"SECUCODE":"06969.HK","SECURITY_CODE":"06969","SECURITY_NAME_ABBR":"思摩尔国际","ORG_CODE":"10000069040","STD_REPORT_DATE":"2022-06-30 00:00:00","REPORT_DATE":"2022-06-30 00:00:00","DATE_TYPE_CODE":"002","REPORT_TYPE":"2022年中报","PER_NETCASH_OPERATE":-0.05555723914,"PER_OI":0.942464544582,"BPS":3.184034872921,"BASIC_EPS":0.2308,"DILUTED_EPS":0.2238,"OPERATE_INCOME":5653321000,"OPERATE_INCOME_YOY":-18.6970960706,"GROSS_PROFIT":2705607000,"GROSS_PROFIT_YOY":-29.150038336811,"HOLDER_PROFIT":1384690000,"HOLDER_PROFIT_YOY":-51.9007119594,"GROSS_PROFIT_RATIO":47.858718795554,"EPS_TTM":0.632304121018,"OPERATE_INCOME_QOQ":-9.451560357862,"NET_PROFIT_RATIO":24.493390699,"ROE_AVG":7.114024763787,"GROSS_PROFIT_QOQ":-15.089753490526,"ROA":5.952432255882,"HOLDER_PROFIT_QOQ":-28.260550898086,"ROE_YEARLY":14.228049527574,"ROIC_YEARLY":31.686378786197,"TOTAL_ASSETS":23653877000,"TOTAL_LIABILITIES":3971780000,"TAX_EBT":17.379539548857,"OCF_SALES":-5.894889039557,"TOTAL_PARENT_EQUITY":19682097000,"DEBT_ASSET_RATIO":16.7912431438,"OPERATE_PROFIT":1690655000,"PRETAX_PROFIT":1675965000,"NETCASH_OPERATE":-333257000,"NETCASH_INVEST":2308837000,"NETCASH_FINANCE":460937000,"END_CASH":13875609000,"DIVI_RATIO":0.143831104333,"DIVIDEND_RATE":0.8,"CURRENT_RATIO":4.914294132087,"COMMON_ACS":10000000000,"CURRENTDEBT_DEBT":93.233688673592,"ISSUED_COMMON_SHARES":6181495425,"HK_COMMON_SHARES":6181495425,"PER_SHARES":1000,"TOTAL_MARKET_CAP":77268692812.5,"HKSK_MARKET_CAP":77268692812.5,"PE_TTM":43.267198655974,"PB_TTM":3.307047179043,"REPORT_DATE_SQ":"2021-06-30 00:00:00","REPORT_TYPE_SQ":"2021年中报","OPERATE_INCOME_SQ":6953406000,"DPS_HKD":0.1,"OPERATE_INCOME_QOQ_SQ":30.698375024738,"NET_PROFIT_RATIO_SQ":41.4015232247,"HOLDER_PROFIT_SQ":2878816000,"HOLDER_PROFIT_QOQ_SQ":116.760301693264,"ROE_AVG_SQ":19.060318541519,"PE_TTM_SQ":16.20811698651,"PB_TTM_SQ":1.413328628753,"ROA_SQ":16.324064794292,"START_DATE":"2022-01-01 00:00:00","FISCAL_YEAR":"12-31","CURRENCY":"HKD","IS_CNY_CODE":0,"DPS_HKD_LY":0.28,"ORG_TYPE":"一般企业","PREMIUM_INCOME":null,"PREMIUM_INCOME_YOY":null,"NET_INTEREST_INCOME":null,"NET_INTEREST_INCOME_YOY":null,"FEE_COMMISSION_INCOME":null,"FEE_COMMISSION_INCOME_YOY":null,"ACCOUNTS_RECE_TDAYS":2.21013028981,"INVENTORY_TDAYS":5.311818501266,"CURRENT_ASSETS_TDAYS":0.312479871743,"TOTAL_ASSETS_TDAYS":0.243021978011,"PREMIUM_EXPENSE":null,"LOAN_DEPOSIT":null,"LOAN_EQUITY":null,"LOAN_ASSETS":null,"DEPOSIT_EQUITY":null,"DEPOSIT_ASSETS":null,"EQUITY_MULTIPLIER":1.201796587021,"EQUITY_RATIO":0.20179658702},{"SECUCODE":"06969.HK","SECURITY_CODE":"06969","SECURITY_NAME_ABBR":"思摩尔国际","ORG_CODE":"10000069040","STD_REPORT_DATE":"2021-12-31 00:00:00","REPORT_DATE":"2021-12-31 00:00:00","DATE_TYPE_CODE":"001","REPORT_TYPE":"2021年年报","PER_NETCASH_OPERATE":0.597037760086,"PER_OI":2.288639644582,"BPS":3.113544163142,"BASIC_EPS":0.8854,"DILUTED_EPS":0.854,"OPERATE_INCOME":13755242000,"OPERATE_INCOME_YOY":37.4158698501,"GROSS_PROFIT":7377039000,"GROSS_PROFIT_YOY":39.299461669058,"HOLDER_PROFIT":5286967000,"HOLDER_PROFIT_YOY":120.2975431275,"GROSS_PROFIT_RATIO":53.630746736408,"EPS_TTM":0.879661897319,"OPERATE_INCOME_QOQ":5.139692688697,"NET_PROFIT_RATIO":38.436015884,"ROE_AVG":33.413092553643,"GROSS_PROFIT_QOQ":2.25883116154,"ROA":28.088462473816,"HOLDER_PROFIT_QOQ":1.631867738957,"ROE_YEARLY":33.413092553643,"ROIC_YEARLY":78.763554935613,"TOTAL_ASSETS":22871306000,"TOTAL_LIABILITIES":3624947000,"TAX_EBT":14.854633550544,"OCF_SALES":26.087014681385,"TOTAL_PARENT_EQUITY":19246359000,"DEBT_ASSET_RATIO":15.8493222906,"OPERATE_PROFIT":6234388000,"PRETAX_PROFIT":6209342000,"NETCASH_OPERATE":3588332000,"NETCASH_INVEST":-5225624000,"NETCASH_FINANCE":3522418000,"END_CASH":11426758000,"DIVI_RATIO":0.103386312715,"DIVIDEND_RATE":0.8,"CURRENT_RATIO":5.298909917979,"COMMON_ACS":10000000000,"CURRENTDEBT_DEBT":93.635575913248,"ISSUED_COMMON_SHARES":6181495425,"HK_COMMON_SHARES":6181495425,"PER_SHARES":1000,"TOTAL_MARKET_CAP":77268692812.5,"HKSK_MARKET_CAP":77268692812.5,"PE_TTM":43.267198655974,"PB_TTM":3.307047179043,"REPORT_DATE_SQ":"2020-12-31 00:00:00","REPORT_TYPE_SQ":"2020年年报","OPERATE_INCOME_SQ":10009937000,"DPS_HKD":0.1,"OPERATE_INCOME_QOQ_SQ":21.812940874961,"NET_PROFIT_RATIO_SQ":23.9753856593,"HOLDER_PROFIT_SQ":2399921000,"HOLDER_PROFIT_QOQ_SQ":80.519567460879,"ROE_AVG_SQ":36.544068953619,"PE_TTM_SQ":16.20811698651,"PB_TTM_SQ":1.413328628753,"ROA_SQ":26.554096458275,"START_DATE":"2021-01-01 00:00:00","FISCAL_YEAR":"12-31","CURRENCY":"HKD","IS_CNY_CODE":0,"DPS_HKD_LY":0.48,"ORG_TYPE":"一般企业","PREMIUM_INCOME":null,"PREMIUM_INCOME_YOY":null,"NET_INTEREST_INCOME":null,"NET_INTEREST_INCOME_YOY":null,"FEE_COMMISSION_INCOME":null,"FEE_COMMISSION_INCOME_YOY":null,"ACCOUNTS_RECE_TDAYS":5.945842133428,"INVENTORY_TDAYS":12.770453498849,"CURRENT_ASSETS_TDAYS":0.904166124374,"TOTAL_ASSETS_TDAYS":0.730784963733,"PREMIUM_EXPENSE":null,"LOAN_DEPOSIT":null,"LOAN_EQUITY":null,"LOAN_ASSETS":null,"DEPOSIT_EQUITY":null,"DEPOSIT_ASSETS":null,"EQUITY_MULTIPLIER":1.188344559094,"EQUITY_RATIO":0.188344559093},{"SECUCODE":"06969.HK","SECURITY_CODE":"06969","SECURITY_NAME_ABBR":"思摩尔国际","ORG_CODE":"10000069040","STD_REPORT_DATE":"2021-06-30 00:00:00","REPORT_DATE":"2021-06-30 00:00:00","DATE_TYPE_CODE":"002","REPORT_TYPE":"2021年中报","PER_NETCASH_OPERATE":0.406745522874,"PER_OI":1.165131400348,"BPS":2.880808894233,"BASIC_EPS":0.4845,"DILUTED_EPS":0.4654,"OPERATE_INCOME":6953406000,"OPERATE_INCOME_YOY":79.1875723808,"GROSS_PROFIT":3818784000,"GROSS_PROFIT_YOY":100.934485022983,"HOLDER_PROFIT":2878816000,"HOLDER_PROFIT_YOY":3655.254953627,"GROSS_PROFIT_RATIO":54.919617810322,"EPS_TTM":0.871673837914,"OPERATE_INCOME_QOQ":30.698375024738,"NET_PROFIT_RATIO":41.4015232247,"ROE_AVG":19.060318541519,"GROSS_PROFIT_QOQ":36.222427038115,"ROA":16.324064794292,"HOLDER_PROFIT_QOQ":116.760301693264,"ROE_YEARLY":38.120637083038,"ROIC_YEARLY":73.537131568419,"TOTAL_ASSETS":20497014000,"TOTAL_LIABILITIES":2689307000,"TAX_EBT":15.250647730742,"OCF_SALES":34.909841306548,"TOTAL_PARENT_EQUITY":17807707000,"DEBT_ASSET_RATIO":13.1204818419,"OPERATE_PROFIT":3404438000,"PRETAX_PROFIT":3396859000,"NETCASH_OPERATE":2440733000,"NETCASH_INVEST":-4243138000,"NETCASH_FINANCE":2294684000,"END_CASH":10053906000,"DIVI_RATIO":0.104333749671,"DIVIDEND_RATE":0.8,"CURRENT_RATIO":6.897128839069,"COMMON_ACS":10000000000,"CURRENTDEBT_DEBT":90.612711750648,"ISSUED_COMMON_SHARES":6181495425,"HK_COMMON_SHARES":6181495425,"PER_SHARES":1000,"TOTAL_MARKET_CAP":77268692812.5,"HKSK_MARKET_CAP":77268692812.5,"PE_TTM":43.267198655974,"PB_TTM":3.307047179043,"REPORT_DATE_SQ":"2020-06-30 00:00:00","REPORT_TYPE_SQ":"2020年中报","OPERATE_INCOME_SQ":3880518000,"DPS_HKD":0.1,"OPERATE_INCOME_QOQ_SQ":7.97394318793,"NET_PROFIT_RATIO_SQ":1.9755352249,"HOLDER_PROFIT_SQ":76661000,"HOLDER_PROFIT_QOQ_SQ":-38.841718308447,"ROE_AVG_SQ":9.045241546449,"PE_TTM_SQ":16.20811698651,"PB_TTM_SQ":1.413328628753,"ROA_SQ":1.942107901864,"START_DATE":"2021-01-01 00:00:00","FISCAL_YEAR":"12-31","CURRENCY":"HKD","IS_CNY_CODE":0,"DPS_HKD_LY":0.48,"ORG_TYPE":"一般企业","PREMIUM_INCOME":null,"PREMIUM_INCOME_YOY":null,"NET_INTEREST_INCOME":null,"NET_INTEREST_INCOME_YOY":null,"FEE_COMMISSION_INCOME":null,"FEE_COMMISSION_INCOME_YOY":null,"ACCOUNTS_RECE_TDAYS":2.670233682687,"INVENTORY_TDAYS":6.691776128293,"CURRENT_ASSETS_TDAYS":0.475480961289,"TOTAL_ASSETS_TDAYS":0.394286575054,"PREMIUM_EXPENSE":null,"LOAN_DEPOSIT":null,"LOAN_EQUITY":null,"LOAN_ASSETS":null,"DEPOSIT_EQUITY":null,"DEPOSIT_ASSETS":null,"EQUITY_MULTIPLIER":1.151019274969,"EQUITY_RATIO":0.151019274969},{"SECUCODE":"06969.HK","SECURITY_CODE":"06969","SECURITY_NAME_ABBR":"思摩尔国际","ORG_CODE":"10000069040","STD_REPORT_DATE":"2020-12-31 00:00:00","REPORT_DATE":"2020-12-31 00:00:00","DATE_TYPE_CODE":"001","REPORT_TYPE":"2020年年报","PER_NETCASH_OPERATE":0.517524125961,"PER_OI":1.706680267545,"BPS":2.005941952145,"BASIC_EPS":0.4449,"DILUTED_EPS":0.4217,"OPERATE_INCOME":10009937000,"OPERATE_INCOME_YOY":31.5262355759,"GROSS_PROFIT":5295813000,"GROSS_PROFIT_YOY":57.973058915054,"HOLDER_PROFIT":2399921000,"HOLDER_PROFIT_YOY":10.4026655761,"GROSS_PROFIT_RATIO":52.905557747267,"EPS_TTM":0.409183176115,"OPERATE_INCOME_QOQ":21.812940874961,"NET_PROFIT_RATIO":23.9753856593,"ROE_AVG":36.544068953619,"GROSS_PROFIT_QOQ":35.984814150521,"ROA":26.554096458275,"HOLDER_PROFIT_QOQ":80.519567460879,"ROE_YEARLY":36.544068953619,"ROIC_YEARLY":61.642999256664,"TOTAL_ASSETS":14773809000,"TOTAL_LIABILITIES":2374088000,"TAX_EBT":23.024338580894,"OCF_SALES":30.323437600057,"TOTAL_PARENT_EQUITY":12399721000,"DEBT_ASSET_RATIO":16.0695728502,"OPERATE_PROFIT":3133264000,"PRETAX_PROFIT":3117766000,"NETCASH_OPERATE":3054868000,"NETCASH_INVEST":-1280975000,"NETCASH_FINANCE":7058092000,"END_CASH":9557802000,"DIVI_RATIO":0.22225987115,"DIVIDEND_RATE":0.8,"CURRENT_RATIO":5.90037563317,"COMMON_ACS":10000000000,"CURRENTDEBT_DEBT":88.810524293961,"ISSUED_COMMON_SHARES":6181495425,"HK_COMMON_SHARES":6181495425,"PER_SHARES":1000,"TOTAL_MARKET_CAP":77268692812.5,"HKSK_MARKET_CAP":77268692812.5,"PE_TTM":43.267198655974,"PB_TTM":3.307047179043,"REPORT_DATE_SQ":"2019-12-31 00:00:00","REPORT_TYPE_SQ":"2019年年报","OPERATE_INCOME_SQ":7610601000,"DPS_HKD":0.1,"OPERATE_INCOME_QOQ_SQ":37.590423305724,"NET_PROFIT_RATIO_SQ":28.5626457096,"HOLDER_PROFIT_SQ":2173789000,"HOLDER_PROFIT_QOQ_SQ":47.434699214871,"ROE_AVG_SQ":255.194816248354,"PE_TTM_SQ":16.20811698651,"PB_TTM_SQ":1.413328628753,"ROA_SQ":75.858670721696,"START_DATE":"2020-01-01 00:00:00","FISCAL_YEAR":"12-31","CURRENCY":"HKD","IS_CNY_CODE":0,"DPS_HKD_LY":null,"ORG_TYPE":"一般企业","PREMIUM_INCOME":null,"PREMIUM_INCOME_YOY":null,"NET_INTEREST_INCOME":null,"NET_INTEREST_INCOME_YOY":null,"FEE_COMMISSION_INCOME":null,"FEE_COMMISSION_INCOME_YOY":null,"ACCOUNTS_RECE_TDAYS":6.959570965127,"INVENTORY_TDAYS":9.553958992422,"CURRENT_ASSETS_TDAYS":1.370254931991,"TOTAL_ASSETS_TDAYS":1.107556593068,"PREMIUM_EXPENSE":null,"LOAN_DEPOSIT":null,"LOAN_EQUITY":null,"LOAN_ASSETS":null,"DEPOSIT_EQUITY":null,"DEPOSIT_ASSETS":null,"EQUITY_MULTIPLIER":1.191463017596,"EQUITY_RATIO":0.191463017595},{"SECUCODE":"06969.HK","SECURITY_CODE":"06969","SECURITY_NAME_ABBR":"思摩尔国际","ORG_CODE":"10000069040","STD_REPORT_DATE":"2020-06-30 00:00:00","REPORT_DATE":"2020-06-30 00:00:00","DATE_TYPE_CODE":"002","REPORT_TYPE":"2020年中报","PER_NETCASH_OPERATE":17052.3253114602,"PER_OI":60055.9931904357,"BPS":0.155364346969,"BASIC_EPS":0.0153,"DILUTED_EPS":0.0147,"OPERATE_INCOME":3880518000,"OPERATE_INCOME_YOY":18.5378535844,"GROSS_PROFIT":1900512000,"GROSS_PROFIT_YOY":39.903080645648,"HOLDER_PROFIT":76661000,"HOLDER_PROFIT_YOY":-91.6763120007,"GROSS_PROFIT_RATIO":48.975729528893,"EPS_TTM":20574.9748510408,"OPERATE_INCOME_QOQ":7.97394318793,"NET_PROFIT_RATIO":1.9755352249,"ROE_AVG":9.045241546449,"GROSS_PROFIT_QOQ":16.169632544554,"ROA":1.942107901864,"HOLDER_PROFIT_QOQ":-38.841718308447,"ROE_YEARLY":18.090483092899,"ROIC_YEARLY":5.522153064148,"TOTAL_ASSETS":4592715000,"TOTAL_LIABILITIES":3632331000,"TAX_EBT":74.892329257948,"OCF_SALES":28.394044300271,"TOTAL_PARENT_EQUITY":960384000,"DEBT_ASSET_RATIO":79.0889702496,"OPERATE_PROFIT":313624000,"PRETAX_PROFIT":305329000,"NETCASH_OPERATE":1101836000,"NETCASH_INVEST":-168157000,"NETCASH_FINANCE":-58891000,"END_CASH":1610245000,"DIVI_RATIO":0.000004420176,"DIVIDEND_RATE":0.8,"CURRENT_RATIO":1.945163735002,"COMMON_ACS":10000000000,"CURRENTDEBT_DEBT":48.351402997139,"ISSUED_COMMON_SHARES":6181495425,"HK_COMMON_SHARES":6181495425,"PER_SHARES":1000,"TOTAL_MARKET_CAP":77268692812.5,"HKSK_MARKET_CAP":77268692812.5,"PE_TTM":43.267198655974,"PB_TTM":3.307047179043,"REPORT_DATE_SQ":"2019-06-30 00:00:00","REPORT_TYPE_SQ":"2019年中报","OPERATE_INCOME_SQ":3273653000,"DPS_HKD":0.1,"OPERATE_INCOME_QOQ_SQ":61.089509914789,"NET_PROFIT_RATIO_SQ":28.1336476407,"HOLDER_PROFIT_SQ":920998000,"HOLDER_PROFIT_QOQ_SQ":100.88616149285,"ROE_AVG_SQ":107.283030956056,"PE_TTM_SQ":16.20811698651,"PB_TTM_SQ":1.413328628753,"ROA_SQ":38.008498900392,"START_DATE":"2020-01-01 00:00:00","FISCAL_YEAR":"12-31","CURRENCY":"HKD","IS_CNY_CODE":0,"DPS_HKD_LY":null,"ORG_TYPE":"一般企业","PREMIUM_INCOME":null,"PREMIUM_INCOME_YOY":null,"NET_INTEREST_INCOME":null,"NET_INTEREST_INCOME_YOY":null,"FEE_COMMISSION_INCOME":null,"FEE_COMMISSION_INCOME_YOY":null,"ACCOUNTS_RECE_TDAYS":3.965628314894,"INVENTORY_TDAYS":4.689818033243,"CURRENT_ASSETS_TDAYS":1.389373214956,"TOTAL_ASSETS_TDAYS":0.983079358621,"PREMIUM_EXPENSE":null,"LOAN_DEPOSIT":null,"LOAN_EQUITY":null,"LOAN_ASSETS":null,"DEPOSIT_EQUITY":null,"DEPOSIT_ASSETS":null,"EQUITY_MULTIPLIER":4.782165258891,"EQUITY_RATIO":3.782165258896}],"count":15},"success":true,"message":"ok","code":0}