{"version":"63f7c9946abea61a3761257bfe6b91b9","result":{"pages":1,"data":[{"SECUCODE":"06963.HK","SECURITY_CODE":"06963","SECURITY_NAME_ABBR":"阳光保险","ORG_CODE":"10086833","STD_REPORT_DATE":"2024-06-30 00:00:00","REPORT_DATE":"2024-06-30 00:00:00","DATE_TYPE_CODE":"002","REPORT_TYPE":"2024年中报","PER_NETCASH_OPERATE":1.768635413268,"PER_OI":1.250877872908,"BPS":5.236958846101,"BASIC_EPS":0.27,"DILUTED_EPS":0.27,"OPERATE_INCOME":14387000000,"OPERATE_INCOME_YOY":17.8296478296,"GROSS_PROFIT":null,"GROSS_PROFIT_YOY":null,"HOLDER_PROFIT":3143000000,"HOLDER_PROFIT_YOY":8.5664939551,"GROSS_PROFIT_RATIO":null,"EPS_TTM":0.346562813749,"OPERATE_INCOME_QOQ":9.852907897714,"NET_PROFIT_RATIO":22.3257107111,"ROE_AVG":5.208859867914,"GROSS_PROFIT_QOQ":null,"ROA":0.591694811234,"HOLDER_PROFIT_QOQ":6.634563937935,"ROE_YEARLY":10.417719735828,"ROIC_YEARLY":1.201716738197,"TOTAL_ASSETS":548686000000,"TOTAL_LIABILITIES":487147000000,"TAX_EBT":43.747810858144,"OCF_SALES":141.391534023771,"TOTAL_PARENT_EQUITY":60233000000,"DEBT_ASSET_RATIO":88.7842955716,"OPERATE_PROFIT":6156000000,"PRETAX_PROFIT":5710000000,"NETCASH_OPERATE":20342000000,"NETCASH_INVEST":-24881000000,"NETCASH_FINANCE":-7704000000,"END_CASH":14460000000,"DIVI_RATIO":0.517223166735,"DIVIDEND_RATE":6.964788732394,"CURRENT_RATIO":null,"COMMON_ACS":null,"CURRENTDEBT_DEBT":null,"ISSUED_COMMON_SHARES":11501522500,"HK_COMMON_SHARES":3478768513,"PER_SHARES":500,"TOTAL_MARKET_CAP":32664323900,"HKSK_MARKET_CAP":9879702576.92,"PE_TTM":7.375852242371,"PB_TTM":0.49494587912,"REPORT_DATE_SQ":"2023-06-30 00:00:00","REPORT_TYPE_SQ":"2023年中报","OPERATE_INCOME_SQ":12210000000,"DPS_HKD":0.1978,"OPERATE_INCOME_QOQ_SQ":0.69063136773,"NET_PROFIT_RATIO_SQ":24.2915642916,"HOLDER_PROFIT_SQ":2895000000,"HOLDER_PROFIT_QOQ_SQ":4.876049989756,"ROE_AVG_SQ":4.692666796343,"PE_TTM_SQ":8.285219547123,"PB_TTM_SQ":0.642982252211,"ROA_SQ":0.588057855143,"START_DATE":"2024-01-01 00:00:00","FISCAL_YEAR":"12-31","CURRENCY":"HKD","IS_CNY_CODE":0,"DPS_HKD_LY":0.1978,"ORG_TYPE":"保险","PREMIUM_INCOME":31488000000,"PREMIUM_INCOME_YOY":4.403183023873,"NET_INTEREST_INCOME":null,"NET_INTEREST_INCOME_YOY":null,"FEE_COMMISSION_INCOME":null,"FEE_COMMISSION_INCOME_YOY":null,"ACCOUNTS_RECE_TDAYS":null,"INVENTORY_TDAYS":null,"CURRENT_ASSETS_TDAYS":null,"TOTAL_ASSETS_TDAYS":0.018146186082,"PREMIUM_EXPENSE":null,"LOAN_DEPOSIT":null,"LOAN_EQUITY":null,"LOAN_ASSETS":null,"DEPOSIT_EQUITY":null,"DEPOSIT_ASSETS":null,"EQUITY_MULTIPLIER":8.91606948439,"EQUITY_RATIO":8.087709395182},{"SECUCODE":"06963.HK","SECURITY_CODE":"06963","SECURITY_NAME_ABBR":"阳光保险","ORG_CODE":"10086833","STD_REPORT_DATE":"2023-12-31 00:00:00","REPORT_DATE":"2023-12-31 00:00:00","DATE_TYPE_CODE":"001","REPORT_TYPE":"2023年年报","PER_NETCASH_OPERATE":1.76793985318,"PER_OI":1.921050017509,"BPS":5.255478133438,"BASIC_EPS":0.32,"DILUTED_EPS":0.32,"OPERATE_INCOME":22095000000,"OPERATE_INCOME_YOY":-5.2976726244,"GROSS_PROFIT":null,"GROSS_PROFIT_YOY":null,"HOLDER_PROFIT":3738000000,"HOLDER_PROFIT_YOY":-16.8224299065,"GROSS_PROFIT_RATIO":null,"EPS_TTM":0.325000451027,"OPERATE_INCOME_QOQ":-82.933743222159,"NET_PROFIT_RATIO":17.4971713057,"ROE_AVG":6.307742931632,"GROSS_PROFIT_QOQ":null,"ROA":0.748316138545,"HOLDER_PROFIT_QOQ":-26.97792537605,"ROE_YEARLY":6.307742931632,"ROIC_YEARLY":0.774382001523,"TOTAL_ASSETS":513686000000,"TOTAL_LIABILITIES":451897000000,"TAX_EBT":33.044683062002,"OCF_SALES":92.029871011541,"TOTAL_PARENT_EQUITY":60446000000,"DEBT_ASSET_RATIO":87.9714455913,"OPERATE_PROFIT":7117000000,"PRETAX_PROFIT":5774000000,"NETCASH_OPERATE":20334000000,"NETCASH_INVEST":-36411000000,"NETCASH_FINANCE":18126000000,"END_CASH":26695000000,"DIVI_RATIO":0.551538668434,"DIVIDEND_RATE":6.891986062718,"CURRENT_RATIO":null,"COMMON_ACS":null,"CURRENTDEBT_DEBT":null,"ISSUED_COMMON_SHARES":11501522500,"HK_COMMON_SHARES":3478768513,"PER_SHARES":500,"TOTAL_MARKET_CAP":33009369575,"HKSK_MARKET_CAP":9984065632.31,"PE_TTM":7.453766174509,"PB_TTM":0.50017418066,"REPORT_DATE_SQ":"2022-12-31 00:00:00","REPORT_TYPE_SQ":"2022年年报","OPERATE_INCOME_SQ":23331000000,"DPS_HKD":0.1978,"OPERATE_INCOME_QOQ_SQ":0.457056245263,"NET_PROFIT_RATIO_SQ":3.900356204,"HOLDER_PROFIT_SQ":4494000000,"HOLDER_PROFIT_QOQ_SQ":-16.39260020555,"ROE_AVG_SQ":8.220700805902,"PE_TTM_SQ":8.368908633458,"PB_TTM_SQ":0.649477022435,"ROA_SQ":1.0530971542,"START_DATE":"2023-01-01 00:00:00","FISCAL_YEAR":"12-31","CURRENCY":"HKD","IS_CNY_CODE":0,"DPS_HKD_LY":0.199824,"ORG_TYPE":"保险","PREMIUM_INCOME":59900000000,"PREMIUM_INCOME_YOY":7.467078115469,"NET_INTEREST_INCOME":null,"NET_INTEREST_INCOME_YOY":null,"FEE_COMMISSION_INCOME":null,"FEE_COMMISSION_INCOME_YOY":null,"ACCOUNTS_RECE_TDAYS":null,"INVENTORY_TDAYS":null,"CURRENT_ASSETS_TDAYS":null,"TOTAL_ASSETS_TDAYS":0.024425375084,"PREMIUM_EXPENSE":null,"LOAN_DEPOSIT":null,"LOAN_EQUITY":null,"LOAN_ASSETS":null,"DEPOSIT_EQUITY":null,"DEPOSIT_ASSETS":null,"EQUITY_MULTIPLIER":8.313550955689,"EQUITY_RATIO":7.476044734143},{"SECUCODE":"06963.HK","SECURITY_CODE":"06963","SECURITY_NAME_ABBR":"阳光保险","ORG_CODE":"10086833","STD_REPORT_DATE":"2023-06-30 00:00:00","REPORT_DATE":"2023-06-30 00:00:00","DATE_TYPE_CODE":"002","REPORT_TYPE":"2023年中报","PER_NETCASH_OPERATE":1.375730908669,"PER_OI":1.061598584014,"BPS":5.678291721813,"BASIC_EPS":0.25,"DILUTED_EPS":0.25,"OPERATE_INCOME":12210000000,"OPERATE_INCOME_YOY":7.8431372549,"GROSS_PROFIT":null,"GROSS_PROFIT_YOY":null,"HOLDER_PROFIT":2895000000,"HOLDER_PROFIT_YOY":8.9574708318,"GROSS_PROFIT_RATIO":null,"EPS_TTM":0.445071511185,"OPERATE_INCOME_QOQ":0.69063136773,"NET_PROFIT_RATIO":24.2915642916,"ROE_AVG":4.692666796343,"GROSS_PROFIT_QOQ":null,"ROA":0.588057855143,"HOLDER_PROFIT_QOQ":4.876049989756,"ROE_YEARLY":9.385333592686,"ROIC_YEARLY":1.215967607799,"TOTAL_ASSETS":499240000000,"TOTAL_LIABILITIES":432649000000,"TAX_EBT":20.503886357545,"OCF_SALES":129.5904995905,"TOTAL_PARENT_EQUITY":65309000000,"DEBT_ASSET_RATIO":86.6615255188,"OPERATE_PROFIT":4450000000,"PRETAX_PROFIT":3731000000,"NETCASH_OPERATE":15823000000,"NETCASH_INVEST":-32256000000,"NETCASH_FINANCE":12042000000,"END_CASH":20229000000,"DIVI_RATIO":0.402744978044,"DIVIDEND_RATE":6.891986062718,"CURRENT_RATIO":null,"COMMON_ACS":null,"CURRENTDEBT_DEBT":null,"ISSUED_COMMON_SHARES":11501522500,"HK_COMMON_SHARES":3478768513,"PER_SHARES":500,"TOTAL_MARKET_CAP":33009369575,"HKSK_MARKET_CAP":9984065632.31,"PE_TTM":7.453766174509,"PB_TTM":0.50017418066,"REPORT_DATE_SQ":"2022-06-30 00:00:00","REPORT_TYPE_SQ":"2022年中报","OPERATE_INCOME_SQ":11322000000,"DPS_HKD":0.1978,"OPERATE_INCOME_QOQ_SQ":6.688394501913,"NET_PROFIT_RATIO_SQ":2.5808403943,"HOLDER_PROFIT_SQ":2657000000,"HOLDER_PROFIT_QOQ_SQ":-0.764915859255,"ROE_AVG_SQ":3.069976624092,"PE_TTM_SQ":8.368908633458,"PB_TTM_SQ":0.649477022435,"ROA_SQ":0.377379105391,"START_DATE":"2023-01-01 00:00:00","FISCAL_YEAR":"12-31","CURRENCY":"HKD","IS_CNY_CODE":0,"DPS_HKD_LY":0.199824,"ORG_TYPE":"保险","PREMIUM_INCOME":30160000000,"PREMIUM_INCOME_YOY":7.334780597174,"NET_INTEREST_INCOME":null,"NET_INTEREST_INCOME_YOY":null,"FEE_COMMISSION_INCOME":null,"FEE_COMMISSION_INCOME_YOY":null,"ACCOUNTS_RECE_TDAYS":null,"INVENTORY_TDAYS":null,"CURRENT_ASSETS_TDAYS":null,"TOTAL_ASSETS_TDAYS":0.014873090208,"PREMIUM_EXPENSE":null,"LOAN_DEPOSIT":null,"LOAN_EQUITY":null,"LOAN_ASSETS":null,"DEPOSIT_EQUITY":null,"DEPOSIT_ASSETS":null,"EQUITY_MULTIPLIER":7.49710921897,"EQUITY_RATIO":6.624645914039},{"SECUCODE":"06963.HK","SECURITY_CODE":"06963","SECURITY_NAME_ABBR":"阳光保险","ORG_CODE":"10086833","STD_REPORT_DATE":"2022-12-31 00:00:00","REPORT_DATE":"2022-12-31 00:00:00","DATE_TYPE_CODE":"001","REPORT_TYPE":"2022年年报","PER_NETCASH_OPERATE":2.280480692882,"PER_OI":2.028514051075,"BPS":5.281126911676,"BASIC_EPS":0.43,"DILUTED_EPS":0.43,"OPERATE_INCOME":23331000000,"OPERATE_INCOME_YOY":7.176020472,"GROSS_PROFIT":null,"GROSS_PROFIT_YOY":null,"HOLDER_PROFIT":4494000000,"HOLDER_PROFIT_YOY":-17.0321264661,"GROSS_PROFIT_RATIO":null,"EPS_TTM":0.424378598572,"OPERATE_INCOME_QOQ":0.457056245263,"NET_PROFIT_RATIO":3.900356204,"ROE_AVG":8.220700805902,"GROSS_PROFIT_QOQ":null,"ROA":1.0530971542,"HOLDER_PROFIT_QOQ":-16.39260020555,"ROE_YEARLY":8.220700805902,"ROIC_YEARLY":1.084213706274,"TOTAL_ASSETS":453569000000,"TOTAL_LIABILITIES":394216000000,"TAX_EBT":3.683662851197,"OCF_SALES":20.39929070292,"TOTAL_PARENT_EQUITY":58075000000,"DEBT_ASSET_RATIO":87.221982994,"OPERATE_PROFIT":5482000000,"PRETAX_PROFIT":4805000000,"NETCASH_OPERATE":25917000000,"NETCASH_INVEST":-28415000000,"NETCASH_FINANCE":1875000000,"END_CASH":24830000000,"DIVI_RATIO":0.422383024504,"DIVIDEND_RATE":6.891986062718,"CURRENT_RATIO":null,"COMMON_ACS":null,"CURRENTDEBT_DEBT":null,"ISSUED_COMMON_SHARES":11501522500,"HK_COMMON_SHARES":3478768513,"PER_SHARES":500,"TOTAL_MARKET_CAP":33009369575,"HKSK_MARKET_CAP":9984065632.31,"PE_TTM":7.453766174509,"PB_TTM":0.50017418066,"REPORT_DATE_SQ":"2021-12-31 00:00:00","REPORT_TYPE_SQ":"2021年年报","OPERATE_INCOME_SQ":119969000000,"DPS_HKD":0.1978,"OPERATE_INCOME_QOQ_SQ":4.267375868033,"NET_PROFIT_RATIO_SQ":5.0179629738,"HOLDER_PROFIT_SQ":5883000000,"HOLDER_PROFIT_QOQ_SQ":4.698344901228,"ROE_AVG_SQ":10.338828160697,"PE_TTM_SQ":8.368908633458,"PB_TTM_SQ":0.649477022435,"ROA_SQ":1.387308590678,"START_DATE":"2022-01-01 00:00:00","FISCAL_YEAR":"12-31","CURRENCY":"HKD","IS_CNY_CODE":0,"DPS_HKD_LY":null,"ORG_TYPE":"保险","PREMIUM_INCOME":55738000000,"PREMIUM_INCOME_YOY":-45.225483740996,"NET_INTEREST_INCOME":null,"NET_INTEREST_INCOME_YOY":null,"FEE_COMMISSION_INCOME":null,"FEE_COMMISSION_INCOME_YOY":null,"ACCOUNTS_RECE_TDAYS":null,"INVENTORY_TDAYS":null,"CURRENT_ASSETS_TDAYS":null,"TOTAL_ASSETS_TDAYS":0.277412673413,"PREMIUM_EXPENSE":null,"LOAN_DEPOSIT":null,"LOAN_EQUITY":null,"LOAN_ASSETS":null,"DEPOSIT_EQUITY":null,"DEPOSIT_ASSETS":null,"EQUITY_MULTIPLIER":7.825940437632,"EQUITY_RATIO":6.788049935428},{"SECUCODE":"06963.HK","SECURITY_CODE":"06963","SECURITY_NAME_ABBR":"阳光保险","ORG_CODE":"10086833","STD_REPORT_DATE":"2022-06-30 00:00:00","REPORT_DATE":"2022-06-30 00:00:00","DATE_TYPE_CODE":"002","REPORT_TYPE":"2022年中报","PER_NETCASH_OPERATE":2.110134286542,"PER_OI":1.093807361608,"BPS":4.738590043188,"BASIC_EPS":0.26,"DILUTED_EPS":0.26,"OPERATE_INCOME":11322000000,"OPERATE_INCOME_YOY":13.0743661605,"GROSS_PROFIT":null,"GROSS_PROFIT_YOY":null,"HOLDER_PROFIT":2657000000,"HOLDER_PROFIT_YOY":-2.539503386,"GROSS_PROFIT_RATIO":null,"EPS_TTM":0.564003477925,"OPERATE_INCOME_QOQ":6.688394501913,"NET_PROFIT_RATIO":2.5808403943,"ROE_AVG":3.069976624092,"GROSS_PROFIT_QOQ":null,"ROA":0.377379105391,"HOLDER_PROFIT_QOQ":-0.764915859255,"ROE_YEARLY":6.139953248185,"ROIC_YEARLY":0.769019255539,"TOTAL_ASSETS":473637000000,"TOTAL_LIABILITIES":417931000000,"TAX_EBT":2.439899533549,"OCF_SALES":31.474436566949,"TOTAL_PARENT_EQUITY":54501000000,"DEBT_ASSET_RATIO":88.2386722321,"OPERATE_PROFIT":2831000000,"PRETAX_PROFIT":2787000000,"NETCASH_OPERATE":21576000000,"NETCASH_INVEST":-39480000000,"NETCASH_FINANCE":4048000000,"END_CASH":11485000000,"DIVI_RATIO":0.317817749386,"DIVIDEND_RATE":6.891986062718,"CURRENT_RATIO":null,"COMMON_ACS":null,"CURRENTDEBT_DEBT":null,"ISSUED_COMMON_SHARES":11501522500,"HK_COMMON_SHARES":3478768513,"PER_SHARES":500,"TOTAL_MARKET_CAP":33009369575,"HKSK_MARKET_CAP":9984065632.31,"PE_TTM":7.453766174509,"PB_TTM":0.50017418066,"REPORT_DATE_SQ":"2021-06-30 00:00:00","REPORT_TYPE_SQ":"2021年中报","OPERATE_INCOME_SQ":61372000000,"DPS_HKD":0.1978,"OPERATE_INCOME_QOQ_SQ":0,"NET_PROFIT_RATIO_SQ":2.9785569967,"HOLDER_PROFIT_SQ":1772000000,"HOLDER_PROFIT_QOQ_SQ":0,"ROE_AVG_SQ":null,"PE_TTM_SQ":8.368908633458,"PB_TTM_SQ":0.649477022435,"ROA_SQ":null,"START_DATE":"2022-01-01 00:00:00","FISCAL_YEAR":"12-31","CURRENCY":"HKD","IS_CNY_CODE":0,"DPS_HKD_LY":null,"ORG_TYPE":"保险","PREMIUM_INCOME":28099000000,"PREMIUM_INCOME_YOY":-48.97770191749,"NET_INTEREST_INCOME":null,"NET_INTEREST_INCOME_YOY":null,"FEE_COMMISSION_INCOME":null,"FEE_COMMISSION_INCOME_YOY":null,"ACCOUNTS_RECE_TDAYS":null,"INVENTORY_TDAYS":null,"CURRENT_ASSETS_TDAYS":null,"TOTAL_ASSETS_TDAYS":0.151642156327,"PREMIUM_EXPENSE":null,"LOAN_DEPOSIT":null,"LOAN_EQUITY":null,"LOAN_ASSETS":null,"DEPOSIT_EQUITY":null,"DEPOSIT_ASSETS":null,"EQUITY_MULTIPLIER":8.502441388712,"EQUITY_RATIO":7.668318012514},{"SECUCODE":"06963.HK","SECURITY_CODE":"06963","SECURITY_NAME_ABBR":"阳光保险","ORG_CODE":"10086833","STD_REPORT_DATE":"2021-12-31 00:00:00","REPORT_DATE":"2021-12-31 00:00:00","DATE_TYPE_CODE":"001","REPORT_TYPE":"2021年年报","PER_NETCASH_OPERATE":4.306153994783,"PER_OI":11.590087914211,"BPS":5.04350619668,"BASIC_EPS":0.57,"DILUTED_EPS":0.57,"OPERATE_INCOME":119969000000,"OPERATE_INCOME_YOY":4.267375868,"GROSS_PROFIT":null,"GROSS_PROFIT_YOY":null,"HOLDER_PROFIT":5883000000,"HOLDER_PROFIT_YOY":4.6983449012,"GROSS_PROFIT_RATIO":null,"EPS_TTM":0.568350883973,"OPERATE_INCOME_QOQ":4.267375868033,"NET_PROFIT_RATIO":5.0179629738,"ROE_AVG":10.338828160697,"GROSS_PROFIT_QOQ":null,"ROA":1.387308590678,"HOLDER_PROFIT_QOQ":4.698344901228,"ROE_YEARLY":10.338828160697,"ROIC_YEARLY":1.412800457245,"TOTAL_ASSETS":441623000000,"TOTAL_LIABILITIES":382407000000,"TAX_EBT":-5.152838427948,"OCF_SALES":37.153764722553,"TOTAL_PARENT_EQUITY":58008000000,"DEBT_ASSET_RATIO":86.5912780811,"OPERATE_PROFIT":5725000000,"PRETAX_PROFIT":5725000000,"NETCASH_OPERATE":44573000000,"NETCASH_INVEST":-4686000000,"NETCASH_FINANCE":-26363000000,"END_CASH":25282000000,"DIVI_RATIO":0.315386711018,"DIVIDEND_RATE":6.891986062718,"CURRENT_RATIO":null,"COMMON_ACS":null,"CURRENTDEBT_DEBT":null,"ISSUED_COMMON_SHARES":11501522500,"HK_COMMON_SHARES":3478768513,"PER_SHARES":500,"TOTAL_MARKET_CAP":33009369575,"HKSK_MARKET_CAP":9984065632.31,"PE_TTM":7.453766174509,"PB_TTM":0.50017418066,"REPORT_DATE_SQ":"2020-12-31 00:00:00","REPORT_TYPE_SQ":"2020年年报","OPERATE_INCOME_SQ":115059000000,"DPS_HKD":0.1978,"OPERATE_INCOME_QOQ_SQ":14.10394993901,"NET_PROFIT_RATIO_SQ":4.9374668648,"HOLDER_PROFIT_SQ":5619000000,"HOLDER_PROFIT_QOQ_SQ":10.479748328746,"ROE_AVG_SQ":10.625443199546,"PE_TTM_SQ":8.368908633458,"PB_TTM_SQ":0.649477022435,"ROA_SQ":1.520596656257,"START_DATE":"2021-01-01 00:00:00","FISCAL_YEAR":"12-31","CURRENCY":"HKD","IS_CNY_CODE":0,"DPS_HKD_LY":null,"ORG_TYPE":"保险","PREMIUM_INCOME":101759000000,"PREMIUM_INCOME_YOY":9.927729585498,"NET_INTEREST_INCOME":null,"NET_INTEREST_INCOME_YOY":null,"FEE_COMMISSION_INCOME":null,"FEE_COMMISSION_INCOME_YOY":null,"ACCOUNTS_RECE_TDAYS":null,"INVENTORY_TDAYS":null,"CURRENT_ASSETS_TDAYS":null,"TOTAL_ASSETS_TDAYS":0.282906721596,"PREMIUM_EXPENSE":130.995996447008,"LOAN_DEPOSIT":null,"LOAN_EQUITY":null,"LOAN_ASSETS":null,"DEPOSIT_EQUITY":null,"DEPOSIT_ASSETS":null,"EQUITY_MULTIPLIER":7.457832342622,"EQUITY_RATIO":6.592314853124},{"SECUCODE":"06963.HK","SECURITY_CODE":"06963","SECURITY_NAME_ABBR":"阳光保险","ORG_CODE":"10086833","STD_REPORT_DATE":"2021-06-30 00:00:00","REPORT_DATE":"2021-06-30 00:00:00","DATE_TYPE_CODE":"002","REPORT_TYPE":"2021年中报","PER_NETCASH_OPERATE":null,"PER_OI":null,"BPS":null,"BASIC_EPS":0.17,"DILUTED_EPS":0.17,"OPERATE_INCOME":61372000000,"OPERATE_INCOME_YOY":null,"GROSS_PROFIT":null,"GROSS_PROFIT_YOY":null,"HOLDER_PROFIT":1772000000,"HOLDER_PROFIT_YOY":null,"GROSS_PROFIT_RATIO":null,"EPS_TTM":0.542846101826,"OPERATE_INCOME_QOQ":0,"NET_PROFIT_RATIO":2.9785569967,"ROE_AVG":null,"GROSS_PROFIT_QOQ":null,"ROA":null,"HOLDER_PROFIT_QOQ":0,"ROE_YEARLY":null,"ROIC_YEARLY":null,"TOTAL_ASSETS":null,"TOTAL_LIABILITIES":null,"TAX_EBT":-11.87270501836,"OCF_SALES":32.462686567164,"TOTAL_PARENT_EQUITY":null,"DEBT_ASSET_RATIO":null,"OPERATE_PROFIT":1634000000,"PRETAX_PROFIT":1634000000,"NETCASH_OPERATE":19923000000,"NETCASH_INVEST":3496000000,"NETCASH_FINANCE":-23879000000,"END_CASH":11289000000,"DIVI_RATIO":0.330204666474,"DIVIDEND_RATE":6.891986062718,"CURRENT_RATIO":null,"COMMON_ACS":null,"CURRENTDEBT_DEBT":null,"ISSUED_COMMON_SHARES":11501522500,"HK_COMMON_SHARES":3478768513,"PER_SHARES":500,"TOTAL_MARKET_CAP":33009369575,"HKSK_MARKET_CAP":9984065632.31,"PE_TTM":7.453766174509,"PB_TTM":0.50017418066,"REPORT_DATE_SQ":"2020-06-30 00:00:00","REPORT_TYPE_SQ":"2020年中报","OPERATE_INCOME_SQ":null,"DPS_HKD":0.1978,"OPERATE_INCOME_QOQ_SQ":0,"NET_PROFIT_RATIO_SQ":null,"HOLDER_PROFIT_SQ":null,"HOLDER_PROFIT_QOQ_SQ":0,"ROE_AVG_SQ":null,"PE_TTM_SQ":8.368908633458,"PB_TTM_SQ":0.649477022435,"ROA_SQ":null,"START_DATE":"2021-01-01 00:00:00","FISCAL_YEAR":"12-31","CURRENCY":"HKD","IS_CNY_CODE":0,"DPS_HKD_LY":null,"ORG_TYPE":"保险","PREMIUM_INCOME":55072000000,"PREMIUM_INCOME_YOY":null,"NET_INTEREST_INCOME":null,"NET_INTEREST_INCOME_YOY":null,"FEE_COMMISSION_INCOME":null,"FEE_COMMISSION_INCOME_YOY":null,"ACCOUNTS_RECE_TDAYS":null,"INVENTORY_TDAYS":null,"CURRENT_ASSETS_TDAYS":null,"TOTAL_ASSETS_TDAYS":0.301957716473,"PREMIUM_EXPENSE":138.382290122371,"LOAN_DEPOSIT":null,"LOAN_EQUITY":null,"LOAN_ASSETS":null,"DEPOSIT_EQUITY":null,"DEPOSIT_ASSETS":null,"EQUITY_MULTIPLIER":null,"EQUITY_RATIO":null},{"SECUCODE":"06963.HK","SECURITY_CODE":"06963","SECURITY_NAME_ABBR":"阳光保险","ORG_CODE":"10086833","STD_REPORT_DATE":"2020-12-31 00:00:00","REPORT_DATE":"2020-12-31 00:00:00","DATE_TYPE_CODE":"001","REPORT_TYPE":"2020年年报","PER_NETCASH_OPERATE":3.783885614916,"PER_OI":11.115737609893,"BPS":4.851183832401,"BASIC_EPS":0.54,"DILUTED_EPS":0.54,"OPERATE_INCOME":115059000000,"OPERATE_INCOME_YOY":14.103949939,"GROSS_PROFIT":null,"GROSS_PROFIT_YOY":null,"HOLDER_PROFIT":5619000000,"HOLDER_PROFIT_YOY":10.4797483287,"GROSS_PROFIT_RATIO":null,"EPS_TTM":0.542846101826,"OPERATE_INCOME_QOQ":14.10394993901,"NET_PROFIT_RATIO":4.9374668648,"ROE_AVG":10.625443199546,"GROSS_PROFIT_QOQ":null,"ROA":1.520596656257,"HOLDER_PROFIT_QOQ":10.479748328746,"ROE_YEARLY":10.625443199546,"ROIC_YEARLY":1.552793314615,"TOTAL_ASSETS":406494000000,"TOTAL_LIABILITIES":349547000000,"TAX_EBT":11.483328139607,"OCF_SALES":34.040796460946,"TOTAL_PARENT_EQUITY":55796000000,"DEBT_ASSET_RATIO":85.9906911295,"OPERATE_PROFIT":6418000000,"PRETAX_PROFIT":6418000000,"NETCASH_OPERATE":39167000000,"NETCASH_INVEST":-55969000000,"NETCASH_FINANCE":17454000000,"END_CASH":11822000000,"DIVI_RATIO":0.330204666474,"DIVIDEND_RATE":6.891986062718,"CURRENT_RATIO":null,"COMMON_ACS":null,"CURRENTDEBT_DEBT":null,"ISSUED_COMMON_SHARES":11501522500,"HK_COMMON_SHARES":3478768513,"PER_SHARES":500,"TOTAL_MARKET_CAP":33009369575,"HKSK_MARKET_CAP":9984065632.31,"PE_TTM":7.453766174509,"PB_TTM":0.50017418066,"REPORT_DATE_SQ":"2019-12-31 00:00:00","REPORT_TYPE_SQ":"2019年年报","OPERATE_INCOME_SQ":100837000000,"DPS_HKD":0.1978,"OPERATE_INCOME_QOQ_SQ":null,"NET_PROFIT_RATIO_SQ":5.1082439977,"HOLDER_PROFIT_SQ":5086000000,"HOLDER_PROFIT_QOQ_SQ":null,"ROE_AVG_SQ":10.178310552543,"PE_TTM_SQ":8.368908633458,"PB_TTM_SQ":0.649477022435,"ROA_SQ":1.529357285045,"START_DATE":"2020-01-01 00:00:00","FISCAL_YEAR":"12-31","CURRENCY":"HKD","IS_CNY_CODE":0,"DPS_HKD_LY":null,"ORG_TYPE":"保险","PREMIUM_INCOME":92569000000,"PREMIUM_INCOME_YOY":5.303331930335,"NET_INTEREST_INCOME":null,"NET_INTEREST_INCOME_YOY":null,"FEE_COMMISSION_INCOME":null,"FEE_COMMISSION_INCOME_YOY":null,"ACCOUNTS_RECE_TDAYS":null,"INVENTORY_TDAYS":null,"CURRENT_ASSETS_TDAYS":null,"TOTAL_ASSETS_TDAYS":0.31136915941,"PREMIUM_EXPENSE":132.94986140434,"LOAN_DEPOSIT":null,"LOAN_EQUITY":null,"LOAN_ASSETS":null,"DEPOSIT_EQUITY":null,"DEPOSIT_ASSETS":null,"EQUITY_MULTIPLIER":7.138110875018,"EQUITY_RATIO":6.26473223887},{"SECUCODE":"06963.HK","SECURITY_CODE":"06963","SECURITY_NAME_ABBR":"阳光保险","ORG_CODE":"10086833","STD_REPORT_DATE":"2019-12-31 00:00:00","REPORT_DATE":"2019-12-31 00:00:00","DATE_TYPE_CODE":"001","REPORT_TYPE":"2019年年报","PER_NETCASH_OPERATE":2.688532508936,"PER_OI":9.741764080765,"BPS":4.344555253446,"BASIC_EPS":0.49,"DILUTED_EPS":0.49,"OPERATE_INCOME":100837000000,"OPERATE_INCOME_YOY":null,"GROSS_PROFIT":null,"GROSS_PROFIT_YOY":null,"HOLDER_PROFIT":5086000000,"HOLDER_PROFIT_YOY":null,"GROSS_PROFIT_RATIO":null,"EPS_TTM":0.491353492416,"OPERATE_INCOME_QOQ":null,"NET_PROFIT_RATIO":5.1082439977,"ROE_AVG":10.178310552543,"GROSS_PROFIT_QOQ":null,"ROA":1.529357285045,"HOLDER_PROFIT_QOQ":null,"ROE_YEARLY":10.178310552543,"ROIC_YEARLY":1.566537815903,"TOTAL_ASSETS":332558000000,"TOTAL_LIABILITIES":281415000000,"TAX_EBT":-1.317859952793,"OCF_SALES":27.598004700656,"TOTAL_PARENT_EQUITY":49969000000,"DEBT_ASSET_RATIO":84.6213292117,"OPERATE_PROFIT":5084000000,"PRETAX_PROFIT":5084000000,"NETCASH_OPERATE":27829000000,"NETCASH_INVEST":-15801000000,"NETCASH_FINANCE":-9842000000,"END_CASH":11245000000,"DIVI_RATIO":0.36480928449,"DIVIDEND_RATE":6.891986062718,"CURRENT_RATIO":null,"COMMON_ACS":null,"CURRENTDEBT_DEBT":null,"ISSUED_COMMON_SHARES":11501522500,"HK_COMMON_SHARES":3478768513,"PER_SHARES":500,"TOTAL_MARKET_CAP":33009369575,"HKSK_MARKET_CAP":9984065632.31,"PE_TTM":7.453766174509,"PB_TTM":0.50017418066,"REPORT_DATE_SQ":"2018-12-31 00:00:00","REPORT_TYPE_SQ":"2018年年报","OPERATE_INCOME_SQ":null,"DPS_HKD":0.1978,"OPERATE_INCOME_QOQ_SQ":null,"NET_PROFIT_RATIO_SQ":null,"HOLDER_PROFIT_SQ":null,"HOLDER_PROFIT_QOQ_SQ":null,"ROE_AVG_SQ":null,"PE_TTM_SQ":8.368908633458,"PB_TTM_SQ":0.649477022435,"ROA_SQ":null,"START_DATE":"2019-01-01 00:00:00","FISCAL_YEAR":"12-31","CURRENCY":"HKD","IS_CNY_CODE":0,"DPS_HKD_LY":null,"ORG_TYPE":"保险","PREMIUM_INCOME":87907000000,"PREMIUM_INCOME_YOY":null,"NET_INTEREST_INCOME":null,"NET_INTEREST_INCOME_YOY":null,"FEE_COMMISSION_INCOME":null,"FEE_COMMISSION_INCOME_YOY":null,"ACCOUNTS_RECE_TDAYS":null,"INVENTORY_TDAYS":null,"CURRENT_ASSETS_TDAYS":null,"TOTAL_ASSETS_TDAYS":0.60643256214,"PREMIUM_EXPENSE":148.171183926645,"LOAN_DEPOSIT":null,"LOAN_EQUITY":null,"LOAN_ASSETS":null,"DEPOSIT_EQUITY":null,"DEPOSIT_ASSETS":null,"EQUITY_MULTIPLIER":6.502512562794,"EQUITY_RATIO":5.631791710861}],"count":9},"success":true,"message":"ok","code":0}