{"version":"86a5e38a49399ec9cc4a8b564dcb49ba","result":{"pages":1,"data":[{"SECUCODE":"06979.HK","SECURITY_CODE":"06979","SECURITY_NAME_ABBR":"珍酒李渡","ORG_CODE":"10000499992","STD_REPORT_DATE":"2024-06-30 00:00:00","REPORT_DATE":"2024-06-30 00:00:00","DATE_TYPE_CODE":"002","REPORT_TYPE":"2024年中报","PER_NETCASH_OPERATE":0.169651774981,"PER_OI":1.219725631665,"BPS":3.893633744002,"BASIC_EPS":0.23,"DILUTED_EPS":0.227,"OPERATE_INCOME":4133191000,"OPERATE_INCOME_YOY":17.4550015814,"GROSS_PROFIT":2428682000,"GROSS_PROFIT_YOY":19.219713049813,"HOLDER_PROFIT":751718000,"HOLDER_PROFIT_YOY":-52.5699744905,"GROSS_PROFIT_RATIO":58.760458928707,"EPS_TTM":0.440858058724,"OPERATE_INCOME_QOQ":8.736745368409,"NET_PROFIT_RATIO":18.1873520967,"ROE_AVG":5.811545680674,"GROSS_PROFIT_QOQ":9.59654387752,"ROA":4.218834701237,"HOLDER_PROFIT_QOQ":-35.80366493159,"ROE_YEARLY":11.623091361349,"ROIC_YEARLY":12.810860868555,"TOTAL_ASSETS":18058585000,"TOTAL_LIABILITIES":4864526000,"TAX_EBT":32.986133088475,"OCF_SALES":13.909011221596,"TOTAL_PARENT_EQUITY":13194059000,"DEBT_ASSET_RATIO":26.9374704607,"OPERATE_PROFIT":1125016000,"PRETAX_PROFIT":1121735000,"NETCASH_OPERATE":574886000,"NETCASH_INVEST":-431306000,"NETCASH_FINANCE":99918000,"END_CASH":6070888000,"DIVI_RATIO":0.370004804885,"DIVIDEND_RATE":2.662721893491,"CURRENT_RATIO":2.724594632823,"COMMON_ACS":25000000000,"CURRENTDEBT_DEBT":99.119174201145,"ISSUED_COMMON_SHARES":3388623550,"HK_COMMON_SHARES":3388623550,"PER_SHARES":200,"TOTAL_MARKET_CAP":22907095198,"HKSK_MARKET_CAP":22907095198,"PE_TTM":13.696138809414,"PB_TTM":1.584565268755,"REPORT_DATE_SQ":"2023-06-30 00:00:00","REPORT_TYPE_SQ":"2023年中报","OPERATE_INCOME_SQ":3518957000,"DPS_HKD":0.18,"OPERATE_INCOME_QOQ_SQ":7.820739262527,"NET_PROFIT_RATIO_SQ":45.0388851015,"HOLDER_PROFIT_SQ":1584899000,"HOLDER_PROFIT_QOQ_SQ":102.947859236056,"ROE_AVG_SQ":38.807008772045,"PE_TTM_SQ":12.798775120652,"PB_TTM_SQ":2.223907211495,"ROA_SQ":11.626308396076,"START_DATE":"2024-01-01 00:00:00","FISCAL_YEAR":"12-31","CURRENCY":"HKD","IS_CNY_CODE":0,"DPS_HKD_LY":0.18,"ORG_TYPE":"一般企业","PREMIUM_INCOME":null,"PREMIUM_INCOME_YOY":null,"NET_INTEREST_INCOME":null,"NET_INTEREST_INCOME_YOY":null,"FEE_COMMISSION_INCOME":null,"FEE_COMMISSION_INCOME_YOY":null,"ACCOUNTS_RECE_TDAYS":14.382669909838,"INVENTORY_TDAYS":0.264845733031,"CURRENT_ASSETS_TDAYS":0.317701802327,"TOTAL_ASSETS_TDAYS":0.231965306373,"PREMIUM_EXPENSE":null,"LOAN_DEPOSIT":null,"LOAN_EQUITY":null,"LOAN_ASSETS":null,"DEPOSIT_EQUITY":null,"DEPOSIT_ASSETS":null,"EQUITY_MULTIPLIER":1.368690635686,"EQUITY_RATIO":0.368690635687},{"SECUCODE":"06979.HK","SECURITY_CODE":"06979","SECURITY_NAME_ABBR":"珍酒李渡","ORG_CODE":"10000499992","STD_REPORT_DATE":"2023-12-31 00:00:00","REPORT_DATE":"2023-12-31 00:00:00","DATE_TYPE_CODE":"001","REPORT_TYPE":"2023年年报","PER_NETCASH_OPERATE":0.110421719624,"PER_OI":2.14911511325,"BPS":3.740679309155,"BASIC_EPS":0.78,"DILUTED_EPS":0.49,"OPERATE_INCOME":7030467000,"OPERATE_INCOME_YOY":20.0574905689,"GROSS_PROFIT":4079948000,"GROSS_PROFIT_YOY":25.965920844229,"HOLDER_PROFIT":2327083000,"HOLDER_PROFIT_YOY":125.9597850594,"GROSS_PROFIT_RATIO":58.032389598017,"EPS_TTM":0.711356620419,"OPERATE_INCOME_QOQ":11.349162869881,"NET_PROFIT_RATIO":33.0999775691,"ROE_AVG":52.526888880362,"GROSS_PROFIT_QOQ":14.187182605264,"ROA":16.252514702344,"HOLDER_PROFIT_QOQ":11.338836443007,"ROE_YEARLY":52.526888880362,"ROIC_YEARLY":22.268824212612,"TOTAL_ASSETS":17577701000,"TOTAL_LIABILITIES":4901947000,"TAX_EBT":19.357607664323,"OCF_SALES":5.138008613084,"TOTAL_PARENT_EQUITY":12675754000,"DEBT_ASSET_RATIO":27.8873044888,"OPERATE_PROFIT":2115587000,"PRETAX_PROFIT":2885682000,"NETCASH_OPERATE":361226000,"NETCASH_INVEST":-840368000,"NETCASH_FINANCE":4490685000,"END_CASH":5770517000,"DIVI_RATIO":0.229307769574,"DIVIDEND_RATE":2.448979591837,"CURRENT_RATIO":2.654582610127,"COMMON_ACS":25000000000,"CURRENTDEBT_DEBT":98.99766358143,"ISSUED_COMMON_SHARES":3388623550,"HK_COMMON_SHARES":3388623550,"PER_SHARES":200,"TOTAL_MARKET_CAP":24906383092.5,"HKSK_MARKET_CAP":24906383092.5,"PE_TTM":14.891511871182,"PB_TTM":1.722863125052,"REPORT_DATE_SQ":"2022-12-31 00:00:00","REPORT_TYPE_SQ":"2022年年报","OPERATE_INCOME_SQ":5855917000,"DPS_HKD":0.18,"OPERATE_INCOME_QOQ_SQ":1.714670325853,"NET_PROFIT_RATIO_SQ":17.5867588287,"HOLDER_PROFIT_SQ":1029866000,"HOLDER_PROFIT_QOQ_SQ":6.918528900309,"ROE_AVG_SQ":-19.377925294964,"PE_TTM_SQ":13.760814915709,"PB_TTM_SQ":2.39107064845,"ROA_SQ":11.012640306461,"START_DATE":"2023-01-01 00:00:00","FISCAL_YEAR":"12-31","CURRENCY":"HKD","IS_CNY_CODE":0,"DPS_HKD_LY":null,"ORG_TYPE":"一般企业","PREMIUM_INCOME":null,"PREMIUM_INCOME_YOY":null,"NET_INTEREST_INCOME":null,"NET_INTEREST_INCOME_YOY":null,"FEE_COMMISSION_INCOME":null,"FEE_COMMISSION_INCOME_YOY":null,"ACCOUNTS_RECE_TDAYS":33.248052777187,"INVENTORY_TDAYS":0.512154455277,"CURRENT_ASSETS_TDAYS":0.69857258708,"TOTAL_ASSETS_TDAYS":0.491012861517,"PREMIUM_EXPENSE":null,"LOAN_DEPOSIT":null,"LOAN_EQUITY":null,"LOAN_ASSETS":null,"DEPOSIT_EQUITY":null,"DEPOSIT_ASSETS":null,"EQUITY_MULTIPLIER":1.386718375885,"EQUITY_RATIO":0.386718375885},{"SECUCODE":"06979.HK","SECURITY_CODE":"06979","SECURITY_NAME_ABBR":"珍酒李渡","ORG_CODE":"10000499992","STD_REPORT_DATE":"2023-06-30 00:00:00","REPORT_DATE":"2023-06-30 00:00:00","DATE_TYPE_CODE":"002","REPORT_TYPE":"2023年中报","PER_NETCASH_OPERATE":0.066015941737,"PER_OI":1.075695778329,"BPS":3.536338818161,"BASIC_EPS":0.594,"DILUTED_EPS":0.26,"OPERATE_INCOME":3518957000,"OPERATE_INCOME_YOY":14.9617393901,"GROSS_PROFIT":2037148000,"GROSS_PROFIT_YOY":19.618118861356,"HOLDER_PROFIT":1584899000,"HOLDER_PROFIT_YOY":202.0730968182,"GROSS_PROFIT_RATIO":57.890676129319,"EPS_TTM":0.638911491394,"OPERATE_INCOME_QOQ":7.820739262527,"NET_PROFIT_RATIO":45.0388851015,"ROE_AVG":38.807008772045,"GROSS_PROFIT_QOQ":10.315289308506,"ROA":11.626308396076,"HOLDER_PROFIT_QOQ":102.947859236056,"ROE_YEARLY":77.61401754409,"ROIC_YEARLY":32.528058649467,"TOTAL_ASSETS":16205122000,"TOTAL_LIABILITIES":4221801000,"TAX_EBT":14.26443938353,"OCF_SALES":6.137045721218,"TOTAL_PARENT_EQUITY":11983321000,"DEBT_ASSET_RATIO":26.052262982,"OPERATE_PROFIT":1068757000,"PRETAX_PROFIT":1848590000,"NETCASH_OPERATE":215960000,"NETCASH_INVEST":-536043000,"NETCASH_FINANCE":4510311000,"END_CASH":6090874000,"DIVI_RATIO":0.255308602517,"DIVIDEND_RATE":2.448979591837,"CURRENT_RATIO":2.865621334881,"COMMON_ACS":25000000000,"CURRENTDEBT_DEBT":98.939931086283,"ISSUED_COMMON_SHARES":3388623550,"HK_COMMON_SHARES":3388623550,"PER_SHARES":200,"TOTAL_MARKET_CAP":24906383092.5,"HKSK_MARKET_CAP":24906383092.5,"PE_TTM":14.891511871182,"PB_TTM":1.722863125052,"REPORT_DATE_SQ":"2022-06-30 00:00:00","REPORT_TYPE_SQ":"2022年中报","OPERATE_INCOME_SQ":3060981000,"DPS_HKD":0.18,"OPERATE_INCOME_QOQ_SQ":0,"NET_PROFIT_RATIO_SQ":17.1407140391,"HOLDER_PROFIT_SQ":524674000,"HOLDER_PROFIT_QOQ_SQ":0,"ROE_AVG_SQ":null,"PE_TTM_SQ":13.760814915709,"PB_TTM_SQ":2.39107064845,"ROA_SQ":null,"START_DATE":"2023-01-01 00:00:00","FISCAL_YEAR":"12-31","CURRENCY":"HKD","IS_CNY_CODE":0,"DPS_HKD_LY":null,"ORG_TYPE":"一般企业","PREMIUM_INCOME":null,"PREMIUM_INCOME_YOY":null,"NET_INTEREST_INCOME":null,"NET_INTEREST_INCOME_YOY":null,"FEE_COMMISSION_INCOME":null,"FEE_COMMISSION_INCOME_YOY":null,"ACCOUNTS_RECE_TDAYS":18.394966021955,"INVENTORY_TDAYS":0.277913564118,"CURRENT_ASSETS_TDAYS":0.366257861071,"TOTAL_ASSETS_TDAYS":0.258139347142,"PREMIUM_EXPENSE":null,"LOAN_DEPOSIT":null,"LOAN_EQUITY":null,"LOAN_ASSETS":null,"DEPOSIT_EQUITY":null,"DEPOSIT_ASSETS":null,"EQUITY_MULTIPLIER":1.352306426573,"EQUITY_RATIO":0.352306426574},{"SECUCODE":"06979.HK","SECURITY_CODE":"06979","SECURITY_NAME_ABBR":"珍酒李渡","ORG_CODE":"10000499992","STD_REPORT_DATE":"2022-12-31 00:00:00","REPORT_DATE":"2022-12-31 00:00:00","DATE_TYPE_CODE":"001","REPORT_TYPE":"2022年年报","PER_NETCASH_OPERATE":-0.32994374624,"PER_OI":2.718941302547,"BPS":-1.125889005877,"BASIC_EPS":0.44,"DILUTED_EPS":0.43,"OPERATE_INCOME":5855917000,"OPERATE_INCOME_YOY":14.786048201,"GROSS_PROFIT":3238930000,"GROSS_PROFIT_YOY":18.65316406728,"HOLDER_PROFIT":1029866000,"HOLDER_PROFIT_YOY":-0.2258289842,"GROSS_PROFIT_RATIO":55.310380936069,"EPS_TTM":0.478173649573,"OPERATE_INCOME_QOQ":1.714670325853,"NET_PROFIT_RATIO":17.5867588287,"ROE_AVG":-19.377925294964,"GROSS_PROFIT_QOQ":2.317822008,"ROA":11.012640306461,"HOLDER_PROFIT_QOQ":6.918528900309,"ROE_YEARLY":-19.377925294964,"ROIC_YEARLY":13.309905712896,"TOTAL_ASSETS":11058889000,"TOTAL_LIABILITIES":14874103000,"TAX_EBT":28.236285249802,"OCF_SALES":-12.135008061077,"TOTAL_PARENT_EQUITY":-3815214000,"DEBT_ASSET_RATIO":134.4990712901,"OPERATE_PROFIT":1631947000,"PRETAX_PROFIT":1435079000,"NETCASH_OPERATE":-710616000,"NETCASH_INVEST":-1388711000,"NETCASH_FINANCE":2219758000,"END_CASH":1683382000,"DIVI_RATIO":0.341130466193,"DIVIDEND_RATE":2.448979591837,"CURRENT_RATIO":1.584847719317,"COMMON_ACS":25000000000,"CURRENTDEBT_DEBT":30.737887185533,"ISSUED_COMMON_SHARES":3388623550,"HK_COMMON_SHARES":3388623550,"PER_SHARES":200,"TOTAL_MARKET_CAP":24906383092.5,"HKSK_MARKET_CAP":24906383092.5,"PE_TTM":14.891511871182,"PB_TTM":1.722863125052,"REPORT_DATE_SQ":"2021-12-31 00:00:00","REPORT_TYPE_SQ":"2021年年报","OPERATE_INCOME_SQ":5101593000,"DPS_HKD":0.18,"OPERATE_INCOME_QOQ_SQ":112.662516179189,"NET_PROFIT_RATIO_SQ":20.2328370766,"HOLDER_PROFIT_SQ":1032197000,"HOLDER_PROFIT_QOQ_SQ":98.465836550738,"ROE_AVG_SQ":-36.315605411963,"PE_TTM_SQ":13.760814915709,"PB_TTM_SQ":2.39107064845,"ROA_SQ":16.796714655908,"START_DATE":"2022-01-01 00:00:00","FISCAL_YEAR":"12-31","CURRENCY":"HKD","IS_CNY_CODE":0,"DPS_HKD_LY":null,"ORG_TYPE":"一般企业","PREMIUM_INCOME":null,"PREMIUM_INCOME_YOY":null,"NET_INTEREST_INCOME":null,"NET_INTEREST_INCOME_YOY":null,"FEE_COMMISSION_INCOME":null,"FEE_COMMISSION_INCOME_YOY":null,"ACCOUNTS_RECE_TDAYS":47.898027122969,"INVENTORY_TDAYS":0.595593248074,"CURRENT_ASSETS_TDAYS":0.932453116537,"TOTAL_ASSETS_TDAYS":0.626189306041,"PREMIUM_EXPENSE":null,"LOAN_DEPOSIT":null,"LOAN_EQUITY":null,"LOAN_ASSETS":null,"DEPOSIT_EQUITY":null,"DEPOSIT_ASSETS":null,"EQUITY_MULTIPLIER":-2.898628753195,"EQUITY_RATIO":-3.898628753197},{"SECUCODE":"06979.HK","SECURITY_CODE":"06979","SECURITY_NAME_ABBR":"珍酒李渡","ORG_CODE":"10000499992","STD_REPORT_DATE":"2022-09-30 00:00:00","REPORT_DATE":"2022-09-30 00:00:00","DATE_TYPE_CODE":"004","REPORT_TYPE":"2022年三季报","PER_NETCASH_OPERATE":-0.48721478192,"PER_OI":2.01122945072,"BPS":-1.279607762863,"BASIC_EPS":null,"DILUTED_EPS":null,"OPERATE_INCOME":4249196000,"OPERATE_INCOME_YOY":18.2437947133,"GROSS_PROFIT":2346531000,"GROSS_PROFIT_YOY":22.808796060541,"HOLDER_PROFIT":712231000,"HOLDER_PROFIT_YOY":-8.8289471495,"GROSS_PROFIT_RATIO":55.222940998721,"EPS_TTM":0.455913657,"OPERATE_INCOME_QOQ":12.85102516018,"NET_PROFIT_RATIO":16.761547361,"ROE_AVG":-12.775254895331,"GROSS_PROFIT_QOQ":15.965294939529,"ROA":8.161793582075,"HOLDER_PROFIT_QOQ":-6.682057785481,"ROE_YEARLY":-17.033673193775,"ROIC_YEARLY":10.006069831938,"TOTAL_ASSETS":9808351000,"TOTAL_LIABILITIES":14144460000,"TAX_EBT":29.231024515683,"OCF_SALES":-24.224723924244,"TOTAL_PARENT_EQUITY":-4336109000,"DEBT_ASSET_RATIO":144.2083383843,"OPERATE_PROFIT":1166324000,"PRETAX_PROFIT":1006417000,"NETCASH_OPERATE":-1029356000,"NETCASH_INVEST":-1107120000,"NETCASH_FINANCE":2233687000,"END_CASH":1672108000,"DIVI_RATIO":0.357786167393,"DIVIDEND_RATE":2.448979591837,"CURRENT_RATIO":1.770003473124,"COMMON_ACS":25000000000,"CURRENTDEBT_DEBT":25.485766158623,"ISSUED_COMMON_SHARES":3388623550,"HK_COMMON_SHARES":3388623550,"PER_SHARES":200,"TOTAL_MARKET_CAP":24906383092.5,"HKSK_MARKET_CAP":24906383092.5,"PE_TTM":14.891511871182,"PB_TTM":1.722863125052,"REPORT_DATE_SQ":"2021-09-30 00:00:00","REPORT_TYPE_SQ":"2021年三季报","OPERATE_INCOME_SQ":3593589000,"DPS_HKD":0.18,"OPERATE_INCOME_QOQ_SQ":0,"NET_PROFIT_RATIO_SQ":21.7387965068,"HOLDER_PROFIT_SQ":781203000,"HOLDER_PROFIT_QOQ_SQ":0,"ROE_AVG_SQ":null,"PE_TTM_SQ":13.760814915709,"PB_TTM_SQ":2.39107064845,"ROA_SQ":null,"START_DATE":"2022-01-01 00:00:00","FISCAL_YEAR":"12-31","CURRENCY":"HKD","IS_CNY_CODE":0,"DPS_HKD_LY":null,"ORG_TYPE":"一般企业","PREMIUM_INCOME":null,"PREMIUM_INCOME_YOY":null,"NET_INTEREST_INCOME":null,"NET_INTEREST_INCOME_YOY":null,"FEE_COMMISSION_INCOME":null,"FEE_COMMISSION_INCOME_YOY":null,"ACCOUNTS_RECE_TDAYS":52.004650707397,"INVENTORY_TDAYS":0.477571221908,"CURRENT_ASSETS_TDAYS":0.726675667749,"TOTAL_ASSETS_TDAYS":0.486935567839,"PREMIUM_EXPENSE":null,"LOAN_DEPOSIT":null,"LOAN_EQUITY":null,"LOAN_ASSETS":null,"DEPOSIT_EQUITY":null,"DEPOSIT_ASSETS":null,"EQUITY_MULTIPLIER":-2.262016706683,"EQUITY_RATIO":-3.262016706683},{"SECUCODE":"06979.HK","SECURITY_CODE":"06979","SECURITY_NAME_ABBR":"珍酒李渡","ORG_CODE":"10000499992","STD_REPORT_DATE":"2022-06-30 00:00:00","REPORT_DATE":"2022-06-30 00:00:00","DATE_TYPE_CODE":"002","REPORT_TYPE":"2022年中报","PER_NETCASH_OPERATE":null,"PER_OI":null,"BPS":null,"BASIC_EPS":0.23,"DILUTED_EPS":0.23,"OPERATE_INCOME":3060981000,"OPERATE_INCOME_YOY":null,"GROSS_PROFIT":1703043000,"GROSS_PROFIT_YOY":null,"HOLDER_PROFIT":524674000,"HOLDER_PROFIT_YOY":null,"GROSS_PROFIT_RATIO":55.637163379975,"EPS_TTM":0.438731894193,"OPERATE_INCOME_QOQ":0,"NET_PROFIT_RATIO":17.1407140391,"ROE_AVG":null,"GROSS_PROFIT_QOQ":0,"ROA":null,"HOLDER_PROFIT_QOQ":0,"ROE_YEARLY":null,"ROIC_YEARLY":null,"TOTAL_ASSETS":null,"TOTAL_LIABILITIES":null,"TAX_EBT":29.051224390171,"OCF_SALES":-21.736201564139,"TOTAL_PARENT_EQUITY":null,"DEBT_ASSET_RATIO":null,"OPERATE_PROFIT":880311000,"PRETAX_PROFIT":739511000,"NETCASH_OPERATE":-665341000,"NETCASH_INVEST":-688873000,"NETCASH_FINANCE":3189970000,"END_CASH":3394588000,"DIVI_RATIO":0.371797907011,"DIVIDEND_RATE":2.448979591837,"CURRENT_RATIO":null,"COMMON_ACS":25000000000,"CURRENTDEBT_DEBT":null,"ISSUED_COMMON_SHARES":3388623550,"HK_COMMON_SHARES":3388623550,"PER_SHARES":200,"TOTAL_MARKET_CAP":24906383092.5,"HKSK_MARKET_CAP":24906383092.5,"PE_TTM":14.891511871182,"PB_TTM":1.722863125052,"REPORT_DATE_SQ":"2021-06-30 00:00:00","REPORT_TYPE_SQ":"2021年中报","OPERATE_INCOME_SQ":null,"DPS_HKD":0.18,"OPERATE_INCOME_QOQ_SQ":0,"NET_PROFIT_RATIO_SQ":null,"HOLDER_PROFIT_SQ":null,"HOLDER_PROFIT_QOQ_SQ":0,"ROE_AVG_SQ":null,"PE_TTM_SQ":13.760814915709,"PB_TTM_SQ":2.39107064845,"ROA_SQ":null,"START_DATE":"2022-01-01 00:00:00","FISCAL_YEAR":"12-31","CURRENCY":"HKD","IS_CNY_CODE":0,"DPS_HKD_LY":null,"ORG_TYPE":"一般企业","PREMIUM_INCOME":null,"PREMIUM_INCOME_YOY":null,"NET_INTEREST_INCOME":null,"NET_INTEREST_INCOME_YOY":null,"FEE_COMMISSION_INCOME":null,"FEE_COMMISSION_INCOME_YOY":null,"ACCOUNTS_RECE_TDAYS":null,"INVENTORY_TDAYS":null,"CURRENT_ASSETS_TDAYS":1.151970546102,"TOTAL_ASSETS_TDAYS":0.800836946519,"PREMIUM_EXPENSE":null,"LOAN_DEPOSIT":null,"LOAN_EQUITY":null,"LOAN_ASSETS":null,"DEPOSIT_EQUITY":null,"DEPOSIT_ASSETS":null,"EQUITY_MULTIPLIER":null,"EQUITY_RATIO":null},{"SECUCODE":"06979.HK","SECURITY_CODE":"06979","SECURITY_NAME_ABBR":"珍酒李渡","ORG_CODE":"10000499992","STD_REPORT_DATE":"2021-12-31 00:00:00","REPORT_DATE":"2021-12-31 00:00:00","DATE_TYPE_CODE":"001","REPORT_TYPE":"2021年年报","PER_NETCASH_OPERATE":0.411879996073,"PER_OI":2.16841509934,"BPS":-2.010862493121,"BASIC_EPS":null,"DILUTED_EPS":null,"OPERATE_INCOME":5101593000,"OPERATE_INCOME_YOY":112.6625161792,"GROSS_PROFIT":2729746000,"GROSS_PROFIT_YOY":117.835787605507,"HOLDER_PROFIT":1032197000,"HOLDER_PROFIT_YOY":98.4658365507,"GROSS_PROFIT_RATIO":53.507718079431,"EPS_TTM":0.438731894193,"OPERATE_INCOME_QOQ":112.662516179189,"NET_PROFIT_RATIO":20.2328370766,"ROE_AVG":-36.315605411963,"GROSS_PROFIT_QOQ":117.835787605507,"ROA":16.796714655908,"HOLDER_PROFIT_QOQ":98.465836550738,"ROE_YEARLY":-36.315605411963,"ROIC_YEARLY":19.784501265046,"TOTAL_ASSETS":7644455000,"TOTAL_LIABILITIES":14458511000,"TAX_EBT":26.718294850032,"OCF_SALES":18.994517986833,"TOTAL_PARENT_EQUITY":-6814056000,"DEBT_ASSET_RATIO":189.1372373832,"OPERATE_PROFIT":1466570000,"PRETAX_PROFIT":1408533000,"NETCASH_OPERATE":969023000,"NETCASH_INVEST":-1384973000,"NETCASH_FINANCE":1670434000,"END_CASH":1544676000,"DIVI_RATIO":0.371797907011,"DIVIDEND_RATE":2.448979591837,"CURRENT_RATIO":0.973302909027,"COMMON_ACS":25000000000,"CURRENTDEBT_DEBT":37.763971684221,"ISSUED_COMMON_SHARES":3388623550,"HK_COMMON_SHARES":3388623550,"PER_SHARES":200,"TOTAL_MARKET_CAP":24906383092.5,"HKSK_MARKET_CAP":24906383092.5,"PE_TTM":14.891511871182,"PB_TTM":1.722863125052,"REPORT_DATE_SQ":"2020-12-31 00:00:00","REPORT_TYPE_SQ":"2020年年报","OPERATE_INCOME_SQ":2398915000,"DPS_HKD":0.18,"OPERATE_INCOME_QOQ_SQ":null,"NET_PROFIT_RATIO_SQ":21.6801345608,"HOLDER_PROFIT_SQ":520088000,"HOLDER_PROFIT_QOQ_SQ":null,"ROE_AVG_SQ":46.047328644384,"PE_TTM_SQ":13.760814915709,"PB_TTM_SQ":2.39107064845,"ROA_SQ":11.19429841705,"START_DATE":"2021-01-01 00:00:00","FISCAL_YEAR":"12-31","CURRENCY":"HKD","IS_CNY_CODE":0,"DPS_HKD_LY":null,"ORG_TYPE":"一般企业","PREMIUM_INCOME":null,"PREMIUM_INCOME_YOY":null,"NET_INTEREST_INCOME":null,"NET_INTEREST_INCOME_YOY":null,"FEE_COMMISSION_INCOME":null,"FEE_COMMISSION_INCOME_YOY":null,"ACCOUNTS_RECE_TDAYS":73.460764761363,"INVENTORY_TDAYS":0.880704876698,"CURRENT_ASSETS_TDAYS":1.117469376115,"TOTAL_ASSETS_TDAYS":0.830171003322,"PREMIUM_EXPENSE":null,"LOAN_DEPOSIT":null,"LOAN_EQUITY":null,"LOAN_ASSETS":null,"DEPOSIT_EQUITY":null,"DEPOSIT_ASSETS":null,"EQUITY_MULTIPLIER":-1.121865596643,"EQUITY_RATIO":-2.121865596643},{"SECUCODE":"06979.HK","SECURITY_CODE":"06979","SECURITY_NAME_ABBR":"珍酒李渡","ORG_CODE":"10000499992","STD_REPORT_DATE":"2021-09-30 00:00:00","REPORT_DATE":"2021-09-30 00:00:00","DATE_TYPE_CODE":"004","REPORT_TYPE":"2021年三季报","PER_NETCASH_OPERATE":null,"PER_OI":null,"BPS":null,"BASIC_EPS":null,"DILUTED_EPS":null,"OPERATE_INCOME":3593589000,"OPERATE_INCOME_YOY":null,"GROSS_PROFIT":1910719000,"GROSS_PROFIT_YOY":null,"HOLDER_PROFIT":781203000,"HOLDER_PROFIT_YOY":null,"GROSS_PROFIT_RATIO":53.170215069113,"EPS_TTM":null,"OPERATE_INCOME_QOQ":0,"NET_PROFIT_RATIO":21.7387965068,"ROE_AVG":null,"GROSS_PROFIT_QOQ":0,"ROA":null,"HOLDER_PROFIT_QOQ":0,"ROE_YEARLY":null,"ROIC_YEARLY":null,"TOTAL_ASSETS":null,"TOTAL_LIABILITIES":null,"TAX_EBT":25.434676369412,"OCF_SALES":34.53706030378,"TOTAL_PARENT_EQUITY":null,"DEBT_ASSET_RATIO":null,"OPERATE_PROFIT":1074865000,"PRETAX_PROFIT":1047676000,"NETCASH_OPERATE":1241120000,"NETCASH_INVEST":-1014310000,"NETCASH_FINANCE":-272918000,"END_CASH":265182000,"DIVI_RATIO":null,"DIVIDEND_RATE":2.448979591837,"CURRENT_RATIO":null,"COMMON_ACS":25000000000,"CURRENTDEBT_DEBT":null,"ISSUED_COMMON_SHARES":3388623550,"HK_COMMON_SHARES":3388623550,"PER_SHARES":200,"TOTAL_MARKET_CAP":24906383092.5,"HKSK_MARKET_CAP":24906383092.5,"PE_TTM":14.891511871182,"PB_TTM":1.722863125052,"REPORT_DATE_SQ":"2020-09-30 00:00:00","REPORT_TYPE_SQ":"2020年三季报","OPERATE_INCOME_SQ":null,"DPS_HKD":0.18,"OPERATE_INCOME_QOQ_SQ":null,"NET_PROFIT_RATIO_SQ":null,"HOLDER_PROFIT_SQ":null,"HOLDER_PROFIT_QOQ_SQ":null,"ROE_AVG_SQ":null,"PE_TTM_SQ":13.760814915709,"PB_TTM_SQ":2.39107064845,"ROA_SQ":null,"START_DATE":"2021-01-01 00:00:00","FISCAL_YEAR":"12-31","CURRENCY":"HKD","IS_CNY_CODE":0,"DPS_HKD_LY":null,"ORG_TYPE":"一般企业","PREMIUM_INCOME":null,"PREMIUM_INCOME_YOY":null,"NET_INTEREST_INCOME":null,"NET_INTEREST_INCOME_YOY":null,"FEE_COMMISSION_INCOME":null,"FEE_COMMISSION_INCOME_YOY":null,"ACCOUNTS_RECE_TDAYS":null,"INVENTORY_TDAYS":null,"CURRENT_ASSETS_TDAYS":1.883294696221,"TOTAL_ASSETS_TDAYS":1.546957732316,"PREMIUM_EXPENSE":null,"LOAN_DEPOSIT":null,"LOAN_EQUITY":null,"LOAN_ASSETS":null,"DEPOSIT_EQUITY":null,"DEPOSIT_ASSETS":null,"EQUITY_MULTIPLIER":null,"EQUITY_RATIO":null},{"SECUCODE":"06979.HK","SECURITY_CODE":"06979","SECURITY_NAME_ABBR":"珍酒李渡","ORG_CODE":"10000499992","STD_REPORT_DATE":"2020-12-31 00:00:00","REPORT_DATE":"2020-12-31 00:00:00","DATE_TYPE_CODE":"001","REPORT_TYPE":"2020年年报","PER_NETCASH_OPERATE":null,"PER_OI":null,"BPS":0.33331055614,"BASIC_EPS":null,"DILUTED_EPS":null,"OPERATE_INCOME":2398915000,"OPERATE_INCOME_YOY":null,"GROSS_PROFIT":1253121000,"GROSS_PROFIT_YOY":null,"HOLDER_PROFIT":520088000,"HOLDER_PROFIT_YOY":null,"GROSS_PROFIT_RATIO":52.236990472776,"EPS_TTM":null,"OPERATE_INCOME_QOQ":null,"NET_PROFIT_RATIO":21.6801345608,"ROE_AVG":46.047328644384,"GROSS_PROFIT_QOQ":null,"ROA":11.19429841705,"HOLDER_PROFIT_QOQ":null,"ROE_YEARLY":46.047328644384,"ROIC_YEARLY":11.998357425957,"TOTAL_ASSETS":4646008000,"TOTAL_LIABILITIES":3516544000,"TAX_EBT":25.866819469211,"OCF_SALES":63.527803194361,"TOTAL_PARENT_EQUITY":1129464000,"DEBT_ASSET_RATIO":75.6895812491,"OPERATE_PROFIT":741302000,"PRETAX_PROFIT":701559000,"NETCASH_OPERATE":1523978000,"NETCASH_INVEST":-255694000,"NETCASH_FINANCE":-1068294000,"END_CASH":311290000,"DIVI_RATIO":null,"DIVIDEND_RATE":2.448979591837,"CURRENT_RATIO":1.112516587412,"COMMON_ACS":25000000000,"CURRENTDEBT_DEBT":97.547819677502,"ISSUED_COMMON_SHARES":3388623550,"HK_COMMON_SHARES":3388623550,"PER_SHARES":200,"TOTAL_MARKET_CAP":24906383092.5,"HKSK_MARKET_CAP":24906383092.5,"PE_TTM":14.891511871182,"PB_TTM":1.722863125052,"REPORT_DATE_SQ":"2019-12-31 00:00:00","REPORT_TYPE_SQ":"2019年年报","OPERATE_INCOME_SQ":null,"DPS_HKD":0.18,"OPERATE_INCOME_QOQ_SQ":null,"NET_PROFIT_RATIO_SQ":null,"HOLDER_PROFIT_SQ":null,"HOLDER_PROFIT_QOQ_SQ":null,"ROE_AVG_SQ":null,"PE_TTM_SQ":13.760814915709,"PB_TTM_SQ":2.39107064845,"ROA_SQ":null,"START_DATE":"2020-01-01 00:00:00","FISCAL_YEAR":"12-31","CURRENCY":"HKD","IS_CNY_CODE":0,"DPS_HKD_LY":null,"ORG_TYPE":"一般企业","PREMIUM_INCOME":null,"PREMIUM_INCOME_YOY":null,"NET_INTEREST_INCOME":null,"NET_INTEREST_INCOME_YOY":null,"FEE_COMMISSION_INCOME":null,"FEE_COMMISSION_INCOME_YOY":null,"ACCOUNTS_RECE_TDAYS":32.348265213932,"INVENTORY_TDAYS":0.65966847139,"CURRENT_ASSETS_TDAYS":1.257201058937,"TOTAL_ASSETS_TDAYS":1.032677946314,"PREMIUM_EXPENSE":null,"LOAN_DEPOSIT":null,"LOAN_EQUITY":null,"LOAN_ASSETS":null,"DEPOSIT_EQUITY":null,"DEPOSIT_ASSETS":null,"EQUITY_MULTIPLIER":4.113462669017,"EQUITY_RATIO":3.113462669018}],"count":9},"success":true,"message":"ok","code":0}