{"version":"57491db8357579df2f238bd4ab6e601c","result":{"pages":2,"data":[{"SECUCODE":"06988.HK","SECURITY_CODE":"06988","SECURITY_NAME_ABBR":"乐享集团","ORG_CODE":"10000073443","STD_REPORT_DATE":"2024-06-30 00:00:00","REPORT_DATE":"2024-06-30 00:00:00","DATE_TYPE_CODE":"002","REPORT_TYPE":"2024年中报","PER_NETCASH_OPERATE":-0.014036925923,"PER_OI":0.042798002266,"BPS":0.480775486802,"BASIC_EPS":-0.136719464,"DILUTED_EPS":-0.136719464,"OPERATE_INCOME":101513745.68,"OPERATE_INCOME_YOY":-94.8223050625,"GROSS_PROFIT":401579.2,"GROSS_PROFIT_YOY":-99.794341667485,"HOLDER_PROFIT":-324185761.36,"HOLDER_PROFIT_YOY":-82.3110048092,"GROSS_PROFIT_RATIO":0.395590958948,"EPS_TTM":-0.360542492426,"OPERATE_INCOME_QOQ":-40.785191680791,"NET_PROFIT_RATIO":-329.9534281553,"ROE_AVG":-24.93686837662,"GROSS_PROFIT_QOQ":-46.788882097575,"ROA":-21.507561360842,"HOLDER_PROFIT_QOQ":-20.341705256755,"ROE_YEARLY":-49.873736753241,"ROIC_YEARLY":-51.057676378519,"TOTAL_ASSETS":1309025892.88,"TOTAL_LIABILITIES":219340733.68,"TAX_EBT":-0.017714598737,"OCF_SALES":-32.798086778271,"TOTAL_PARENT_EQUITY":1140364454.24,"DEBT_ASSET_RATIO":16.7560271247,"OPERATE_PROFIT":-334242582.28,"PRETAX_PROFIT":-334888759.72,"NETCASH_OPERATE":-33294566.4,"NETCASH_INVEST":1132635.88,"NETCASH_FINANCE":-5288980.6,"END_CASH":249254733.36,"DIVI_RATIO":null,"DIVIDEND_RATE":null,"CURRENT_RATIO":5.82296781969,"COMMON_ACS":5000000000,"CURRENTDEBT_DEBT":92.529314348011,"ISSUED_COMMON_SHARES":2371927200,"HK_COMMON_SHARES":2371927200,"PER_SHARES":1000,"TOTAL_MARKET_CAP":294118972.8,"HKSK_MARKET_CAP":294118972.8,"PE_TTM":-0.311390232019,"PB_TTM":0.235395362506,"REPORT_DATE_SQ":"2023-06-30 00:00:00","REPORT_TYPE_SQ":"2023年中报","OPERATE_INCOME_SQ":1980575308.48,"DPS_HKD":null,"OPERATE_INCOME_QOQ_SQ":24.397931785196,"NET_PROFIT_RATIO_SQ":-9.0745823433,"HOLDER_PROFIT_SQ":-179632129.34,"HOLDER_PROFIT_QOQ_SQ":-80.52919052045,"ROE_AVG_SQ":-8.574063976856,"PE_TTM_SQ":-0.700186131638,"PB_TTM_SQ":0.200373527693,"ROA_SQ":-7.433562343404,"START_DATE":"2024-01-01 00:00:00","FISCAL_YEAR":"12-31","CURRENCY":"HKD","IS_CNY_CODE":0,"DPS_HKD_LY":null,"ORG_TYPE":"一般企业","PREMIUM_INCOME":null,"PREMIUM_INCOME_YOY":null,"NET_INTEREST_INCOME":null,"NET_INTEREST_INCOME_YOY":null,"FEE_COMMISSION_INCOME":null,"FEE_COMMISSION_INCOME_YOY":null,"ACCOUNTS_RECE_TDAYS":0.191210663348,"INVENTORY_TDAYS":null,"CURRENT_ASSETS_TDAYS":0.074081869304,"TOTAL_ASSETS_TDAYS":0.067347594324,"PREMIUM_EXPENSE":null,"LOAN_DEPOSIT":null,"LOAN_EQUITY":null,"LOAN_ASSETS":null,"DEPOSIT_EQUITY":null,"DEPOSIT_ASSETS":null,"EQUITY_MULTIPLIER":1.201288171935,"EQUITY_RATIO":0.192342661037},{"SECUCODE":"06988.HK","SECURITY_CODE":"06988","SECURITY_NAME_ABBR":"乐享集团","ORG_CODE":"10000073443","STD_REPORT_DATE":"2023-12-31 00:00:00","REPORT_DATE":"2023-12-31 00:00:00","DATE_TYPE_CODE":"001","REPORT_TYPE":"2023年年报","PER_NETCASH_OPERATE":-0.090837589172,"PER_OI":1.942393185693,"BPS":0.611045611872,"BASIC_EPS":-0.29995882,"DILUTED_EPS":-0.29995882,"OPERATE_INCOME":4607215230.24,"OPERATE_INCOME_YOY":36.4901151899,"GROSS_PROFIT":416474244.06,"GROSS_PROFIT_YOY":6.69885071115,"HOLDER_PROFIT":-710626912.52,"HOLDER_PROFIT_YOY":-131.0107526882,"GROSS_PROFIT_RATIO":9.039609031643,"EPS_TTM":-0.29959895587,"OPERATE_INCOME_QOQ":11.311217851606,"NET_PROFIT_RATIO":-15.6027586196,"ROE_AVG":-39.078432598866,"GROSS_PROFIT_QOQ":-1.872035047142,"ROA":-33.604008315231,"HOLDER_PROFIT_QOQ":-29.818221295636,"ROE_YEARLY":-39.078432598866,"ROIC_YEARLY":-41.368544721062,"TOTAL_ASSETS":1693523092.94,"TOTAL_LIABILITIES":265241531.8,"TAX_EBT":-0.017778293334,"OCF_SALES":-4.676580923023,"TOTAL_PARENT_EQUITY":1449355707.24,"DEBT_ASSET_RATIO":15.6621148484,"OPERATE_PROFIT":-718320720.32,"PRETAX_PROFIT":-718724894.44,"NETCASH_OPERATE":-215460148.54,"NETCASH_INVEST":37185831.48,"NETCASH_FINANCE":-16363614.54,"END_CASH":295403252.06,"DIVI_RATIO":null,"DIVIDEND_RATE":null,"CURRENT_RATIO":7.754958317441,"COMMON_ACS":5000000000,"CURRENTDEBT_DEBT":75.245481567529,"ISSUED_COMMON_SHARES":2371927200,"HK_COMMON_SHARES":2371927200,"PER_SHARES":1000,"TOTAL_MARKET_CAP":218217302.4,"HKSK_MARKET_CAP":218217302.4,"PE_TTM":-0.231031462466,"PB_TTM":0.174648172182,"REPORT_DATE_SQ":"2022-12-31 00:00:00","REPORT_TYPE_SQ":"2022年年报","OPERATE_INCOME_SQ":3327257455.62,"DPS_HKD":null,"OPERATE_INCOME_QOQ_SQ":85.819880312638,"NET_PROFIT_RATIO_SQ":-9.1043667778,"HOLDER_PROFIT_SQ":-303220501.5,"HOLDER_PROFIT_QOQ_SQ":-273.085565795982,"ROE_AVG_SQ":-14.346453431611,"PE_TTM_SQ":-1.050279197457,"PB_TTM_SQ":0.30056029154,"ROA_SQ":-12.910290123067,"START_DATE":"2023-01-01 00:00:00","FISCAL_YEAR":"12-31","CURRENCY":"HKD","IS_CNY_CODE":0,"DPS_HKD_LY":null,"ORG_TYPE":"一般企业","PREMIUM_INCOME":null,"PREMIUM_INCOME_YOY":null,"NET_INTEREST_INCOME":null,"NET_INTEREST_INCOME_YOY":null,"FEE_COMMISSION_INCOME":null,"FEE_COMMISSION_INCOME_YOY":null,"ACCOUNTS_RECE_TDAYS":5.117643061954,"INVENTORY_TDAYS":62.099828784369,"CURRENT_ASSETS_TDAYS":2.490227897356,"TOTAL_ASSETS_TDAYS":2.178652344562,"PREMIUM_EXPENSE":null,"LOAN_DEPOSIT":null,"LOAN_EQUITY":null,"LOAN_ASSETS":null,"DEPOSIT_EQUITY":null,"DEPOSIT_ASSETS":null,"EQUITY_MULTIPLIER":1.185706753498,"EQUITY_RATIO":0.183006511428},{"SECUCODE":"06988.HK","SECURITY_CODE":"06988","SECURITY_NAME_ABBR":"乐享集团","ORG_CODE":"10000073443","STD_REPORT_DATE":"2023-06-30 00:00:00","REPORT_DATE":"2023-06-30 00:00:00","DATE_TYPE_CODE":"002","REPORT_TYPE":"2023年中报","PER_NETCASH_OPERATE":-0.05107039722,"PER_OI":0.835006786245,"BPS":0.828235156163,"BASIC_EPS":-0.075786756,"DILUTED_EPS":-0.075786756,"OPERATE_INCOME":1980575308.48,"OPERATE_INCOME_YOY":57.1790860653,"GROSS_PROFIT":195265222.22,"GROSS_PROFIT_YOY":21.152918831276,"HOLDER_PROFIT":-179632129.34,"HOLDER_PROFIT_YOY":-358.1287510433,"GROSS_PROFIT_RATIO":9.859015276216,"EPS_TTM":-0.230783439243,"OPERATE_INCOME_QOQ":24.397931785196,"NET_PROFIT_RATIO":-9.0745823433,"ROE_AVG":-8.574063976856,"GROSS_PROFIT_QOQ":8.734396726163,"ROA":-7.433562343404,"HOLDER_PROFIT_QOQ":-80.52919052045,"ROE_YEARLY":-17.148127953711,"ROIC_YEARLY":-18.335510776993,"TOTAL_ASSETS":2253006568.78,"TOTAL_LIABILITIES":288285628.38,"TAX_EBT":-0.046703310803,"OCF_SALES":-6.116165528337,"TOTAL_PARENT_EQUITY":1964513494.9,"DEBT_ASSET_RATIO":12.7955964432,"OPERATE_PROFIT":-178400364.06,"PRETAX_PROFIT":-179645037.06,"NETCASH_OPERATE":-121135264.28,"NETCASH_INVEST":4925217.16,"NETCASH_FINANCE":-8264628.72,"END_CASH":349352973.68,"DIVI_RATIO":null,"DIVIDEND_RATE":null,"CURRENT_RATIO":9.472450456118,"COMMON_ACS":5000000000,"CURRENTDEBT_DEBT":76.251834937204,"ISSUED_COMMON_SHARES":2371927200,"HK_COMMON_SHARES":2371927200,"PER_SHARES":1000,"TOTAL_MARKET_CAP":253796210.4,"HKSK_MARKET_CAP":253796210.4,"PE_TTM":-0.268699635694,"PB_TTM":0.203123417647,"REPORT_DATE_SQ":"2022-06-30 00:00:00","REPORT_TYPE_SQ":"2022年中报","OPERATE_INCOME_SQ":1168793304.14,"DPS_HKD":null,"OPERATE_INCOME_QOQ_SQ":56.892039126245,"NET_PROFIT_RATIO_SQ":5.5226947127,"HOLDER_PROFIT_SQ":64548886.01,"HOLDER_PROFIT_QOQ_SQ":-12.415791760758,"ROE_AVG_SQ":2.902930159913,"PE_TTM_SQ":-1.108628041761,"PB_TTM_SQ":0.317258085514,"ROA_SQ":2.770631576919,"START_DATE":"2023-01-01 00:00:00","FISCAL_YEAR":"12-31","CURRENCY":"HKD","IS_CNY_CODE":0,"DPS_HKD_LY":null,"ORG_TYPE":"一般企业","PREMIUM_INCOME":null,"PREMIUM_INCOME_YOY":null,"NET_INTEREST_INCOME":null,"NET_INTEREST_INCOME_YOY":null,"FEE_COMMISSION_INCOME":null,"FEE_COMMISSION_INCOME_YOY":null,"ACCOUNTS_RECE_TDAYS":1.853490475971,"INVENTORY_TDAYS":17.283845601132,"CURRENT_ASSETS_TDAYS":0.927196440341,"TOTAL_ASSETS_TDAYS":0.81960449311,"PREMIUM_EXPENSE":null,"LOAN_DEPOSIT":null,"LOAN_EQUITY":null,"LOAN_ASSETS":null,"DEPOSIT_EQUITY":null,"DEPOSIT_ASSETS":null,"EQUITY_MULTIPLIER":1.146731081474,"EQUITY_RATIO":0.146746575744},{"SECUCODE":"06988.HK","SECURITY_CODE":"06988","SECURITY_NAME_ABBR":"乐享集团","ORG_CODE":"10000073443","STD_REPORT_DATE":"2022-12-31 00:00:00","REPORT_DATE":"2022-12-31 00:00:00","DATE_TYPE_CODE":"001","REPORT_TYPE":"2022年年报","PER_NETCASH_OPERATE":-0.198202435602,"PER_OI":1.402765420296,"BPS":0.90909620235,"BASIC_EPS":-0.134258481,"DILUTED_EPS":-0.134258481,"OPERATE_INCOME":3327257455.62,"OPERATE_INCOME_YOY":166.8401755434,"GROSS_PROFIT":390326832.28,"GROSS_PROFIT_YOY":5.655072950898,"HOLDER_PROFIT":-303220501.5,"HOLDER_PROFIT_YOY":-238.7537708161,"GROSS_PROFIT_RATIO":11.731188147785,"EPS_TTM":-0.127837187204,"OPERATE_INCOME_QOQ":85.819880312638,"NET_PROFIT_RATIO":-9.1043667778,"ROE_AVG":-14.346453431611,"GROSS_PROFIT_QOQ":10.736248881394,"ROA":-12.910290123067,"HOLDER_PROFIT_QOQ":-273.085565795982,"ROE_YEARLY":-14.346453431611,"ROIC_YEARLY":-16.695759439412,"TOTAL_ASSETS":2499656199.67,"TOTAL_LIABILITIES":343051410.8,"TAX_EBT":-2.179048353661,"OCF_SALES":-14.129407008043,"TOTAL_PARENT_EQUITY":2156310009.77,"DEBT_ASSET_RATIO":13.7239437506,"OPERATE_PROFIT":-295276651.39,"PRETAX_PROFIT":-296465593.76,"NETCASH_OPERATE":-470121748.11,"NETCASH_INVEST":-82132603.42,"NETCASH_FINANCE":524499559.36,"END_CASH":476956156.88,"DIVI_RATIO":null,"DIVIDEND_RATE":null,"CURRENT_RATIO":7.668473558468,"COMMON_ACS":5000000000,"CURRENTDEBT_DEBT":80.653056973232,"ISSUED_COMMON_SHARES":2371927200,"HK_COMMON_SHARES":2371927200,"PER_SHARES":1000,"TOTAL_MARKET_CAP":218217302.4,"HKSK_MARKET_CAP":218217302.4,"PE_TTM":-0.231031462466,"PB_TTM":0.174648172182,"REPORT_DATE_SQ":"2021-12-31 00:00:00","REPORT_TYPE_SQ":"2021年年报","OPERATE_INCOME_SQ":1141282934.4,"DPS_HKD":null,"OPERATE_INCOME_QOQ_SQ":20.658990408459,"NET_PROFIT_RATIO_SQ":17.5258293251,"HOLDER_PROFIT_SQ":200019299.2,"HOLDER_PROFIT_QOQ_SQ":38.758395224847,"ROE_AVG_SQ":10.928370042734,"PE_TTM_SQ":-1.050279197457,"PB_TTM_SQ":0.30056029154,"ROA_SQ":10.320426718145,"START_DATE":"2022-01-01 00:00:00","FISCAL_YEAR":"12-31","CURRENCY":"HKD","IS_CNY_CODE":0,"DPS_HKD_LY":null,"ORG_TYPE":"一般企业","PREMIUM_INCOME":null,"PREMIUM_INCOME_YOY":null,"NET_INTEREST_INCOME":null,"NET_INTEREST_INCOME_YOY":null,"FEE_COMMISSION_INCOME":null,"FEE_COMMISSION_INCOME_YOY":null,"ACCOUNTS_RECE_TDAYS":4.351091187851,"INVENTORY_TDAYS":81.677398519402,"CURRENT_ASSETS_TDAYS":1.591835871251,"TOTAL_ASSETS_TDAYS":1.416654179176,"PREMIUM_EXPENSE":null,"LOAN_DEPOSIT":null,"LOAN_EQUITY":null,"LOAN_ASSETS":null,"DEPOSIT_EQUITY":null,"DEPOSIT_ASSETS":null,"EQUITY_MULTIPLIER":1.159070133096,"EQUITY_RATIO":0.159091878833},{"SECUCODE":"06988.HK","SECURITY_CODE":"06988","SECURITY_NAME_ABBR":"乐享集团","ORG_CODE":"10000073443","STD_REPORT_DATE":"2022-06-30 00:00:00","REPORT_DATE":"2022-06-30 00:00:00","DATE_TYPE_CODE":"002","REPORT_TYPE":"2022年中报","PER_NETCASH_OPERATE":-0.054570151757,"PER_OI":0.492761035895,"BPS":1.03908233286,"BASIC_EPS":0.029675093,"DILUTED_EPS":0.029675093,"OPERATE_INCOME":1168793304.14,"OPERATE_INCOME_YOY":118.9069277244,"GROSS_PROFIT":161172528.16,"GROSS_PROFIT_YOY":-9.516769614005,"HOLDER_PROFIT":64548886.01,"HOLDER_PROFIT_YOY":-29.7353403897,"GROSS_PROFIT_RATIO":13.789651907579,"EPS_TTM":0.073857797798,"OPERATE_INCOME_QOQ":56.892039126245,"NET_PROFIT_RATIO":5.5226947127,"ROE_AVG":2.902930159913,"GROSS_PROFIT_QOQ":-4.588538966981,"ROA":2.770631576919,"HOLDER_PROFIT_QOQ":-12.415791760758,"ROE_YEARLY":5.805860319827,"ROIC_YEARLY":7.854265441373,"TOTAL_ASSETS":2555504413.7,"TOTAL_LIABILITIES":90876765.35,"TAX_EBT":-3.220556862316,"OCF_SALES":-11.074364201225,"TOTAL_PARENT_EQUITY":2464627648.35,"DEBT_ASSET_RATIO":3.5561185049,"OPERATE_PROFIT":62893238.17,"PRETAX_PROFIT":62534913.56,"NETCASH_OPERATE":-129436427.26,"NETCASH_INVEST":-40776314.39,"NETCASH_FINANCE":498956329.55,"END_CASH":842784613.86,"DIVI_RATIO":null,"DIVIDEND_RATE":null,"CURRENT_RATIO":49.058399193762,"COMMON_ACS":5000000000,"CURRENTDEBT_DEBT":53.224485954924,"ISSUED_COMMON_SHARES":2371927200,"HK_COMMON_SHARES":2371927200,"PER_SHARES":1000,"TOTAL_MARKET_CAP":253796210.4,"HKSK_MARKET_CAP":253796210.4,"PE_TTM":-0.268699635694,"PB_TTM":0.203123417647,"REPORT_DATE_SQ":"2021-06-30 00:00:00","REPORT_TYPE_SQ":"2021年中报","OPERATE_INCOME_SQ":519494170.56,"DPS_HKD":null,"OPERATE_INCOME_QOQ_SQ":21.63954315748,"NET_PROFIT_RATIO_SQ":17.2057495051,"HOLDER_PROFIT_SQ":89382865.68,"HOLDER_PROFIT_QOQ_SQ":23.502447367546,"ROE_AVG_SQ":4.866024754798,"PE_TTM_SQ":-1.108628041761,"PB_TTM_SQ":0.317258085514,"ROA_SQ":4.613029001648,"START_DATE":"2022-01-01 00:00:00","FISCAL_YEAR":"12-31","CURRENCY":"HKD","IS_CNY_CODE":0,"DPS_HKD_LY":null,"ORG_TYPE":"一般企业","PREMIUM_INCOME":null,"PREMIUM_INCOME_YOY":null,"NET_INTEREST_INCOME":null,"NET_INTEREST_INCOME_YOY":null,"FEE_COMMISSION_INCOME":null,"FEE_COMMISSION_INCOME_YOY":null,"ACCOUNTS_RECE_TDAYS":null,"INVENTORY_TDAYS":924.11137254902,"CURRENT_ASSETS_TDAYS":0.538142297003,"TOTAL_ASSETS_TDAYS":0.501681103349,"PREMIUM_EXPENSE":null,"LOAN_DEPOSIT":null,"LOAN_EQUITY":null,"LOAN_ASSETS":null,"DEPOSIT_EQUITY":null,"DEPOSIT_ASSETS":null,"EQUITY_MULTIPLIER":1.036872411705,"EQUITY_RATIO":0.036872411705},{"SECUCODE":"06988.HK","SECURITY_CODE":"06988","SECURITY_NAME_ABBR":"乐享集团","ORG_CODE":"10000073443","STD_REPORT_DATE":"2021-12-31 00:00:00","REPORT_DATE":"2021-12-31 00:00:00","DATE_TYPE_CODE":"001","REPORT_TYPE":"2021年年报","PER_NETCASH_OPERATE":-0.128051499766,"PER_OI":0.522262180175,"BPS":0.799090305301,"BASIC_EPS":0.0923888,"DILUTED_EPS":null,"OPERATE_INCOME":1141282934.4,"OPERATE_INCOME_YOY":51.0845141766,"GROSS_PROFIT":369435012.8,"GROSS_PROFIT_YOY":45.560075108229,"HOLDER_PROFIT":200019299.2,"HOLDER_PROFIT_YOY":76.4088290224,"GROSS_PROFIT_RATIO":32.370151315215,"EPS_TTM":0.091530778327,"OPERATE_INCOME_QOQ":20.658990408459,"NET_PROFIT_RATIO":17.5258293251,"ROE_AVG":10.928370042734,"GROSS_PROFIT_QOQ":9.752512376199,"ROA":10.320426718145,"HOLDER_PROFIT_QOQ":38.758395224847,"ROE_YEARLY":10.928370042734,"ROIC_YEARLY":16.805538143431,"TOTAL_ASSETS":2011520840,"TOTAL_LIABILITIES":116136809.6,"TAX_EBT":-1.208836670528,"OCF_SALES":-24.518623906973,"TOTAL_PARENT_EQUITY":1895384030.4,"DEBT_ASSET_RATIO":5.7735822215,"OPERATE_PROFIT":198393910.4,"PRETAX_PROFIT":197630272,"NETCASH_OPERATE":-279826870.4,"NETCASH_INVEST":-64480024,"NETCASH_FINANCE":-137961006.4,"END_CASH":506123833.6,"DIVI_RATIO":null,"DIVIDEND_RATE":null,"CURRENT_RATIO":16.661514437327,"COMMON_ACS":5000000000,"CURRENTDEBT_DEBT":97.378314067274,"ISSUED_COMMON_SHARES":2371927200,"HK_COMMON_SHARES":2371927200,"PER_SHARES":1000,"TOTAL_MARKET_CAP":253796210.4,"HKSK_MARKET_CAP":253796210.4,"PE_TTM":-0.268699635694,"PB_TTM":0.203123417647,"REPORT_DATE_SQ":"2020-12-31 00:00:00","REPORT_TYPE_SQ":"2020年年报","OPERATE_INCOME_SQ":777604662.24,"DPS_HKD":null,"OPERATE_INCOME_QOQ_SQ":26.995672478557,"NET_PROFIT_RATIO_SQ":15.0099143212,"HOLDER_PROFIT_SQ":116717793.56,"HOLDER_PROFIT_QOQ_SQ":15.247238793001,"ROE_AVG_SQ":10.633115016048,"PE_TTM_SQ":-1.108628041761,"PB_TTM_SQ":0.317258085514,"ROA_SQ":10.127478029465,"START_DATE":"2021-01-01 00:00:00","FISCAL_YEAR":"12-31","CURRENCY":"HKD","IS_CNY_CODE":0,"DPS_HKD_LY":null,"ORG_TYPE":"一般企业","PREMIUM_INCOME":null,"PREMIUM_INCOME_YOY":null,"NET_INTEREST_INCOME":null,"NET_INTEREST_INCOME_YOY":null,"FEE_COMMISSION_INCOME":null,"FEE_COMMISSION_INCOME_YOY":null,"ACCOUNTS_RECE_TDAYS":3.57256034592,"INVENTORY_TDAYS":null,"CURRENT_ASSETS_TDAYS":0.620986994984,"TOTAL_ASSETS_TDAYS":0.588869520904,"PREMIUM_EXPENSE":null,"LOAN_DEPOSIT":null,"LOAN_EQUITY":null,"LOAN_ASSETS":null,"DEPOSIT_EQUITY":null,"DEPOSIT_ASSETS":null,"EQUITY_MULTIPLIER":1.061273498002,"EQUITY_RATIO":0.061273498002},{"SECUCODE":"06988.HK","SECURITY_CODE":"06988","SECURITY_NAME_ABBR":"乐享集团","ORG_CODE":"10000073443","STD_REPORT_DATE":"2021-06-30 00:00:00","REPORT_DATE":"2021-06-30 00:00:00","DATE_TYPE_CODE":"002","REPORT_TYPE":"2021年中报","PER_NETCASH_OPERATE":-0.093157914731,"PER_OI":0.237725589271,"BPS":0.79147619647,"BASIC_EPS":0.040938336,"DILUTED_EPS":0.040938336,"OPERATE_INCOME":519494170.56,"OPERATE_INCOME_YOY":62.3720764511,"GROSS_PROFIT":178124197.68,"GROSS_PROFIT_YOY":86.871089824037,"HOLDER_PROFIT":89382865.68,"HOLDER_PROFIT_YOY":58.3866591961,"GROSS_PROFIT_RATIO":34.288007021905,"EPS_TTM":0.06596413729,"OPERATE_INCOME_QOQ":21.63954315748,"NET_PROFIT_RATIO":17.2057495051,"ROE_AVG":4.866024754798,"GROSS_PROFIT_QOQ":32.625733987111,"ROA":4.613029001648,"HOLDER_PROFIT_QOQ":23.502447367546,"ROE_YEARLY":9.732049509597,"ROIC_YEARLY":16.882661721255,"TOTAL_ASSETS":1977549618.72,"TOTAL_LIABILITIES":100225700.16,"TAX_EBT":0.222921949452,"OCF_SALES":-39.187163240071,"TOTAL_PARENT_EQUITY":1877323918.56,"DEBT_ASSET_RATIO":5.0681762526,"OPERATE_PROFIT":90041873.04,"PRETAX_PROFIT":89582564.88,"NETCASH_OPERATE":-203575028.64,"NETCASH_INVEST":-508400.88,"NETCASH_FINANCE":-43861433.04,"END_CASH":750303177.6,"DIVI_RATIO":null,"DIVIDEND_RATE":null,"CURRENT_RATIO":21.112901880462,"COMMON_ACS":5000000000,"CURRENTDEBT_DEBT":89.578421279846,"ISSUED_COMMON_SHARES":2371927200,"HK_COMMON_SHARES":2371927200,"PER_SHARES":1000,"TOTAL_MARKET_CAP":253796210.4,"HKSK_MARKET_CAP":253796210.4,"PE_TTM":-0.268699635694,"PB_TTM":0.203123417647,"REPORT_DATE_SQ":"2020-06-30 00:00:00","REPORT_TYPE_SQ":"2020年中报","OPERATE_INCOME_SQ":351224074.08,"DPS_HKD":null,"OPERATE_INCOME_QOQ_SQ":12.696037561174,"NET_PROFIT_RATIO_SQ":17.6386296413,"HOLDER_PROFIT_SQ":61951327.68,"HOLDER_PROFIT_QOQ_SQ":31.215423085394,"ROE_AVG_SQ":13.447322762675,"PE_TTM_SQ":-1.108628041761,"PB_TTM_SQ":0.317258085514,"ROA_SQ":12.498779078286,"START_DATE":"2021-01-01 00:00:00","FISCAL_YEAR":"12-31","CURRENCY":"HKD","IS_CNY_CODE":0,"DPS_HKD_LY":null,"ORG_TYPE":"一般企业","PREMIUM_INCOME":null,"PREMIUM_INCOME_YOY":null,"NET_INTEREST_INCOME":null,"NET_INTEREST_INCOME_YOY":null,"FEE_COMMISSION_INCOME":null,"FEE_COMMISSION_INCOME_YOY":null,"ACCOUNTS_RECE_TDAYS":1.688383124065,"INVENTORY_TDAYS":null,"CURRENT_ASSETS_TDAYS":0.279397306055,"TOTAL_ASSETS_TDAYS":0.268109738567,"PREMIUM_EXPENSE":null,"LOAN_DEPOSIT":null,"LOAN_EQUITY":null,"LOAN_ASSETS":null,"DEPOSIT_EQUITY":null,"DEPOSIT_ASSETS":null,"EQUITY_MULTIPLIER":1.053387536998,"EQUITY_RATIO":0.053387536998},{"SECUCODE":"06988.HK","SECURITY_CODE":"06988","SECURITY_NAME_ABBR":"乐享集团","ORG_CODE":"10000073443","STD_REPORT_DATE":"2020-12-31 00:00:00","REPORT_DATE":"2020-12-31 00:00:00","DATE_TYPE_CODE":"001","REPORT_TYPE":"2020年年报","PER_NETCASH_OPERATE":-0.158323673003,"PER_OI":0.355839462744,"BPS":0.766072743582,"BASIC_EPS":0.065479592,"DILUTED_EPS":0.065479592,"OPERATE_INCOME":777604662.24,"OPERATE_INCOME_YOY":71.7312793099,"GROSS_PROFIT":253802433.48,"GROSS_PROFIT_YOY":113.258676512182,"HOLDER_PROFIT":116717793.56,"HOLDER_PROFIT_YOY":81.2181480804,"GROSS_PROFIT_RATIO":32.639006143416,"EPS_TTM":0.053411198479,"OPERATE_INCOME_QOQ":26.995672478557,"NET_PROFIT_RATIO":15.0099143212,"ROE_AVG":10.633115016048,"GROSS_PROFIT_QOQ":57.63832567095,"ROA":10.127478029465,"HOLDER_PROFIT_QOQ":15.247238793001,"ROE_YEARLY":10.633115016048,"ROIC_YEARLY":19.857639117597,"TOTAL_ASSETS":1919488790.92,"TOTAL_LIABILITIES":102420013.24,"TAX_EBT":-3.990791634485,"OCF_SALES":-44.493005857675,"TOTAL_PARENT_EQUITY":1817068777.68,"DEBT_ASSET_RATIO":5.3357963706,"OPERATE_PROFIT":123747170.84,"PRETAX_PROFIT":112238585.48,"NETCASH_OPERATE":-345979687.92,"NETCASH_INVEST":-17285602.32,"NETCASH_FINANCE":1258484092.64,"END_CASH":1018760613.08,"DIVI_RATIO":null,"DIVIDEND_RATE":null,"CURRENT_RATIO":20.626134352525,"COMMON_ACS":5000000000,"CURRENTDEBT_DEBT":87.29322628625,"ISSUED_COMMON_SHARES":2371927200,"HK_COMMON_SHARES":2371927200,"PER_SHARES":1000,"TOTAL_MARKET_CAP":253796210.4,"HKSK_MARKET_CAP":253796210.4,"PE_TTM":-0.268699635694,"PB_TTM":0.203123417647,"REPORT_DATE_SQ":"2019-12-31 00:00:00","REPORT_TYPE_SQ":"2019年年报","OPERATE_INCOME_SQ":481930535.78,"DPS_HKD":null,"OPERATE_INCOME_QOQ_SQ":12.41658931916,"NET_PROFIT_RATIO_SQ":14.2242353214,"HOLDER_PROFIT_SQ":68550460.28,"HOLDER_PROFIT_QOQ_SQ":3.625930711956,"ROE_AVG_SQ":20.87920092368,"PE_TTM_SQ":-1.108628041761,"PB_TTM_SQ":0.317258085514,"ROA_SQ":19.185975305829,"START_DATE":"2020-01-01 00:00:00","FISCAL_YEAR":"12-31","CURRENCY":"HKD","IS_CNY_CODE":0,"DPS_HKD_LY":null,"ORG_TYPE":"一般企业","PREMIUM_INCOME":null,"PREMIUM_INCOME_YOY":null,"NET_INTEREST_INCOME":null,"NET_INTEREST_INCOME_YOY":null,"FEE_COMMISSION_INCOME":null,"FEE_COMMISSION_INCOME_YOY":null,"ACCOUNTS_RECE_TDAYS":4.351843696201,"INVENTORY_TDAYS":null,"CURRENT_ASSETS_TDAYS":0.708285547821,"TOTAL_ASSETS_TDAYS":0.674719243077,"PREMIUM_EXPENSE":null,"LOAN_DEPOSIT":null,"LOAN_EQUITY":null,"LOAN_ASSETS":null,"DEPOSIT_EQUITY":null,"DEPOSIT_ASSETS":null,"EQUITY_MULTIPLIER":1.056365512686,"EQUITY_RATIO":0.056365512686},{"SECUCODE":"06988.HK","SECURITY_CODE":"06988","SECURITY_NAME_ABBR":"乐享集团","ORG_CODE":"10000073443","STD_REPORT_DATE":"2020-06-30 00:00:00","REPORT_DATE":"2020-06-30 00:00:00","DATE_TYPE_CODE":"002","REPORT_TYPE":"2020年中报","PER_NETCASH_OPERATE":-0.040518241029,"PER_OI":0.229158655877,"BPS":0.195647235716,"BASIC_EPS":0.037999104,"DILUTED_EPS":0.037999104,"OPERATE_INCOME":351224074.08,"OPERATE_INCOME_YOY":66.2298853867,"GROSS_PROFIT":95319290.88,"GROSS_PROFIT_YOY":88.93813851338,"HOLDER_PROFIT":61951327.68,"HOLDER_PROFIT_YOY":123.2914061364,"GROSS_PROFIT_RATIO":27.139247049364,"EPS_TTM":0.0660782496,"OPERATE_INCOME_QOQ":12.696037561174,"NET_PROFIT_RATIO":17.6386296413,"ROE_AVG":13.447322762675,"GROSS_PROFIT_QOQ":18.495212441029,"ROA":12.498779078286,"HOLDER_PROFIT_QOQ":31.215423085394,"ROE_YEARLY":26.894645525349,"ROIC_YEARLY":32.37543550793,"TOTAL_ASSETS":524849000,"TOTAL_LIABILITIES":60788000,"TAX_EBT":4.980595990305,"OCF_SALES":-17.833328547225,"TOTAL_PARENT_EQUITY":464061000,"DEBT_ASSET_RATIO":11.5819978699,"OPERATE_PROFIT":65490907.68,"PRETAX_PROFIT":65198606.88,"NETCASH_OPERATE":-62634580.8,"NETCASH_INVEST":25891456.8,"NETCASH_FINANCE":-4808348.16,"END_CASH":92491280.64,"DIVI_RATIO":null,"DIVIDEND_RATE":null,"CURRENT_RATIO":8.941329617542,"COMMON_ACS":5000000000,"CURRENTDEBT_DEBT":89.72494571297,"ISSUED_COMMON_SHARES":2371927200,"HK_COMMON_SHARES":2371927200,"PER_SHARES":1000,"TOTAL_MARKET_CAP":253796210.4,"HKSK_MARKET_CAP":253796210.4,"PE_TTM":-0.268699635694,"PB_TTM":0.203123417647,"REPORT_DATE_SQ":"2019-06-30 00:00:00","REPORT_TYPE_SQ":"2019年中报","OPERATE_INCOME_SQ":209487000,"DPS_HKD":null,"OPERATE_INCOME_QOQ_SQ":0,"NET_PROFIT_RATIO_SQ":13.1311250817,"HOLDER_PROFIT_SQ":27508000,"HOLDER_PROFIT_QOQ_SQ":0,"ROE_AVG_SQ":null,"PE_TTM_SQ":-1.108628041761,"PB_TTM_SQ":0.317258085514,"ROA_SQ":null,"START_DATE":"2020-01-01 00:00:00","FISCAL_YEAR":"12-31","CURRENCY":"HKD","IS_CNY_CODE":0,"DPS_HKD_LY":null,"ORG_TYPE":"一般企业","PREMIUM_INCOME":null,"PREMIUM_INCOME_YOY":null,"NET_INTEREST_INCOME":null,"NET_INTEREST_INCOME_YOY":null,"FEE_COMMISSION_INCOME":null,"FEE_COMMISSION_INCOME_YOY":null,"ACCOUNTS_RECE_TDAYS":2.605422839893,"INVENTORY_TDAYS":null,"CURRENT_ASSETS_TDAYS":0.769156860688,"TOTAL_ASSETS_TDAYS":0.7086026144,"PREMIUM_EXPENSE":null,"LOAN_DEPOSIT":null,"LOAN_EQUITY":null,"LOAN_ASSETS":null,"DEPOSIT_EQUITY":null,"DEPOSIT_ASSETS":null,"EQUITY_MULTIPLIER":1.130991399838,"EQUITY_RATIO":0.130991399838}],"count":17},"success":true,"message":"ok","code":0}