{"version":"a8758c6acad1586e8d32889d3760b279","result":{"pages":2,"data":[{"SECUCODE":"06989.HK","SECURITY_CODE":"06989","SECURITY_NAME_ABBR":"卓越商企服务","ORG_CODE":"10000098323","STD_REPORT_DATE":"2024-06-30 00:00:00","REPORT_DATE":"2024-06-30 00:00:00","DATE_TYPE_CODE":"002","REPORT_TYPE":"2024年中报","PER_NETCASH_OPERATE":-0.486828347324,"PER_OI":1.706462418917,"BPS":3.010120064113,"BASIC_EPS":0.1397,"DILUTED_EPS":0.1397,"OPERATE_INCOME":2082478000,"OPERATE_INCOME_YOY":13.2188248061,"GROSS_PROFIT":422167000,"GROSS_PROFIT_YOY":7.291404580191,"HOLDER_PROFIT":170499000,"HOLDER_PROFIT_YOY":0.0909923449,"GROSS_PROFIT_RATIO":20.272339011505,"EPS_TTM":0.248161180254,"OPERATE_INCOME_QOQ":6.191772044877,"NET_PROFIT_RATIO":8.8259755925,"ROE_AVG":4.702490569452,"GROSS_PROFIT_QOQ":3.842285496946,"ROA":3.206030908576,"HOLDER_PROFIT_QOQ":0.051207844381,"ROE_YEARLY":9.404981138903,"ROIC_YEARLY":9.408767256636,"TOTAL_ASSETS":5437752000,"TOTAL_LIABILITIES":1687227000,"TAX_EBT":18.382290903439,"OCF_SALES":-28.52851266616,"TOTAL_PARENT_EQUITY":3673394000,"DEBT_ASSET_RATIO":31.0280240805,"OPERATE_PROFIT":220117000,"PRETAX_PROFIT":225195000,"NETCASH_OPERATE":-594100000,"NETCASH_INVEST":-464132000,"NETCASH_FINANCE":-19436000,"END_CASH":1079136000,"DIVI_RATIO":0.530765899265,"DIVIDEND_RATE":11.053435114504,"CURRENT_RATIO":2.521831660497,"COMMON_ACS":5000000000,"CURRENTDEBT_DEBT":94.604401186088,"ISSUED_COMMON_SHARES":1220348000,"HK_COMMON_SHARES":1220348000,"PER_SHARES":1000,"TOTAL_MARKET_CAP":1598655880,"HKSK_MARKET_CAP":1598655880,"PE_TTM":4.756997051501,"PB_TTM":0.397197046807,"REPORT_DATE_SQ":"2023-06-30 00:00:00","REPORT_TYPE_SQ":"2023年中报","OPERATE_INCOME_SQ":1839339000,"DPS_HKD":0.1448,"OPERATE_INCOME_QOQ_SQ":-0.66887868558,"NET_PROFIT_RATIO_SQ":10.1825166541,"HOLDER_PROFIT_SQ":170344000,"HOLDER_PROFIT_QOQ_SQ":-34.861732764304,"ROE_AVG_SQ":4.804602201028,"PE_TTM_SQ":6.844555443364,"PB_TTM_SQ":0.478266288887,"ROA_SQ":3.312238740033,"START_DATE":"2024-01-01 00:00:00","FISCAL_YEAR":"12-31","CURRENCY":"HKD","IS_CNY_CODE":0,"DPS_HKD_LY":0.1448,"ORG_TYPE":"一般企业","PREMIUM_INCOME":null,"PREMIUM_INCOME_YOY":null,"NET_INTEREST_INCOME":null,"NET_INTEREST_INCOME_YOY":null,"FEE_COMMISSION_INCOME":null,"FEE_COMMISSION_INCOME_YOY":null,"ACCOUNTS_RECE_TDAYS":1.219596442547,"INVENTORY_TDAYS":7.515150829341,"CURRENT_ASSETS_TDAYS":0.50197011794,"TOTAL_ASSETS_TDAYS":0.391585219528,"PREMIUM_EXPENSE":null,"LOAN_DEPOSIT":null,"LOAN_EQUITY":null,"LOAN_ASSETS":null,"DEPOSIT_EQUITY":null,"DEPOSIT_ASSETS":null,"EQUITY_MULTIPLIER":1.449864219009,"EQUITY_RATIO":0.459310109397},{"SECUCODE":"06989.HK","SECURITY_CODE":"06989","SECURITY_NAME_ABBR":"卓越商企服务","ORG_CODE":"10000098323","STD_REPORT_DATE":"2023-12-31 00:00:00","REPORT_DATE":"2023-12-31 00:00:00","DATE_TYPE_CODE":"001","REPORT_TYPE":"2023年年报","PER_NETCASH_OPERATE":-0.151764906404,"PER_OI":3.217777224202,"BPS":2.931983335901,"BASIC_EPS":0.248,"DILUTED_EPS":0.248,"OPERATE_INCOME":3926808000,"OPERATE_INCOME_YOY":11.3231403562,"GROSS_PROFIT":746691000,"GROSS_PROFIT_YOY":-11.565756218422,"HOLDER_PROFIT":302688000,"HOLDER_PROFIT_YOY":-24.9832711267,"GROSS_PROFIT_RATIO":19.015215411602,"EPS_TTM":0.248034167303,"OPERATE_INCOME_QOQ":12.072771235361,"NET_PROFIT_RATIO":8.2343470829,"ROE_AVG":8.563165752769,"GROSS_PROFIT_QOQ":5.455148891698,"ROA":5.928942712234,"HOLDER_PROFIT_QOQ":15.16537368403,"ROE_YEARLY":8.563165752769,"ROIC_YEARLY":11.385816366622,"TOTAL_ASSETS":5198390000,"TOTAL_LIABILITIES":1545694000,"TAX_EBT":26.978552926644,"OCF_SALES":-4.716451631962,"TOTAL_PARENT_EQUITY":3578040000,"DEBT_ASSET_RATIO":29.7340907473,"OPERATE_PROFIT":438274000,"PRETAX_PROFIT":442811000,"NETCASH_OPERATE":-185206000,"NETCASH_INVEST":44067000,"NETCASH_FINANCE":-267696000,"END_CASH":2156703000,"DIVI_RATIO":0.531037693041,"DIVIDEND_RATE":11.138461538462,"CURRENT_RATIO":2.942158835064,"COMMON_ACS":5000000000,"CURRENTDEBT_DEBT":93.935733722199,"ISSUED_COMMON_SHARES":1220348000,"HK_COMMON_SHARES":1220348000,"PER_SHARES":1000,"TOTAL_MARKET_CAP":1586452400,"HKSK_MARKET_CAP":1586452400,"PE_TTM":4.72068409691,"PB_TTM":0.394165008282,"REPORT_DATE_SQ":"2022-12-31 00:00:00","REPORT_TYPE_SQ":"2022年年报","OPERATE_INCOME_SQ":3527396000,"DPS_HKD":0.1448,"OPERATE_INCOME_QOQ_SQ":-4.072608366475,"NET_PROFIT_RATIO_SQ":12.0897965525,"HOLDER_PROFIT_SQ":403494000,"HOLDER_PROFIT_QOQ_SQ":-26.715935116757,"ROE_AVG_SQ":11.633025771932,"PE_TTM_SQ":6.710348473886,"PB_TTM_SQ":0.468888518517,"ROA_SQ":8.002444996503,"START_DATE":"2023-01-01 00:00:00","FISCAL_YEAR":"12-31","CURRENCY":"HKD","IS_CNY_CODE":0,"DPS_HKD_LY":0.1827,"ORG_TYPE":"一般企业","PREMIUM_INCOME":null,"PREMIUM_INCOME_YOY":null,"NET_INTEREST_INCOME":null,"NET_INTEREST_INCOME_YOY":null,"FEE_COMMISSION_INCOME":null,"FEE_COMMISSION_INCOME_YOY":null,"ACCOUNTS_RECE_TDAYS":2.707975367046,"INVENTORY_TDAYS":42.493345626553,"CURRENT_ASSETS_TDAYS":0.941458305587,"TOTAL_ASSETS_TDAYS":0.769168902432,"PREMIUM_EXPENSE":null,"LOAN_DEPOSIT":null,"LOAN_EQUITY":null,"LOAN_ASSETS":null,"DEPOSIT_EQUITY":null,"DEPOSIT_ASSETS":null,"EQUITY_MULTIPLIER":1.423165245615,"EQUITY_RATIO":0.431994611575},{"SECUCODE":"06989.HK","SECURITY_CODE":"06989","SECURITY_NAME_ABBR":"卓越商企服务","ORG_CODE":"10000098323","STD_REPORT_DATE":"2023-06-30 00:00:00","REPORT_DATE":"2023-06-30 00:00:00","DATE_TYPE_CODE":"002","REPORT_TYPE":"2023年中报","PER_NETCASH_OPERATE":-0.085468243485,"PER_OI":1.507224988282,"BPS":2.949464415068,"BASIC_EPS":0.1396,"DILUTED_EPS":0.1396,"OPERATE_INCOME":1839339000,"OPERATE_INCOME_YOY":-1.2664975069,"GROSS_PROFIT":393477000,"GROSS_PROFIT_YOY":-25.725142423522,"HOLDER_PROFIT":170344000,"HOLDER_PROFIT_YOY":-45.2285946709,"GROSS_PROFIT_RATIO":21.392304518091,"EPS_TTM":0.215372172528,"OPERATE_INCOME_QOQ":-0.66887868558,"NET_PROFIT_RATIO":10.1825166541,"ROE_AVG":4.804602201028,"GROSS_PROFIT_QOQ":-16.140421106987,"ROA":3.312238740033,"HOLDER_PROFIT_QOQ":-34.861732764304,"ROE_YEARLY":9.609204402056,"ROIC_YEARLY":13.474687400565,"TOTAL_ASSETS":5273600000,"TOTAL_LIABILITIES":1576113000,"TAX_EBT":27.433871761392,"OCF_SALES":-5.670569699223,"TOTAL_PARENT_EQUITY":3599373000,"DEBT_ASSET_RATIO":29.8868514867,"OPERATE_PROFIT":259690000,"PRETAX_PROFIT":258097000,"NETCASH_OPERATE":-104301000,"NETCASH_INVEST":32311000,"NETCASH_FINANCE":-26354000,"END_CASH":2468675000,"DIVI_RATIO":0.611571543594,"DIVIDEND_RATE":11.138461538462,"CURRENT_RATIO":3.100976857241,"COMMON_ACS":5000000000,"CURRENTDEBT_DEBT":87.156885324847,"ISSUED_COMMON_SHARES":1220348000,"HK_COMMON_SHARES":1220348000,"PER_SHARES":1000,"TOTAL_MARKET_CAP":1586452400,"HKSK_MARKET_CAP":1586452400,"PE_TTM":4.72068409691,"PB_TTM":0.394165008282,"REPORT_DATE_SQ":"2022-06-30 00:00:00","REPORT_TYPE_SQ":"2022年中报","OPERATE_INCOME_SQ":1862933000,"DPS_HKD":0.1448,"OPERATE_INCOME_QOQ_SQ":6.059475072006,"NET_PROFIT_RATIO_SQ":17.6274186994,"HOLDER_PROFIT_SQ":311009000,"HOLDER_PROFIT_QOQ_SQ":7.940002509371,"ROE_AVG_SQ":8.850352552556,"PE_TTM_SQ":6.710348473886,"PB_TTM_SQ":0.468888518517,"ROA_SQ":5.835887398404,"START_DATE":"2023-01-01 00:00:00","FISCAL_YEAR":"12-31","CURRENCY":"HKD","IS_CNY_CODE":0,"DPS_HKD_LY":0.1827,"ORG_TYPE":"一般企业","PREMIUM_INCOME":null,"PREMIUM_INCOME_YOY":null,"NET_INTEREST_INCOME":null,"NET_INTEREST_INCOME_YOY":null,"FEE_COMMISSION_INCOME":null,"FEE_COMMISSION_INCOME_YOY":null,"ACCOUNTS_RECE_TDAYS":1.308578323436,"INVENTORY_TDAYS":21.41129605497,"CURRENT_ASSETS_TDAYS":0.441625482496,"TOTAL_ASSETS_TDAYS":0.35764863405,"PREMIUM_EXPENSE":null,"LOAN_DEPOSIT":null,"LOAN_EQUITY":null,"LOAN_ASSETS":null,"DEPOSIT_EQUITY":null,"DEPOSIT_ASSETS":null,"EQUITY_MULTIPLIER":1.426266001748,"EQUITY_RATIO":0.437885431713},{"SECUCODE":"06989.HK","SECURITY_CODE":"06989","SECURITY_NAME_ABBR":"卓越商企服务","ORG_CODE":"10000098323","STD_REPORT_DATE":"2022-12-31 00:00:00","REPORT_DATE":"2022-12-31 00:00:00","DATE_TYPE_CODE":"001","REPORT_TYPE":"2022年年报","PER_NETCASH_OPERATE":0.157403461963,"PER_OI":2.890483698093,"BPS":2.861065040464,"BASIC_EPS":0.331,"DILUTED_EPS":0.331,"OPERATE_INCOME":3527396000,"OPERATE_INCOME_YOY":1.7400880168,"GROSS_PROFIT":844346000,"GROSS_PROFIT_YOY":-12.013105091874,"HOLDER_PROFIT":403494000,"HOLDER_PROFIT_YOY":-20.8971785261,"GROSS_PROFIT_RATIO":23.936807775481,"EPS_TTM":0.330638473616,"OPERATE_INCOME_QOQ":-4.072608366475,"NET_PROFIT_RATIO":12.0897965525,"ROE_AVG":11.633025771932,"GROSS_PROFIT_QOQ":-15.608270998333,"ROA":8.002444996503,"HOLDER_PROFIT_QOQ":-26.715935116757,"ROE_YEARLY":11.633025771932,"ROIC_YEARLY":18.366299092459,"TOTAL_ASSETS":5012132000,"TOTAL_LIABILITIES":1422833000,"TAX_EBT":28.927483384109,"OCF_SALES":5.445575149487,"TOTAL_PARENT_EQUITY":3491495000,"DEBT_ASSET_RATIO":28.3877798909,"OPERATE_PROFIT":606818000,"PRETAX_PROFIT":600028000,"NETCASH_OPERATE":192087000,"NETCASH_INVEST":-165134000,"NETCASH_FINANCE":-447066000,"END_CASH":2564428000,"DIVI_RATIO":0.398367106404,"DIVIDEND_RATE":11.138461538462,"CURRENT_RATIO":3.32385059771,"COMMON_ACS":5000000000,"CURRENTDEBT_DEBT":86.061118908544,"ISSUED_COMMON_SHARES":1220348000,"HK_COMMON_SHARES":1220348000,"PER_SHARES":1000,"TOTAL_MARKET_CAP":1586452400,"HKSK_MARKET_CAP":1586452400,"PE_TTM":4.72068409691,"PB_TTM":0.394165008282,"REPORT_DATE_SQ":"2021-12-31 00:00:00","REPORT_TYPE_SQ":"2021年年报","OPERATE_INCOME_SQ":3467066000,"DPS_HKD":0.1448,"OPERATE_INCOME_QOQ_SQ":14.959733359506,"NET_PROFIT_RATIO_SQ":15.7909021634,"HOLDER_PROFIT_SQ":510088000,"HOLDER_PROFIT_QOQ_SQ":19.543096053884,"ROE_AVG_SQ":15.388581379861,"PE_TTM_SQ":6.710348473886,"PB_TTM_SQ":0.468888518517,"ROA_SQ":10.19962827769,"START_DATE":"2022-01-01 00:00:00","FISCAL_YEAR":"12-31","CURRENCY":"HKD","IS_CNY_CODE":0,"DPS_HKD_LY":0.3198,"ORG_TYPE":"一般企业","PREMIUM_INCOME":null,"PREMIUM_INCOME_YOY":null,"NET_INTEREST_INCOME":null,"NET_INTEREST_INCOME_YOY":null,"FEE_COMMISSION_INCOME":null,"FEE_COMMISSION_INCOME_YOY":null,"ACCOUNTS_RECE_TDAYS":2.880538053826,"INVENTORY_TDAYS":92.839100346021,"CURRENT_ASSETS_TDAYS":0.821940433135,"TOTAL_ASSETS_TDAYS":0.699583946004,"PREMIUM_EXPENSE":null,"LOAN_DEPOSIT":null,"LOAN_EQUITY":null,"LOAN_ASSETS":null,"DEPOSIT_EQUITY":null,"DEPOSIT_ASSETS":null,"EQUITY_MULTIPLIER":1.396409716773,"EQUITY_RATIO":0.407513973241},{"SECUCODE":"06989.HK","SECURITY_CODE":"06989","SECURITY_NAME_ABBR":"卓越商企服务","ORG_CODE":"10000098323","STD_REPORT_DATE":"2022-06-30 00:00:00","REPORT_DATE":"2022-06-30 00:00:00","DATE_TYPE_CODE":"002","REPORT_TYPE":"2022年中报","PER_NETCASH_OPERATE":0.127395628132,"PER_OI":1.526558817649,"BPS":2.935739641479,"BASIC_EPS":0.2549,"DILUTED_EPS":0.2549,"OPERATE_INCOME":1862933000,"OPERATE_INCOME_YOY":12.7105533664,"GROSS_PROFIT":529758000,"GROSS_PROFIT_YOY":8.362226081407,"HOLDER_PROFIT":311009000,"HOLDER_PROFIT_YOY":14.9722004525,"GROSS_PROFIT_RATIO":28.436771478094,"EPS_TTM":0.451173763549,"OPERATE_INCOME_QOQ":6.059475072006,"NET_PROFIT_RATIO":17.6274186994,"ROE_AVG":8.850352552556,"GROSS_PROFIT_QOQ":4.260092723527,"ROA":5.835887398404,"HOLDER_PROFIT_QOQ":7.940002509371,"ROE_YEARLY":17.700705105111,"ROIC_YEARLY":30.000272502628,"TOTAL_ASSETS":5586363000,"TOTAL_LIABILITIES":1927469000,"TAX_EBT":27.453778672246,"OCF_SALES":8.34528133862,"TOTAL_PARENT_EQUITY":3582624000,"DEBT_ASSET_RATIO":34.5031105211,"OPERATE_PROFIT":456936000,"PRETAX_PROFIT":452659000,"NETCASH_OPERATE":155467000,"NETCASH_INVEST":334699000,"NETCASH_FINANCE":-89403000,"END_CASH":3407296000,"DIVI_RATIO":0.29193960873,"DIVIDEND_RATE":11.138461538462,"CURRENT_RATIO":2.836656569051,"COMMON_ACS":5000000000,"CURRENTDEBT_DEBT":90.925405285377,"ISSUED_COMMON_SHARES":1220348000,"HK_COMMON_SHARES":1220348000,"PER_SHARES":1000,"TOTAL_MARKET_CAP":1586452400,"HKSK_MARKET_CAP":1586452400,"PE_TTM":4.72068409691,"PB_TTM":0.394165008282,"REPORT_DATE_SQ":"2021-06-30 00:00:00","REPORT_TYPE_SQ":"2021年中报","OPERATE_INCOME_SQ":1652847000,"DPS_HKD":0.1448,"OPERATE_INCOME_QOQ_SQ":19.437310476827,"NET_PROFIT_RATIO_SQ":17.5824501602,"HOLDER_PROFIT_SQ":270508000,"HOLDER_PROFIT_QOQ_SQ":31.29694418546,"ROE_AVG_SQ":8.302764155526,"PE_TTM_SQ":6.710348473886,"PB_TTM_SQ":0.468888518517,"ROA_SQ":5.321555567643,"START_DATE":"2022-01-01 00:00:00","FISCAL_YEAR":"12-31","CURRENCY":"HKD","IS_CNY_CODE":0,"DPS_HKD_LY":0.3198,"ORG_TYPE":"一般企业","PREMIUM_INCOME":null,"PREMIUM_INCOME_YOY":null,"NET_INTEREST_INCOME":null,"NET_INTEREST_INCOME_YOY":null,"FEE_COMMISSION_INCOME":null,"FEE_COMMISSION_INCOME_YOY":null,"ACCOUNTS_RECE_TDAYS":1.551527472518,"INVENTORY_TDAYS":87.821547379862,"CURRENT_ASSETS_TDAYS":0.392840389831,"TOTAL_ASSETS_TDAYS":0.349567607972,"PREMIUM_EXPENSE":null,"LOAN_DEPOSIT":null,"LOAN_EQUITY":null,"LOAN_ASSETS":null,"DEPOSIT_EQUITY":null,"DEPOSIT_ASSETS":null,"EQUITY_MULTIPLIER":1.526790062789,"EQUITY_RATIO":0.538004825513},{"SECUCODE":"06989.HK","SECURITY_CODE":"06989","SECURITY_NAME_ABBR":"卓越商企服务","ORG_CODE":"10000098323","STD_REPORT_DATE":"2021-12-31 00:00:00","REPORT_DATE":"2021-12-31 00:00:00","DATE_TYPE_CODE":"001","REPORT_TYPE":"2021年年报","PER_NETCASH_OPERATE":0.662627915157,"PER_OI":2.836069006699,"BPS":2.823414304772,"BASIC_EPS":0.417,"DILUTED_EPS":0.417,"OPERATE_INCOME":3467066000,"OPERATE_INCOME_YOY":37.3048136559,"GROSS_PROFIT":959627000,"GROSS_PROFIT_YOY":44.563069061722,"HOLDER_PROFIT":510088000,"HOLDER_PROFIT_YOY":56.9564321034,"GROSS_PROFIT_RATIO":27.678359742791,"EPS_TTM":0.417253310866,"OPERATE_INCOME_QOQ":14.959733359506,"NET_PROFIT_RATIO":15.7909021634,"ROE_AVG":15.388581379861,"GROSS_PROFIT_QOQ":14.206367813657,"ROA":10.19962827769,"HOLDER_PROFIT_QOQ":19.543096053884,"ROE_YEARLY":15.388581379861,"ROIC_YEARLY":28.4379525419,"TOTAL_ASSETS":5072136000,"TOTAL_LIABILITIES":1605704000,"TAX_EBT":28.502549837738,"OCF_SALES":23.364308611373,"TOTAL_PARENT_EQUITY":3445548000,"DEBT_ASSET_RATIO":31.6573530363,"OPERATE_PROFIT":777603000,"PRETAX_PROFIT":765735000,"NETCASH_OPERATE":810056000,"NETCASH_INVEST":-412240000,"NETCASH_FINANCE":-638623000,"END_CASH":3007300000,"DIVI_RATIO":0.315672730617,"DIVIDEND_RATE":11.138461538462,"CURRENT_RATIO":3.062832249391,"COMMON_ACS":5000000000,"CURRENTDEBT_DEBT":91.765294226084,"ISSUED_COMMON_SHARES":1220348000,"HK_COMMON_SHARES":1220348000,"PER_SHARES":1000,"TOTAL_MARKET_CAP":1586452400,"HKSK_MARKET_CAP":1586452400,"PE_TTM":4.72068409691,"PB_TTM":0.394165008282,"REPORT_DATE_SQ":"2020-12-31 00:00:00","REPORT_TYPE_SQ":"2020年年报","OPERATE_INCOME_SQ":2525087000,"DPS_HKD":0.1448,"OPERATE_INCOME_QOQ_SQ":37.530548431144,"NET_PROFIT_RATIO_SQ":14.0954351276,"HOLDER_PROFIT_SQ":324987000,"HOLDER_PROFIT_QOQ_SQ":82.055347039382,"ROE_AVG_SQ":18.184168229868,"PE_TTM_SQ":6.710348473886,"PB_TTM_SQ":0.468888518517,"ROA_SQ":8.687381688165,"START_DATE":"2021-01-01 00:00:00","FISCAL_YEAR":"12-31","CURRENCY":"HKD","IS_CNY_CODE":0,"DPS_HKD_LY":0.2813,"ORG_TYPE":"一般企业","PREMIUM_INCOME":null,"PREMIUM_INCOME_YOY":null,"NET_INTEREST_INCOME":null,"NET_INTEREST_INCOME_YOY":null,"FEE_COMMISSION_INCOME":null,"FEE_COMMISSION_INCOME_YOY":null,"ACCOUNTS_RECE_TDAYS":4.088600780558,"INVENTORY_TDAYS":696.897998888271,"CURRENT_ASSETS_TDAYS":0.783762787755,"TOTAL_ASSETS_TDAYS":0.693268306924,"PREMIUM_EXPENSE":null,"LOAN_DEPOSIT":null,"LOAN_EQUITY":null,"LOAN_ASSETS":null,"DEPOSIT_EQUITY":null,"DEPOSIT_ASSETS":null,"EQUITY_MULTIPLIER":1.46321520226,"EQUITY_RATIO":0.466022821334},{"SECUCODE":"06989.HK","SECURITY_CODE":"06989","SECURITY_NAME_ABBR":"卓越商企服务","ORG_CODE":"10000098323","STD_REPORT_DATE":"2021-06-30 00:00:00","REPORT_DATE":"2021-06-30 00:00:00","DATE_TYPE_CODE":"002","REPORT_TYPE":"2021年中报","PER_NETCASH_OPERATE":0.420436158987,"PER_OI":1.352033145465,"BPS":2.730539157683,"BASIC_EPS":0.2213,"DILUTED_EPS":0.2207,"OPERATE_INCOME":1652847000,"OPERATE_INCOME_YOY":42.2369147997,"GROSS_PROFIT":488877000,"GROSS_PROFIT_YOY":56.474688892303,"HOLDER_PROFIT":270508000,"HOLDER_PROFIT_YOY":60.2564026612,"GROSS_PROFIT_RATIO":29.577873814092,"EPS_TTM":0.349040073947,"OPERATE_INCOME_QOQ":19.437310476827,"NET_PROFIT_RATIO":17.5824501602,"ROE_AVG":8.302764155526,"GROSS_PROFIT_QOQ":26.580567992142,"ROA":5.321555567643,"HOLDER_PROFIT_QOQ":31.29694418546,"ROE_YEARLY":16.605528311051,"ROIC_YEARLY":33.763698544647,"TOTAL_ASSETS":5236547000,"TOTAL_LIABILITIES":1842195000,"TAX_EBT":26.843199645558,"OCF_SALES":31.096586677412,"TOTAL_PARENT_EQUITY":3332208000,"DEBT_ASSET_RATIO":35.1795753958,"OPERATE_PROFIT":402823000,"PRETAX_PROFIT":397244000,"NETCASH_OPERATE":513979000,"NETCASH_INVEST":-64267000,"NETCASH_FINANCE":-223652000,"END_CASH":3513106000,"DIVI_RATIO":0.377364955578,"DIVIDEND_RATE":11.138461538462,"CURRENT_RATIO":2.875984947422,"COMMON_ACS":5000000000,"CURRENTDEBT_DEBT":85.583068024829,"ISSUED_COMMON_SHARES":1220348000,"HK_COMMON_SHARES":1220348000,"PER_SHARES":1000,"TOTAL_MARKET_CAP":1586452400,"HKSK_MARKET_CAP":1586452400,"PE_TTM":4.72068409691,"PB_TTM":0.394165008282,"REPORT_DATE_SQ":"2020-06-30 00:00:00","REPORT_TYPE_SQ":"2020年中报","OPERATE_INCOME_SQ":1162038000,"DPS_HKD":0.1448,"OPERATE_INCOME_QOQ_SQ":0,"NET_PROFIT_RATIO_SQ":15.8690163317,"HOLDER_PROFIT_SQ":168797000,"HOLDER_PROFIT_QOQ_SQ":0,"ROE_AVG_SQ":null,"PE_TTM_SQ":6.710348473886,"PB_TTM_SQ":0.468888518517,"ROA_SQ":null,"START_DATE":"2021-01-01 00:00:00","FISCAL_YEAR":"12-31","CURRENCY":"HKD","IS_CNY_CODE":0,"DPS_HKD_LY":0.2813,"ORG_TYPE":"一般企业","PREMIUM_INCOME":null,"PREMIUM_INCOME_YOY":null,"NET_INTEREST_INCOME":null,"NET_INTEREST_INCOME_YOY":null,"FEE_COMMISSION_INCOME":null,"FEE_COMMISSION_INCOME_YOY":null,"ACCOUNTS_RECE_TDAYS":2.766386878112,"INVENTORY_TDAYS":178.577784596502,"CURRENT_ASSETS_TDAYS":0.372745055766,"TOTAL_ASSETS_TDAYS":0.325155527944,"PREMIUM_EXPENSE":null,"LOAN_DEPOSIT":null,"LOAN_EQUITY":null,"LOAN_ASSETS":null,"DEPOSIT_EQUITY":null,"DEPOSIT_ASSETS":null,"EQUITY_MULTIPLIER":1.542723618529,"EQUITY_RATIO":0.552845140519},{"SECUCODE":"06989.HK","SECURITY_CODE":"06989","SECURITY_NAME_ABBR":"卓越商企服务","ORG_CODE":"10000098323","STD_REPORT_DATE":"2020-12-31 00:00:00","REPORT_DATE":"2020-12-31 00:00:00","DATE_TYPE_CODE":"001","REPORT_TYPE":"2020年年报","PER_NETCASH_OPERATE":0.355022944973,"PER_OI":2.065527734378,"BPS":2.608999236283,"BASIC_EPS":0.337,"DILUTED_EPS":0.336,"OPERATE_INCOME":2525087000,"OPERATE_INCOME_YOY":37.5305484311,"GROSS_PROFIT":663812000,"GROSS_PROFIT_YOY":53.14756624816,"HOLDER_PROFIT":324987000,"HOLDER_PROFIT_YOY":82.0553470394,"GROSS_PROFIT_RATIO":26.28867837029,"EPS_TTM":0.265840211372,"OPERATE_INCOME_QOQ":37.530548431144,"NET_PROFIT_RATIO":14.0954351276,"ROE_AVG":18.184168229868,"GROSS_PROFIT_QOQ":53.14756624816,"ROA":8.687381688165,"HOLDER_PROFIT_QOQ":82.055347039382,"ROE_YEARLY":18.184168229868,"ROIC_YEARLY":18.141428418317,"TOTAL_ASSETS":4929954000,"TOTAL_LIABILITIES":1673668000,"TAX_EBT":25.343944087979,"OCF_SALES":17.188001839145,"TOTAL_PARENT_EQUITY":3183887000,"DEBT_ASSET_RATIO":33.9489577388,"OPERATE_PROFIT":497726000,"PRETAX_PROFIT":476749000,"NETCASH_OPERATE":434012000,"NETCASH_INVEST":847171000,"NETCASH_FINANCE":1641414000,"END_CASH":3314132000,"DIVI_RATIO":0.4954686551,"DIVIDEND_RATE":11.138461538462,"CURRENT_RATIO":3.486925880337,"COMMON_ACS":5000000000,"CURRENTDEBT_DEBT":74.267417432848,"ISSUED_COMMON_SHARES":1220348000,"HK_COMMON_SHARES":1220348000,"PER_SHARES":1000,"TOTAL_MARKET_CAP":1586452400,"HKSK_MARKET_CAP":1586452400,"PE_TTM":4.72068409691,"PB_TTM":0.394165008282,"REPORT_DATE_SQ":"2019-12-31 00:00:00","REPORT_TYPE_SQ":"2019年年报","OPERATE_INCOME_SQ":1836019000,"DPS_HKD":0.1448,"OPERATE_INCOME_QOQ_SQ":50.101374606969,"NET_PROFIT_RATIO_SQ":12.7212735816,"HOLDER_PROFIT_SQ":178510000,"HOLDER_PROFIT_QOQ_SQ":41.93030300621,"ROE_AVG_SQ":53.041152874759,"PE_TTM_SQ":6.710348473886,"PB_TTM_SQ":0.468888518517,"ROA_SQ":9.078389151704,"START_DATE":"2020-01-01 00:00:00","FISCAL_YEAR":"12-31","CURRENCY":"HKD","IS_CNY_CODE":0,"DPS_HKD_LY":null,"ORG_TYPE":"一般企业","PREMIUM_INCOME":null,"PREMIUM_INCOME_YOY":null,"NET_INTEREST_INCOME":null,"NET_INTEREST_INCOME_YOY":null,"FEE_COMMISSION_INCOME":null,"FEE_COMMISSION_INCOME_YOY":null,"ACCOUNTS_RECE_TDAYS":3.388312001122,"INVENTORY_TDAYS":805.746753246753,"CURRENT_ASSETS_TDAYS":0.802016692807,"TOTAL_ASSETS_TDAYS":0.674992986329,"PREMIUM_EXPENSE":null,"LOAN_DEPOSIT":null,"LOAN_EQUITY":null,"LOAN_ASSETS":null,"DEPOSIT_EQUITY":null,"DEPOSIT_ASSETS":null,"EQUITY_MULTIPLIER":1.513980651578,"EQUITY_RATIO":0.525668153424},{"SECUCODE":"06989.HK","SECURITY_CODE":"06989","SECURITY_NAME_ABBR":"卓越商企服务","ORG_CODE":"10000098323","STD_REPORT_DATE":"2020-06-30 00:00:00","REPORT_DATE":"2020-06-30 00:00:00","DATE_TYPE_CODE":"002","REPORT_TYPE":"2020年中报","PER_NETCASH_OPERATE":null,"PER_OI":null,"BPS":null,"BASIC_EPS":0.1876,"DILUTED_EPS":0.1876,"OPERATE_INCOME":1162038000,"OPERATE_INCOME_YOY":null,"GROSS_PROFIT":312432000,"GROSS_PROFIT_YOY":null,"HOLDER_PROFIT":168797000,"HOLDER_PROFIT_YOY":null,"GROSS_PROFIT_RATIO":26.886556205563,"EPS_TTM":0.186783889499,"OPERATE_INCOME_QOQ":0,"NET_PROFIT_RATIO":15.8690163317,"ROE_AVG":null,"GROSS_PROFIT_QOQ":0,"ROA":null,"HOLDER_PROFIT_QOQ":0,"ROE_YEARLY":null,"ROIC_YEARLY":null,"TOTAL_ASSETS":null,"TOTAL_LIABILITIES":null,"TAX_EBT":23.346732122593,"OCF_SALES":13.220738048153,"TOTAL_PARENT_EQUITY":null,"DEBT_ASSET_RATIO":null,"OPERATE_PROFIT":249662000,"PRETAX_PROFIT":240569000,"NETCASH_OPERATE":153630000,"NETCASH_INVEST":860277000,"NETCASH_FINANCE":-977224000,"END_CASH":483786000,"DIVI_RATIO":0.705175871181,"DIVIDEND_RATE":11.138461538462,"CURRENT_RATIO":null,"COMMON_ACS":5000000000,"CURRENTDEBT_DEBT":null,"ISSUED_COMMON_SHARES":1220348000,"HK_COMMON_SHARES":1220348000,"PER_SHARES":1000,"TOTAL_MARKET_CAP":1586452400,"HKSK_MARKET_CAP":1586452400,"PE_TTM":4.72068409691,"PB_TTM":0.394165008282,"REPORT_DATE_SQ":"2019-06-30 00:00:00","REPORT_TYPE_SQ":"2019年中报","OPERATE_INCOME_SQ":null,"DPS_HKD":0.1448,"OPERATE_INCOME_QOQ_SQ":0,"NET_PROFIT_RATIO_SQ":null,"HOLDER_PROFIT_SQ":null,"HOLDER_PROFIT_QOQ_SQ":0,"ROE_AVG_SQ":null,"PE_TTM_SQ":6.710348473886,"PB_TTM_SQ":0.468888518517,"ROA_SQ":null,"START_DATE":"2020-01-01 00:00:00","FISCAL_YEAR":"12-31","CURRENCY":"HKD","IS_CNY_CODE":0,"DPS_HKD_LY":null,"ORG_TYPE":"一般企业","PREMIUM_INCOME":null,"PREMIUM_INCOME_YOY":null,"NET_INTEREST_INCOME":null,"NET_INTEREST_INCOME_YOY":null,"FEE_COMMISSION_INCOME":null,"FEE_COMMISSION_INCOME_YOY":null,"ACCOUNTS_RECE_TDAYS":null,"INVENTORY_TDAYS":null,"CURRENT_ASSETS_TDAYS":1.184164106327,"TOTAL_ASSETS_TDAYS":0.910736979219,"PREMIUM_EXPENSE":null,"LOAN_DEPOSIT":null,"LOAN_EQUITY":null,"LOAN_ASSETS":null,"DEPOSIT_EQUITY":null,"DEPOSIT_ASSETS":null,"EQUITY_MULTIPLIER":null,"EQUITY_RATIO":null}],"count":12},"success":true,"message":"ok","code":0}