{"version":"8214888a54b7ab4fe9d3a65d16e37f2f","result":{"pages":2,"data":[{"SECUCODE":"06999.HK","SECURITY_CODE":"06999","SECURITY_NAME_ABBR":"领地控股","ORG_CODE":"10000084290","STD_REPORT_DATE":"2024-06-30 00:00:00","REPORT_DATE":"2024-06-30 00:00:00","DATE_TYPE_CODE":"002","REPORT_TYPE":"2024年中报","PER_NETCASH_OPERATE":-0.878100579875,"PER_OI":4.438426595387,"BPS":1.454805271947,"BASIC_EPS":-0.8,"DILUTED_EPS":-0.8,"OPERATE_INCOME":4558020000,"OPERATE_INCOME_YOY":-35.1174578112,"GROSS_PROFIT":533894000,"GROSS_PROFIT_YOY":-45.69949177245,"HOLDER_PROFIT":-816968000,"HOLDER_PROFIT_YOY":-226.211762451,"GROSS_PROFIT_RATIO":11.713287787241,"EPS_TTM":-1.83613533344,"OPERATE_INCOME_QOQ":-13.339875082759,"NET_PROFIT_RATIO":-16.5953198977,"ROE_AVG":-43.419923244175,"GROSS_PROFIT_QOQ":-25.446230865505,"ROA":-2.585777303788,"HOLDER_PROFIT_QOQ":-42.948548347602,"ROE_YEARLY":-86.839846488349,"ROIC_YEARLY":-5.396197199763,"TOTAL_ASSETS":29142584000,"TOTAL_LIABILITIES":27415778000,"TAX_EBT":-73.382996768057,"OCF_SALES":-19.7840509695,"TOTAL_PARENT_EQUITY":1494005000,"DEBT_ASSET_RATIO":94.0746297583,"OPERATE_PROFIT":-394606000,"PRETAX_PROFIT":-436270000,"NETCASH_OPERATE":-901761000,"NETCASH_INVEST":723264000,"NETCASH_FINANCE":-412258000,"END_CASH":720609000,"DIVI_RATIO":null,"DIVIDEND_RATE":null,"CURRENT_RATIO":0.975896553941,"COMMON_ACS":10000000000,"CURRENTDEBT_DEBT":91.346632585076,"ISSUED_COMMON_SHARES":1026945000,"HK_COMMON_SHARES":1026945000,"PER_SHARES":1000,"TOTAL_MARKET_CAP":122206455,"HKSK_MARKET_CAP":122206455,"PE_TTM":-0.058778960579,"PB_TTM":0.074655297238,"REPORT_DATE_SQ":"2023-06-30 00:00:00","REPORT_TYPE_SQ":"2023年中报","OPERATE_INCOME_SQ":7025033000,"DPS_HKD":null,"OPERATE_INCOME_QOQ_SQ":4.16974066528,"NET_PROFIT_RATIO_SQ":-1.3324065524,"HOLDER_PROFIT_SQ":-250441000,"HOLDER_PROFIT_QOQ_SQ":-6.128840103637,"ROE_AVG_SQ":-6.919803243403,"PE_TTM_SQ":-0.039434331689,"PB_TTM_SQ":0.051216638244,"ROA_SQ":-0.478229292271,"START_DATE":"2024-01-01 00:00:00","FISCAL_YEAR":"12-31","CURRENCY":"HKD","IS_CNY_CODE":0,"DPS_HKD_LY":null,"ORG_TYPE":"一般企业","PREMIUM_INCOME":null,"PREMIUM_INCOME_YOY":null,"NET_INTEREST_INCOME":null,"NET_INTEREST_INCOME_YOY":null,"FEE_COMMISSION_INCOME":null,"FEE_COMMISSION_INCOME_YOY":null,"ACCOUNTS_RECE_TDAYS":116.017053770283,"INVENTORY_TDAYS":0.206301630506,"CURRENT_ASSETS_TDAYS":0.170970201184,"TOTAL_ASSETS_TDAYS":0.14426543838,"PREMIUM_EXPENSE":null,"LOAN_DEPOSIT":null,"LOAN_EQUITY":null,"LOAN_ASSETS":null,"DEPOSIT_EQUITY":null,"DEPOSIT_ASSETS":null,"EQUITY_MULTIPLIER":16.876582546057,"EQUITY_RATIO":18.350526269992},{"SECUCODE":"06999.HK","SECURITY_CODE":"06999","SECURITY_NAME_ABBR":"领地控股","ORG_CODE":"10000084290","STD_REPORT_DATE":"2023-12-31 00:00:00","REPORT_DATE":"2023-12-31 00:00:00","DATE_TYPE_CODE":"001","REPORT_TYPE":"2023年年报","PER_NETCASH_OPERATE":0.27827488327,"PER_OI":18.008290609526,"BPS":2.209560395153,"BASIC_EPS":-1.28,"DILUTED_EPS":-1.28,"OPERATE_INCOME":18493524000,"OPERATE_INCOME_YOY":32.2968691105,"GROSS_PROFIT":1765790000,"GROSS_PROFIT_YOY":188.308133016066,"HOLDER_PROFIT":-1319083000,"HOLDER_PROFIT_YOY":68.2140096311,"GROSS_PROFIT_RATIO":9.54815318054,"EPS_TTM":-1.284472878294,"OPERATE_INCOME_QOQ":27.00124649019,"NET_PROFIT_RATIO":-5.3290979048,"ROE_AVG":-43.870651250268,"GROSS_PROFIT_QOQ":186.347163725575,"ROA":-2.995507316969,"HOLDER_PROFIT_QOQ":70.049620501028,"ROE_YEARLY":-43.870651250268,"ROIC_YEARLY":-3.213344474663,"TOTAL_ASSETS":34046771000,"TOTAL_LIABILITIES":31411888000,"TAX_EBT":-835.640302659186,"OCF_SALES":1.545259843392,"TOTAL_PARENT_EQUITY":2269097000,"DEBT_ASSET_RATIO":92.2609900363,"OPERATE_PROFIT":147472000,"PRETAX_PROFIT":-105333000,"NETCASH_OPERATE":285773000,"NETCASH_INVEST":1611837000,"NETCASH_FINANCE":-3182210000,"END_CASH":1311364000,"DIVI_RATIO":null,"DIVIDEND_RATE":null,"CURRENT_RATIO":1.002443550197,"COMMON_ACS":10000000000,"CURRENTDEBT_DEBT":91.714678213548,"ISSUED_COMMON_SHARES":1026945000,"HK_COMMON_SHARES":1026945000,"PER_SHARES":1000,"TOTAL_MARKET_CAP":184850100,"HKSK_MARKET_CAP":184850100,"PE_TTM":-0.088909352137,"PB_TTM":0.112923979015,"REPORT_DATE_SQ":"2022-12-31 00:00:00","REPORT_TYPE_SQ":"2022年年报","OPERATE_INCOME_SQ":13978807000,"DPS_HKD":null,"OPERATE_INCOME_QOQ_SQ":-18.656634082707,"NET_PROFIT_RATIO_SQ":-36.4686485764,"HOLDER_PROFIT_SQ":-4149888000,"HOLDER_PROFIT_QOQ_SQ":-1091.61714420892,"ROE_AVG_SQ":-71.394540750824,"PE_TTM_SQ":-0.040477567978,"PB_TTM_SQ":0.052571575763,"ROA_SQ":-7.006478922406,"START_DATE":"2023-01-01 00:00:00","FISCAL_YEAR":"12-31","CURRENCY":"HKD","IS_CNY_CODE":0,"DPS_HKD_LY":null,"ORG_TYPE":"一般企业","PREMIUM_INCOME":null,"PREMIUM_INCOME_YOY":null,"NET_INTEREST_INCOME":null,"NET_INTEREST_INCOME_YOY":null,"FEE_COMMISSION_INCOME":null,"FEE_COMMISSION_INCOME_YOY":null,"ACCOUNTS_RECE_TDAYS":449.9695616735,"INVENTORY_TDAYS":0.581515737503,"CURRENT_ASSETS_TDAYS":0.481067644927,"TOTAL_ASSETS_TDAYS":0.41996967938,"PREMIUM_EXPENSE":null,"LOAN_DEPOSIT":null,"LOAN_EQUITY":null,"LOAN_ASSETS":null,"DEPOSIT_EQUITY":null,"DEPOSIT_ASSETS":null,"EQUITY_MULTIPLIER":12.921549457754,"EQUITY_RATIO":13.843342968591},{"SECUCODE":"06999.HK","SECURITY_CODE":"06999","SECURITY_NAME_ABBR":"领地控股","ORG_CODE":"10000084290","STD_REPORT_DATE":"2023-06-30 00:00:00","REPORT_DATE":"2023-06-30 00:00:00","DATE_TYPE_CODE":"002","REPORT_TYPE":"2023年中报","PER_NETCASH_OPERATE":1.947204572786,"PER_OI":6.840710067238,"BPS":3.402297104519,"BASIC_EPS":-0.24,"DILUTED_EPS":-0.24,"OPERATE_INCOME":7025033000,"OPERATE_INCOME_YOY":9.04790681,"GROSS_PROFIT":983221000,"GROSS_PROFIT_YOY":-4.414698356652,"HOLDER_PROFIT":-250441000,"HOLDER_PROFIT_YOY":-6523.211079764,"GROSS_PROFIT_RATIO":13.995962723592,"EPS_TTM":-4.288669792443,"OPERATE_INCOME_QOQ":4.16974066528,"NET_PROFIT_RATIO":-1.3324065524,"ROE_AVG":-6.919803243403,"GROSS_PROFIT_QOQ":-2.271029187158,"ROA":-0.478229292271,"HOLDER_PROFIT_QOQ":-6.128840103637,"ROE_YEARLY":-13.839606486806,"ROIC_YEARLY":-1.027143640865,"TOTAL_ASSETS":50712801000,"TOTAL_LIABILITIES":46534237000,"TAX_EBT":180.345064377682,"OCF_SALES":28.464948136187,"TOTAL_PARENT_EQUITY":3493972000,"DEBT_ASSET_RATIO":91.7603368033,"OPERATE_PROFIT":251280000,"PRETAX_PROFIT":116500000,"NETCASH_OPERATE":1999672000,"NETCASH_INVEST":-58314000,"NETCASH_FINANCE":-2307522000,"END_CASH":2229800000,"DIVI_RATIO":null,"DIVIDEND_RATE":null,"CURRENT_RATIO":1.085913898107,"COMMON_ACS":10000000000,"CURRENTDEBT_DEBT":88.886977989991,"ISSUED_COMMON_SHARES":1026945000,"HK_COMMON_SHARES":1026945000,"PER_SHARES":1000,"TOTAL_MARKET_CAP":184850100,"HKSK_MARKET_CAP":184850100,"PE_TTM":-0.088909352137,"PB_TTM":0.112923979015,"REPORT_DATE_SQ":"2022-06-30 00:00:00","REPORT_TYPE_SQ":"2022年中报","OPERATE_INCOME_SQ":6442153000,"DPS_HKD":null,"OPERATE_INCOME_QOQ_SQ":14.150039459456,"NET_PROFIT_RATIO_SQ":0.7234537894,"HOLDER_PROFIT_SQ":3899000,"HOLDER_PROFIT_QOQ_SQ":-14.32124950609,"ROE_AVG_SQ":0.049420441075,"PE_TTM_SQ":-0.040477567978,"PB_TTM_SQ":0.052571575763,"ROA_SQ":0.006154596017,"START_DATE":"2023-01-01 00:00:00","FISCAL_YEAR":"12-31","CURRENCY":"HKD","IS_CNY_CODE":0,"DPS_HKD_LY":null,"ORG_TYPE":"一般企业","PREMIUM_INCOME":null,"PREMIUM_INCOME_YOY":null,"NET_INTEREST_INCOME":null,"NET_INTEREST_INCOME_YOY":null,"FEE_COMMISSION_INCOME":null,"FEE_COMMISSION_INCOME_YOY":null,"ACCOUNTS_RECE_TDAYS":167.426130270026,"INVENTORY_TDAYS":0.170848288856,"CURRENT_ASSETS_TDAYS":0.151202548034,"TOTAL_ASSETS_TDAYS":0.134146428092,"PREMIUM_EXPENSE":null,"LOAN_DEPOSIT":null,"LOAN_EQUITY":null,"LOAN_ASSETS":null,"DEPOSIT_EQUITY":null,"DEPOSIT_ASSETS":null,"EQUITY_MULTIPLIER":12.136418396331,"EQUITY_RATIO":13.318434435078},{"SECUCODE":"06999.HK","SECURITY_CODE":"06999","SECURITY_NAME_ABBR":"领地控股","ORG_CODE":"10000084290","STD_REPORT_DATE":"2022-12-31 00:00:00","REPORT_DATE":"2022-12-31 00:00:00","DATE_TYPE_CODE":"001","REPORT_TYPE":"2022年年报","PER_NETCASH_OPERATE":2.774066770859,"PER_OI":13.612030829304,"BPS":3.646167029393,"BASIC_EPS":-4.04,"DILUTED_EPS":-4.04,"OPERATE_INCOME":13978807000,"OPERATE_INCOME_YOY":-7.1465157078,"GROSS_PROFIT":-1999578000,"GROSS_PROFIT_YOY":-168.758039941034,"HOLDER_PROFIT":-4149888000,"HOLDER_PROFIT_YOY":-949.6051788416,"GROSS_PROFIT_RATIO":-14.304353726323,"EPS_TTM":-4.041003169595,"OPERATE_INCOME_QOQ":-18.656634082707,"NET_PROFIT_RATIO":-36.4686485764,"ROE_AVG":-71.394540750824,"GROSS_PROFIT_QOQ":-165.315269849825,"ROA":-7.006478922406,"HOLDER_PROFIT_QOQ":-1091.61714420892,"ROE_YEARLY":-71.394540750824,"ROIC_YEARLY":-7.762886901384,"TOTAL_ASSETS":54023987000,"TOTAL_LIABILITIES":48582247000,"TAX_EBT":-13.332884259726,"OCF_SALES":20.37952165732,"TOTAL_PARENT_EQUITY":3744413000,"DEBT_ASSET_RATIO":89.9271780885,"OPERATE_PROFIT":-3878187000,"PRETAX_PROFIT":-4498149000,"NETCASH_OPERATE":2848814000,"NETCASH_INVEST":144026000,"NETCASH_FINANCE":-4694856000,"END_CASH":2595964000,"DIVI_RATIO":null,"DIVIDEND_RATE":null,"CURRENT_RATIO":1.103817754565,"COMMON_ACS":10000000000,"CURRENTDEBT_DEBT":89.519404073673,"ISSUED_COMMON_SHARES":1026945000,"HK_COMMON_SHARES":1026945000,"PER_SHARES":1000,"TOTAL_MARKET_CAP":184850100,"HKSK_MARKET_CAP":184850100,"PE_TTM":-0.088909352137,"PB_TTM":0.112923979015,"REPORT_DATE_SQ":"2021-12-31 00:00:00","REPORT_TYPE_SQ":"2021年年报","OPERATE_INCOME_SQ":15054693000,"DPS_HKD":null,"OPERATE_INCOME_QOQ_SQ":15.526831126103,"NET_PROFIT_RATIO_SQ":4.2295714698,"HOLDER_PROFIT_SQ":488449000,"HOLDER_PROFIT_QOQ_SQ":-5.314018090109,"ROE_AVG_SQ":6.456178130344,"PE_TTM_SQ":-0.040477567978,"PB_TTM_SQ":0.052571575763,"ROA_SQ":0.784608054705,"START_DATE":"2022-01-01 00:00:00","FISCAL_YEAR":"12-31","CURRENCY":"HKD","IS_CNY_CODE":0,"DPS_HKD_LY":null,"ORG_TYPE":"一般企业","PREMIUM_INCOME":null,"PREMIUM_INCOME_YOY":null,"NET_INTEREST_INCOME":null,"NET_INTEREST_INCOME_YOY":null,"FEE_COMMISSION_INCOME":null,"FEE_COMMISSION_INCOME_YOY":null,"ACCOUNTS_RECE_TDAYS":229.243448456821,"INVENTORY_TDAYS":0.399734412428,"CURRENT_ASSETS_TDAYS":0.264814322464,"TOTAL_ASSETS_TDAYS":0.236011710692,"PREMIUM_EXPENSE":null,"LOAN_DEPOSIT":null,"LOAN_EQUITY":null,"LOAN_ASSETS":null,"DEPOSIT_EQUITY":null,"DEPOSIT_ASSETS":null,"EQUITY_MULTIPLIER":9.92770455773,"EQUITY_RATIO":12.974596285185},{"SECUCODE":"06999.HK","SECURITY_CODE":"06999","SECURITY_NAME_ABBR":"领地控股","ORG_CODE":"10000084290","STD_REPORT_DATE":"2022-06-30 00:00:00","REPORT_DATE":"2022-06-30 00:00:00","DATE_TYPE_CODE":"002","REPORT_TYPE":"2022年中报","PER_NETCASH_OPERATE":2.675561982385,"PER_OI":6.273123682378,"BPS":7.690853940571,"BASIC_EPS":0,"DILUTED_EPS":0,"OPERATE_INCOME":6442153000,"OPERATE_INCOME_YOY":49.4037674273,"GROSS_PROFIT":1028632000,"GROSS_PROFIT_YOY":17.511743954377,"HOLDER_PROFIT":3899000,"HOLDER_PROFIT_YOY":-94.7204506371,"GROSS_PROFIT_RATIO":15.967208478284,"EPS_TTM":0.40751646875,"OPERATE_INCOME_QOQ":14.150039459456,"NET_PROFIT_RATIO":0.7234537894,"ROE_AVG":0.049420441075,"GROSS_PROFIT_QOQ":5.271003394957,"ROA":0.006154596017,"HOLDER_PROFIT_QOQ":-14.32124950609,"ROE_YEARLY":0.09884088215,"ROIC_YEARLY":0.013826838582,"TOTAL_ASSETS":62267460000,"TOTAL_LIABILITIES":51374420000,"TAX_EBT":72.477530146807,"OCF_SALES":42.651191302038,"TOTAL_PARENT_EQUITY":7898084000,"DEBT_ASSET_RATIO":82.5060472998,"OPERATE_PROFIT":396010000,"PRETAX_PROFIT":169338000,"NETCASH_OPERATE":2747655000,"NETCASH_INVEST":-573749000,"NETCASH_FINANCE":-2809103000,"END_CASH":3662783000,"DIVI_RATIO":null,"DIVIDEND_RATE":null,"CURRENT_RATIO":1.265905775367,"COMMON_ACS":10000000000,"CURRENTDEBT_DEBT":85.344338680612,"ISSUED_COMMON_SHARES":1026945000,"HK_COMMON_SHARES":1026945000,"PER_SHARES":1000,"TOTAL_MARKET_CAP":184850100,"HKSK_MARKET_CAP":184850100,"PE_TTM":-0.088909352137,"PB_TTM":0.112923979015,"REPORT_DATE_SQ":"2021-06-30 00:00:00","REPORT_TYPE_SQ":"2021年中报","OPERATE_INCOME_SQ":4311908000,"DPS_HKD":null,"OPERATE_INCOME_QOQ_SQ":-0.963240617953,"NET_PROFIT_RATIO_SQ":2.9054423239,"HOLDER_PROFIT_SQ":73851000,"HOLDER_PROFIT_QOQ_SQ":-40.03773054163,"ROE_AVG_SQ":1.004786241595,"PE_TTM_SQ":-0.040477567978,"PB_TTM_SQ":0.052571575763,"ROA_SQ":0.114001566115,"START_DATE":"2022-01-01 00:00:00","FISCAL_YEAR":"12-31","CURRENCY":"HKD","IS_CNY_CODE":0,"DPS_HKD_LY":null,"ORG_TYPE":"一般企业","PREMIUM_INCOME":null,"PREMIUM_INCOME_YOY":null,"NET_INTEREST_INCOME":null,"NET_INTEREST_INCOME_YOY":null,"FEE_COMMISSION_INCOME":null,"FEE_COMMISSION_INCOME_YOY":null,"ACCOUNTS_RECE_TDAYS":92.543049021368,"INVENTORY_TDAYS":0.126733379802,"CURRENT_ASSETS_TDAYS":0.11394718341,"TOTAL_ASSETS_TDAYS":0.101689790192,"PREMIUM_EXPENSE":null,"LOAN_DEPOSIT":null,"LOAN_EQUITY":null,"LOAN_ASSETS":null,"DEPOSIT_EQUITY":null,"DEPOSIT_ASSETS":null,"EQUITY_MULTIPLIER":5.71626102538,"EQUITY_RATIO":6.504668727251},{"SECUCODE":"06999.HK","SECURITY_CODE":"06999","SECURITY_NAME_ABBR":"领地控股","ORG_CODE":"10000084290","STD_REPORT_DATE":"2021-12-31 00:00:00","REPORT_DATE":"2021-12-31 00:00:00","DATE_TYPE_CODE":"001","REPORT_TYPE":"2021年年报","PER_NETCASH_OPERATE":5.377498308089,"PER_OI":14.659687714532,"BPS":7.674035123595,"BASIC_EPS":0.48,"DILUTED_EPS":0.48,"OPERATE_INCOME":15054693000,"OPERATE_INCOME_YOY":14.4140297641,"GROSS_PROFIT":2908137000,"GROSS_PROFIT_YOY":-18.224158729891,"HOLDER_PROFIT":488449000,"HOLDER_PROFIT_YOY":-43.2241363879,"GROSS_PROFIT_RATIO":19.317145822901,"EPS_TTM":0.475633067009,"OPERATE_INCOME_QOQ":15.526831126103,"NET_PROFIT_RATIO":4.2295714698,"ROE_AVG":6.456178130344,"GROSS_PROFIT_QOQ":2.937291206072,"ROA":0.784608054705,"HOLDER_PROFIT_QOQ":-5.314018090109,"ROE_YEARLY":6.456178130344,"ROIC_YEARLY":0.87959982511,"TOTAL_ASSETS":64434601000,"TOTAL_LIABILITIES":53602573000,"TAX_EBT":48.489341908345,"OCF_SALES":36.682215970794,"TOTAL_PARENT_EQUITY":7880812000,"DEBT_ASSET_RATIO":83.1891129426,"OPERATE_PROFIT":1420797000,"PRETAX_PROFIT":1236150000,"NETCASH_OPERATE":5522395000,"NETCASH_INVEST":-2340878000,"NETCASH_FINANCE":-3060799000,"END_CASH":4297980000,"DIVI_RATIO":null,"DIVIDEND_RATE":null,"CURRENT_RATIO":1.280196131911,"COMMON_ACS":10000000000,"CURRENTDEBT_DEBT":83.89282917445,"ISSUED_COMMON_SHARES":1026945000,"HK_COMMON_SHARES":1026945000,"PER_SHARES":1000,"TOTAL_MARKET_CAP":184850100,"HKSK_MARKET_CAP":184850100,"PE_TTM":-0.088909352137,"PB_TTM":0.112923979015,"REPORT_DATE_SQ":"2020-12-31 00:00:00","REPORT_TYPE_SQ":"2020年年报","OPERATE_INCOME_SQ":13158083000,"DPS_HKD":null,"OPERATE_INCOME_QOQ_SQ":73.860965486477,"NET_PROFIT_RATIO_SQ":8.0602014746,"HOLDER_PROFIT_SQ":860311000,"HOLDER_PROFIT_QOQ_SQ":57.905933097784,"ROE_AVG_SQ":13.789665016245,"PE_TTM_SQ":-0.040477567978,"PB_TTM_SQ":0.052571575763,"ROA_SQ":1.685369133828,"START_DATE":"2021-01-01 00:00:00","FISCAL_YEAR":"12-31","CURRENCY":"HKD","IS_CNY_CODE":0,"DPS_HKD_LY":null,"ORG_TYPE":"一般企业","PREMIUM_INCOME":null,"PREMIUM_INCOME_YOY":null,"NET_INTEREST_INCOME":null,"NET_INTEREST_INCOME_YOY":null,"FEE_COMMISSION_INCOME":null,"FEE_COMMISSION_INCOME_YOY":null,"ACCOUNTS_RECE_TDAYS":195.580263593788,"INVENTORY_TDAYS":0.285401704895,"CURRENT_ASSETS_TDAYS":0.272600344436,"TOTAL_ASSETS_TDAYS":0.241827363531,"PREMIUM_EXPENSE":null,"LOAN_DEPOSIT":null,"LOAN_EQUITY":null,"LOAN_ASSETS":null,"DEPOSIT_EQUITY":null,"DEPOSIT_ASSETS":null,"EQUITY_MULTIPLIER":5.948526074713,"EQUITY_RATIO":6.801656098382},{"SECUCODE":"06999.HK","SECURITY_CODE":"06999","SECURITY_NAME_ABBR":"领地控股","ORG_CODE":"10000084290","STD_REPORT_DATE":"2021-06-30 00:00:00","REPORT_DATE":"2021-06-30 00:00:00","DATE_TYPE_CODE":"002","REPORT_TYPE":"2021年中报","PER_NETCASH_OPERATE":4.321534259381,"PER_OI":4.198772086139,"BPS":7.253984390595,"BASIC_EPS":0.07,"DILUTED_EPS":0.07,"OPERATE_INCOME":4311908000,"OPERATE_INCOME_YOY":-2.855461523,"GROSS_PROFIT":875344000,"GROSS_PROFIT_YOY":-45.509642559231,"HOLDER_PROFIT":73851000,"HOLDER_PROFIT_YOY":-82.3449677265,"GROSS_PROFIT_RATIO":20.30061865884,"EPS_TTM":0.502326804259,"OPERATE_INCOME_QOQ":-0.963240617953,"NET_PROFIT_RATIO":2.9054423239,"ROE_AVG":1.004786241595,"GROSS_PROFIT_QOQ":-20.557612977788,"ROA":0.114001566115,"HOLDER_PROFIT_QOQ":-40.03773054163,"ROE_YEARLY":2.009572483189,"ROIC_YEARLY":0.26089509989,"TOTAL_ASSETS":69488208000,"TOTAL_LIABILITIES":59686053000,"TAX_EBT":68.123272962286,"OCF_SALES":102.923763679559,"TOTAL_PARENT_EQUITY":7449443000,"DEBT_ASSET_RATIO":85.8937864681,"OPERATE_PROFIT":435079000,"PRETAX_PROFIT":393014000,"NETCASH_OPERATE":4437978000,"NETCASH_INVEST":-2092633000,"NETCASH_FINANCE":-772935000,"END_CASH":5749672000,"DIVI_RATIO":null,"DIVIDEND_RATE":null,"CURRENT_RATIO":1.264261304549,"COMMON_ACS":10000000000,"CURRENTDEBT_DEBT":82.144378017424,"ISSUED_COMMON_SHARES":1026945000,"HK_COMMON_SHARES":1026945000,"PER_SHARES":1000,"TOTAL_MARKET_CAP":184850100,"HKSK_MARKET_CAP":184850100,"PE_TTM":-0.088909352137,"PB_TTM":0.112923979015,"REPORT_DATE_SQ":"2020-06-30 00:00:00","REPORT_TYPE_SQ":"2020年中报","OPERATE_INCOME_SQ":4438652000,"DPS_HKD":null,"OPERATE_INCOME_QOQ_SQ":0,"NET_PROFIT_RATIO_SQ":11.9800786365,"HOLDER_PROFIT_SQ":418300000,"HOLDER_PROFIT_QOQ_SQ":0,"ROE_AVG_SQ":null,"PE_TTM_SQ":-0.040477567978,"PB_TTM_SQ":0.052571575763,"ROA_SQ":null,"START_DATE":"2021-01-01 00:00:00","FISCAL_YEAR":"12-31","CURRENCY":"HKD","IS_CNY_CODE":0,"DPS_HKD_LY":null,"ORG_TYPE":"一般企业","PREMIUM_INCOME":null,"PREMIUM_INCOME_YOY":null,"NET_INTEREST_INCOME":null,"NET_INTEREST_INCOME_YOY":null,"FEE_COMMISSION_INCOME":null,"FEE_COMMISSION_INCOME_YOY":null,"ACCOUNTS_RECE_TDAYS":67.672803176546,"INVENTORY_TDAYS":0.078731682223,"CURRENT_ASSETS_TDAYS":0.075075324818,"TOTAL_ASSETS_TDAYS":0.066561626104,"PREMIUM_EXPENSE":null,"LOAN_DEPOSIT":null,"LOAN_EQUITY":null,"LOAN_ASSETS":null,"DEPOSIT_EQUITY":null,"DEPOSIT_ASSETS":null,"EQUITY_MULTIPLIER":7.089074596373,"EQUITY_RATIO":8.012149767439},{"SECUCODE":"06999.HK","SECURITY_CODE":"06999","SECURITY_NAME_ABBR":"领地控股","ORG_CODE":"10000084290","STD_REPORT_DATE":"2020-12-31 00:00:00","REPORT_DATE":"2020-12-31 00:00:00","DATE_TYPE_CODE":"001","REPORT_TYPE":"2020年年报","PER_NETCASH_OPERATE":0.368901,"PER_OI":13.158083,"BPS":7.060163884142,"BASIC_EPS":1.12,"DILUTED_EPS":1.12,"OPERATE_INCOME":13158083000,"OPERATE_INCOME_YOY":73.8609654865,"GROSS_PROFIT":3556230000,"GROSS_PROFIT_YOY":69.152096712973,"HOLDER_PROFIT":860311000,"HOLDER_PROFIT_YOY":57.9059330978,"GROSS_PROFIT_RATIO":27.026961298238,"EPS_TTM":0.860311,"OPERATE_INCOME_QOQ":73.860965486477,"NET_PROFIT_RATIO":8.0602014746,"ROE_AVG":13.789665016245,"GROSS_PROFIT_QOQ":69.152096712973,"ROA":1.685369133828,"HOLDER_PROFIT_QOQ":57.905933097784,"ROE_YEARLY":13.789665016245,"ROIC_YEARLY":1.836070574082,"TOTAL_ASSETS":60073170000,"TOTAL_LIABILITIES":50803098000,"TAX_EBT":47.401852843738,"OCF_SALES":2.803607485984,"TOTAL_PARENT_EQUITY":7250400000,"DEBT_ASSET_RATIO":84.5686984722,"OPERATE_PROFIT":2335528000,"PRETAX_PROFIT":2016360000,"NETCASH_OPERATE":1729061000,"NETCASH_INVEST":-3165757000,"NETCASH_FINANCE":4232316000,"END_CASH":4177262000,"DIVI_RATIO":null,"DIVIDEND_RATE":null,"CURRENT_RATIO":1.32663253654,"COMMON_ACS":10000000000,"CURRENTDEBT_DEBT":78.465923475769,"ISSUED_COMMON_SHARES":1026945000,"HK_COMMON_SHARES":1026945000,"PER_SHARES":1000,"TOTAL_MARKET_CAP":184850100,"HKSK_MARKET_CAP":184850100,"PE_TTM":-0.088909352137,"PB_TTM":0.112923979015,"REPORT_DATE_SQ":"2019-12-31 00:00:00","REPORT_TYPE_SQ":"2019年年报","OPERATE_INCOME_SQ":7568164000,"DPS_HKD":null,"OPERATE_INCOME_QOQ_SQ":67.663416781442,"NET_PROFIT_RATIO_SQ":8.8834359298,"HOLDER_PROFIT_SQ":544825000,"HOLDER_PROFIT_QOQ_SQ":29.44716621603,"ROE_AVG_SQ":10.418196434417,"PE_TTM_SQ":-0.040477567978,"PB_TTM_SQ":0.052571575763,"ROA_SQ":1.546047572266,"START_DATE":"2020-01-01 00:00:00","FISCAL_YEAR":"12-31","CURRENCY":"HKD","IS_CNY_CODE":0,"DPS_HKD_LY":null,"ORG_TYPE":"一般企业","PREMIUM_INCOME":null,"PREMIUM_INCOME_YOY":null,"NET_INTEREST_INCOME":null,"NET_INTEREST_INCOME_YOY":null,"FEE_COMMISSION_INCOME":null,"FEE_COMMISSION_INCOME_YOY":null,"ACCOUNTS_RECE_TDAYS":196.906545552496,"INVENTORY_TDAYS":0.271094385431,"CURRENT_ASSETS_TDAYS":0.297236679764,"TOTAL_ASSETS_TDAYS":0.257769887268,"PREMIUM_EXPENSE":null,"LOAN_DEPOSIT":null,"LOAN_EQUITY":null,"LOAN_ASSETS":null,"DEPOSIT_EQUITY":null,"DEPOSIT_ASSETS":null,"EQUITY_MULTIPLIER":6.480334780566,"EQUITY_RATIO":7.006937272426},{"SECUCODE":"06999.HK","SECURITY_CODE":"06999","SECURITY_NAME_ABBR":"领地控股","ORG_CODE":"10000084290","STD_REPORT_DATE":"2020-06-30 00:00:00","REPORT_DATE":"2020-06-30 00:00:00","DATE_TYPE_CODE":"002","REPORT_TYPE":"2020年中报","PER_NETCASH_OPERATE":null,"PER_OI":null,"BPS":null,"BASIC_EPS":0.56,"DILUTED_EPS":0.56,"OPERATE_INCOME":4438652000,"OPERATE_INCOME_YOY":null,"GROSS_PROFIT":1606420000,"GROSS_PROFIT_YOY":null,"HOLDER_PROFIT":418300000,"HOLDER_PROFIT_YOY":null,"GROSS_PROFIT_RATIO":36.191618536439,"EPS_TTM":4880.433385,"OPERATE_INCOME_QOQ":0,"NET_PROFIT_RATIO":11.9800786365,"ROE_AVG":null,"GROSS_PROFIT_QOQ":0,"ROA":null,"HOLDER_PROFIT_QOQ":0,"ROE_YEARLY":null,"ROIC_YEARLY":null,"TOTAL_ASSETS":null,"TOTAL_LIABILITIES":null,"TAX_EBT":46.975507705071,"OCF_SALES":11.957909743769,"TOTAL_PARENT_EQUITY":null,"DEBT_ASSET_RATIO":null,"OPERATE_PROFIT":1160946000,"PRETAX_PROFIT":1002846000,"NETCASH_OPERATE":530770000,"NETCASH_INVEST":-1740665000,"NETCASH_FINANCE":1226198000,"END_CASH":1397945000,"DIVI_RATIO":null,"DIVIDEND_RATE":null,"CURRENT_RATIO":null,"COMMON_ACS":10000000000,"CURRENTDEBT_DEBT":null,"ISSUED_COMMON_SHARES":1026945000,"HK_COMMON_SHARES":1026945000,"PER_SHARES":1000,"TOTAL_MARKET_CAP":184850100,"HKSK_MARKET_CAP":184850100,"PE_TTM":-0.088909352137,"PB_TTM":0.112923979015,"REPORT_DATE_SQ":"2019-06-30 00:00:00","REPORT_TYPE_SQ":"2019年中报","OPERATE_INCOME_SQ":null,"DPS_HKD":null,"OPERATE_INCOME_QOQ_SQ":0,"NET_PROFIT_RATIO_SQ":null,"HOLDER_PROFIT_SQ":null,"HOLDER_PROFIT_QOQ_SQ":0,"ROE_AVG_SQ":null,"PE_TTM_SQ":-0.040477567978,"PB_TTM_SQ":0.052571575763,"ROA_SQ":null,"START_DATE":"2020-01-01 00:00:00","FISCAL_YEAR":"12-31","CURRENCY":"HKD","IS_CNY_CODE":0,"DPS_HKD_LY":null,"ORG_TYPE":"一般企业","PREMIUM_INCOME":null,"PREMIUM_INCOME_YOY":null,"NET_INTEREST_INCOME":null,"NET_INTEREST_INCOME_YOY":null,"FEE_COMMISSION_INCOME":null,"FEE_COMMISSION_INCOME_YOY":null,"ACCOUNTS_RECE_TDAYS":null,"INVENTORY_TDAYS":null,"CURRENT_ASSETS_TDAYS":0.248996300469,"TOTAL_ASSETS_TDAYS":0.211271170124,"PREMIUM_EXPENSE":null,"LOAN_DEPOSIT":null,"LOAN_EQUITY":null,"LOAN_ASSETS":null,"DEPOSIT_EQUITY":null,"DEPOSIT_ASSETS":null,"EQUITY_MULTIPLIER":null,"EQUITY_RATIO":null}],"count":12},"success":true,"message":"ok","code":0}