{"version":"3fb3d6caf5e441be1ebee66a1b31fc9d","result":{"pages":2,"data":[{"SECUCODE":"06993.HK","SECURITY_CODE":"06993","SECURITY_NAME_ABBR":"蓝月亮集团","ORG_CODE":"10000103447","STD_REPORT_DATE":"2024-06-30 00:00:00","REPORT_DATE":"2024-06-30 00:00:00","DATE_TYPE_CODE":"002","REPORT_TYPE":"2024年中报","PER_NETCASH_OPERATE":-0.094154652924,"PER_OI":0.487420392197,"BPS":1.457105670389,"BASIC_EPS":-0.1095216,"DILUTED_EPS":-0.1095216,"OPERATE_INCOME":2857742545.4,"OPERATE_INCOME_YOY":40.8699763849,"GROSS_PROFIT":1676077495.8,"GROSS_PROFIT_YOY":48.087066475855,"HOLDER_PROFIT":-605786786.6,"HOLDER_PROFIT_YOY":-296.3555911192,"GROSS_PROFIT_RATIO":58.65040216789,"EPS_TTM":-0.026707969635,"OPERATE_INCOME_QOQ":12.18118807812,"NET_PROFIT_RATIO":-21.1980882454,"ROE_AVG":-6.72502154936,"GROSS_PROFIT_QOQ":13.227433236712,"ROA":-5.812474202162,"HOLDER_PROFIT_QOQ":-153.116635493701,"ROE_YEARLY":-13.450043098721,"ROIC_YEARLY":-28.700326980802,"TOTAL_ASSETS":9844164654.64,"TOTAL_LIABILITIES":1301003435.68,"TAX_EBT":18.129250064449,"OCF_SALES":-19.316929375901,"TOTAL_PARENT_EQUITY":8543161218.96,"DEBT_ASSET_RATIO":13.2159861331,"OPERATE_PROFIT":-856582123.8,"PRETAX_PROFIT":-739930667.64,"NETCASH_OPERATE":-552028109.24,"NETCASH_INVEST":1947601621.16,"NETCASH_FINANCE":-370565420.92,"END_CASH":4976298257.36,"DIVI_RATIO":-3.40274462045,"DIVIDEND_RATE":3.14465408805,"CURRENT_RATIO":6.63555942293,"COMMON_ACS":10000000000,"CURRENTDEBT_DEBT":86.263114917403,"ISSUED_COMMON_SHARES":5863103406,"HK_COMMON_SHARES":5863103406,"PER_SHARES":500,"TOTAL_MARKET_CAP":18644668831.08,"HKSK_MARKET_CAP":18644668831.08,"PE_TTM":-109.049731719911,"PB_TTM":1.991840714768,"REPORT_DATE_SQ":"2023-06-30 00:00:00","REPORT_TYPE_SQ":"2023年中报","OPERATE_INCOME_SQ":2049309839.46,"DPS_HKD":0.1,"OPERATE_INCOME_QOQ_SQ":-5.868789254984,"NET_PROFIT_RATIO_SQ":-7.534078634,"HOLDER_PROFIT_SQ":-154396614.76,"HOLDER_PROFIT_QOQ_SQ":-4.959170449622,"ROE_AVG_SQ":-1.603868162769,"PE_TTM_SQ":20.2760173865,"PB_TTM_SQ":1.225256624818,"ROA_SQ":-1.368051214468,"START_DATE":"2024-01-01 00:00:00","FISCAL_YEAR":"12-31","CURRENCY":"HKD","IS_CNY_CODE":0,"DPS_HKD_LY":0.1,"ORG_TYPE":"一般企业","PREMIUM_INCOME":null,"PREMIUM_INCOME_YOY":null,"NET_INTEREST_INCOME":null,"NET_INTEREST_INCOME_YOY":null,"FEE_COMMISSION_INCOME":null,"FEE_COMMISSION_INCOME_YOY":null,"ACCOUNTS_RECE_TDAYS":2.680037660754,"INVENTORY_TDAYS":3.876088046643,"CURRENT_ASSETS_TDAYS":0.353303947708,"TOTAL_ASSETS_TDAYS":0.274198037808,"PREMIUM_EXPENSE":null,"LOAN_DEPOSIT":null,"LOAN_EQUITY":null,"LOAN_ASSETS":null,"DEPOSIT_EQUITY":null,"DEPOSIT_ASSETS":null,"EQUITY_MULTIPLIER":1.152285951574,"EQUITY_RATIO":0.152285951574},{"SECUCODE":"06993.HK","SECURITY_CODE":"06993","SECURITY_NAME_ABBR":"蓝月亮集团","ORG_CODE":"10000103447","STD_REPORT_DATE":"2023-12-31 00:00:00","REPORT_DATE":"2023-12-31 00:00:00","DATE_TYPE_CODE":"001","REPORT_TYPE":"2023年年报","PER_NETCASH_OPERATE":0.115818848581,"PER_OI":1.131969748124,"BPS":1.604218055891,"BASIC_EPS":0.052923248,"DILUTED_EPS":0.052923248,"OPERATE_INCOME":6636731169.04,"OPERATE_INCOME_YOY":-7.8422290015,"GROSS_PROFIT":4114619412.4,"GROSS_PROFIT_YOY":0.235076780402,"HOLDER_PROFIT":294801521.98,"HOLDER_PROFIT_YOY":-46.7898116676,"GROSS_PROFIT_RATIO":61.997680900418,"EPS_TTM":0.050281742033,"OPERATE_INCOME_QOQ":-0.677141210819,"NET_PROFIT_RATIO":4.4419687113,"ROE_AVG":3.03292638579,"GROSS_PROFIT_QOQ":4.732995590076,"ROA":2.62532641153,"HOLDER_PROFIT_QOQ":-43.20168241149,"ROE_YEARLY":3.03292638579,"ROIC_YEARLY":6.674259889064,"TOTAL_ASSETS":10922344327.02,"TOTAL_LIABILITIES":1516647979.56,"TAX_EBT":17.832380673337,"OCF_SALES":10.231620480391,"TOTAL_PARENT_EQUITY":9405696347.46,"DEBT_ASSET_RATIO":13.8857367443,"OPERATE_PROFIT":118202805.7,"PRETAX_PROFIT":358780653.98,"NETCASH_OPERATE":679045145.52,"NETCASH_INVEST":-2743641766.74,"NETCASH_FINANCE":-940296590.66,"END_CASH":3935285724.16,"DIVI_RATIO":1.807423456826,"DIVIDEND_RATE":3.205128205128,"CURRENT_RATIO":6.69591126729,"COMMON_ACS":10000000000,"CURRENTDEBT_DEBT":85.358610610194,"ISSUED_COMMON_SHARES":5863103406,"HK_COMMON_SHARES":5863103406,"PER_SHARES":500,"TOTAL_MARKET_CAP":18292882626.72,"HKSK_MARKET_CAP":18292882626.72,"PE_TTM":-106.992189611988,"PB_TTM":1.954258814489,"REPORT_DATE_SQ":"2022-12-31 00:00:00","REPORT_TYPE_SQ":"2022年年报","OPERATE_INCOME_SQ":7098578186.91,"DPS_HKD":0.1,"OPERATE_INCOME_QOQ_SQ":5.669317136814,"NET_PROFIT_RATIO_SQ":7.6932998756,"HOLDER_PROFIT_SQ":546114906.82,"HOLDER_PROFIT_QOQ_SQ":-26.063902218361,"ROE_AVG_SQ":5.221066029492,"PE_TTM_SQ":21.166184003468,"PB_TTM_SQ":1.279048379078,"ROA_SQ":4.48849641361,"START_DATE":"2023-01-01 00:00:00","FISCAL_YEAR":"12-31","CURRENCY":"HKD","IS_CNY_CODE":0,"DPS_HKD_LY":0.168,"ORG_TYPE":"一般企业","PREMIUM_INCOME":null,"PREMIUM_INCOME_YOY":null,"NET_INTEREST_INCOME":null,"NET_INTEREST_INCOME_YOY":null,"FEE_COMMISSION_INCOME":null,"FEE_COMMISSION_INCOME_YOY":null,"ACCOUNTS_RECE_TDAYS":4.23914496238,"INVENTORY_TDAYS":10.481346740481,"CURRENT_ASSETS_TDAYS":0.734544493132,"TOTAL_ASSETS_TDAYS":0.591027668625,"PREMIUM_EXPENSE":null,"LOAN_DEPOSIT":null,"LOAN_EQUITY":null,"LOAN_ASSETS":null,"DEPOSIT_EQUITY":null,"DEPOSIT_ASSETS":null,"EQUITY_MULTIPLIER":1.161247814466,"EQUITY_RATIO":0.161247814466},{"SECUCODE":"06993.HK","SECURITY_CODE":"06993","SECURITY_NAME_ABBR":"蓝月亮集团","ORG_CODE":"10000103447","STD_REPORT_DATE":"2023-06-30 00:00:00","REPORT_DATE":"2023-06-30 00:00:00","DATE_TYPE_CODE":"002","REPORT_TYPE":"2023年中报","PER_NETCASH_OPERATE":0.027059863914,"PER_OI":0.349539675592,"BPS":1.542553210139,"BASIC_EPS":-0.027751598,"DILUTED_EPS":-0.027751598,"OPERATE_INCOME":2049309839.46,"OPERATE_INCOME_YOY":-22.9147223913,"GROSS_PROFIT":1131818960.08,"GROSS_PROFIT_YOY":-13.476984043908,"HOLDER_PROFIT":-154396614.76,"HOLDER_PROFIT_YOY":-12.4872373583,"GROSS_PROFIT_RATIO":55.229274670259,"EPS_TTM":0.088528499475,"OPERATE_INCOME_QOQ":-5.868789254984,"NET_PROFIT_RATIO":-7.534078634,"ROE_AVG":-1.603868162769,"GROSS_PROFIT_QOQ":-4.294653069295,"ROA":-1.368051214468,"HOLDER_PROFIT_QOQ":-4.959170449622,"ROE_YEARLY":-3.207736325537,"ROIC_YEARLY":-7.366996636368,"TOTAL_ASSETS":10835207611.86,"TOTAL_LIABILITIES":1791058631.56,"TAX_EBT":43.759970177625,"OCF_SALES":7.741571502033,"TOTAL_PARENT_EQUITY":9044148980.3,"DEBT_ASSET_RATIO":16.5299890479,"OPERATE_PROFIT":-397700682.9,"PRETAX_PROFIT":-274531530.74,"NETCASH_OPERATE":158648786.52,"NETCASH_INVEST":-62650384.96,"NETCASH_FINANCE":-34207301.96,"END_CASH":7087174515.86,"DIVI_RATIO":1.026566591984,"DIVIDEND_RATE":3.205128205128,"CURRENT_RATIO":5.241800341002,"COMMON_ACS":10000000000,"CURRENTDEBT_DEBT":90.84623771377,"ISSUED_COMMON_SHARES":5863103406,"HK_COMMON_SHARES":5863103406,"PER_SHARES":500,"TOTAL_MARKET_CAP":18292882626.72,"HKSK_MARKET_CAP":18292882626.72,"PE_TTM":-106.992189611988,"PB_TTM":1.954258814489,"REPORT_DATE_SQ":"2022-06-30 00:00:00","REPORT_TYPE_SQ":"2022年中报","OPERATE_INCOME_SQ":2465910433.35,"DPS_HKD":0.1,"OPERATE_INCOME_QOQ_SQ":8.146374283054,"NET_PROFIT_RATIO_SQ":-5.1629549864,"HOLDER_PROFIT_SQ":-127313845.68,"HOLDER_PROFIT_QOQ_SQ":-10.942405479417,"ROE_AVG_SQ":-1.263910941449,"PE_TTM_SQ":21.166184003468,"PB_TTM_SQ":1.279048379078,"ROA_SQ":-1.072213822795,"START_DATE":"2023-01-01 00:00:00","FISCAL_YEAR":"12-31","CURRENCY":"HKD","IS_CNY_CODE":0,"DPS_HKD_LY":0.168,"ORG_TYPE":"一般企业","PREMIUM_INCOME":null,"PREMIUM_INCOME_YOY":null,"NET_INTEREST_INCOME":null,"NET_INTEREST_INCOME_YOY":null,"FEE_COMMISSION_INCOME":null,"FEE_COMMISSION_INCOME_YOY":null,"ACCOUNTS_RECE_TDAYS":1.511460768594,"INVENTORY_TDAYS":3.204239342879,"CURRENT_ASSETS_TDAYS":0.226513612434,"TOTAL_ASSETS_TDAYS":0.181581754176,"PREMIUM_EXPENSE":null,"LOAN_DEPOSIT":null,"LOAN_EQUITY":null,"LOAN_ASSETS":null,"DEPOSIT_EQUITY":null,"DEPOSIT_ASSETS":null,"EQUITY_MULTIPLIER":1.198035065041,"EQUITY_RATIO":0.198035065042},{"SECUCODE":"06993.HK","SECURITY_CODE":"06993","SECURITY_NAME_ABBR":"蓝月亮集团","ORG_CODE":"10000103447","STD_REPORT_DATE":"2022-12-31 00:00:00","REPORT_DATE":"2022-12-31 00:00:00","DATE_TYPE_CODE":"001","REPORT_TYPE":"2022年年报","PER_NETCASH_OPERATE":0.0854354116,"PER_OI":1.210924022966,"BPS":1.686987505709,"BASIC_EPS":0.097545084,"DILUTED_EPS":0.097098449,"OPERATE_INCOME":7098578186.91,"OPERATE_INCOME_YOY":4.5969446979,"GROSS_PROFIT":4104969582.07,"GROSS_PROFIT_YOY":13.110697077782,"HOLDER_PROFIT":546114906.82,"HOLDER_PROFIT_YOY":-39.7321609006,"GROSS_PROFIT_RATIO":57.828053364823,"EPS_TTM":0.093160016352,"OPERATE_INCOME_QOQ":5.669317136814,"NET_PROFIT_RATIO":7.6932998756,"ROE_AVG":5.221066029492,"GROSS_PROFIT_QOQ":5.545191268722,"ROA":4.48849641361,"HOLDER_PROFIT_QOQ":-26.063902218361,"ROE_YEARLY":5.221066029492,"ROIC_YEARLY":11.864927156863,"TOTAL_ASSETS":11371081450.75,"TOTAL_LIABILITIES":1480099260.15,"TAX_EBT":27.049592092185,"OCF_SALES":7.055389931938,"TOTAL_PARENT_EQUITY":9890982190.6,"DEBT_ASSET_RATIO":13.0163456006,"OPERATE_PROFIT":597498477.03,"PRETAX_PROFIT":748611176.39,"NETCASH_OPERATE":500832370.71,"NETCASH_INVEST":-249060648.13,"NETCASH_FINANCE":-1223076896.51,"END_CASH":6880298729.71,"DIVI_RATIO":0.975530099272,"DIVIDEND_RATE":3.205128205128,"CURRENT_RATIO":7.273708483075,"COMMON_ACS":10000000000,"CURRENTDEBT_DEBT":86.082881447483,"ISSUED_COMMON_SHARES":5863103406,"HK_COMMON_SHARES":5863103406,"PER_SHARES":500,"TOTAL_MARKET_CAP":18292882626.72,"HKSK_MARKET_CAP":18292882626.72,"PE_TTM":-106.992189611988,"PB_TTM":1.954258814489,"REPORT_DATE_SQ":"2021-12-31 00:00:00","REPORT_TYPE_SQ":"2021年年报","OPERATE_INCOME_SQ":6211700465.6,"DPS_HKD":0.1,"OPERATE_INCOME_QOQ_SQ":10.464221491693,"NET_PROFIT_RATIO_SQ":13.3519912718,"HOLDER_PROFIT_SQ":829385704,"HOLDER_PROFIT_QOQ_SQ":5.057556266591,"ROE_AVG_SQ":8.444365510921,"PE_TTM_SQ":21.166184003468,"PB_TTM_SQ":1.279048379078,"ROA_SQ":6.692523501583,"START_DATE":"2022-01-01 00:00:00","FISCAL_YEAR":"12-31","CURRENCY":"HKD","IS_CNY_CODE":0,"DPS_HKD_LY":0.138,"ORG_TYPE":"一般企业","PREMIUM_INCOME":null,"PREMIUM_INCOME_YOY":null,"NET_INTEREST_INCOME":null,"NET_INTEREST_INCOME_YOY":null,"FEE_COMMISSION_INCOME":null,"FEE_COMMISSION_INCOME_YOY":null,"ACCOUNTS_RECE_TDAYS":3.693024401409,"INVENTORY_TDAYS":10.172878330713,"CURRENT_ASSETS_TDAYS":0.704474685974,"TOTAL_ASSETS_TDAYS":0.58342928083,"PREMIUM_EXPENSE":null,"LOAN_DEPOSIT":null,"LOAN_EQUITY":null,"LOAN_ASSETS":null,"DEPOSIT_EQUITY":null,"DEPOSIT_ASSETS":null,"EQUITY_MULTIPLIER":1.149641282497,"EQUITY_RATIO":0.149641282496},{"SECUCODE":"06993.HK","SECURITY_CODE":"06993","SECURITY_NAME_ABBR":"蓝月亮集团","ORG_CODE":"10000103447","STD_REPORT_DATE":"2022-06-30 00:00:00","REPORT_DATE":"2022-06-30 00:00:00","DATE_TYPE_CODE":"002","REPORT_TYPE":"2022年中报","PER_NETCASH_OPERATE":-0.102706252551,"PER_OI":0.420700914435,"BPS":1.635222506505,"BASIC_EPS":-0.022662535,"DILUTED_EPS":-0.022662535,"OPERATE_INCOME":2465910433.35,"OPERATE_INCOME_YOY":22.4192823218,"GROSS_PROFIT":1308113162.23,"GROSS_PROFIT_YOY":24.823058194411,"HOLDER_PROFIT":-127313845.68,"HOLDER_PROFIT_YOY":-238.8305983567,"GROSS_PROFIT_RATIO":53.047878160477,"EPS_TTM":0.126015411977,"OPERATE_INCOME_QOQ":8.146374283054,"NET_PROFIT_RATIO":-5.1629549864,"ROE_AVG":-1.263910941449,"GROSS_PROFIT_QOQ":7.168025106703,"ROA":-1.072213822795,"HOLDER_PROFIT_QOQ":-10.942405479417,"ROE_YEARLY":-2.527821882897,"ROIC_YEARLY":-5.796669189153,"TOTAL_ASSETS":11337554856.88,"TOTAL_LIABILITIES":1750076209.42,"TAX_EBT":11.591999619934,"OCF_SALES":-24.413127955429,"TOTAL_PARENT_EQUITY":9587478647.46,"DEBT_ASSET_RATIO":15.4360991546,"OPERATE_PROFIT":-210251882.26,"PRETAX_PROFIT":-144007154.48,"NETCASH_OPERATE":-602005869.36,"NETCASH_INVEST":-134152800.11,"NETCASH_FINANCE":-203738755.22,"END_CASH":7066005664.62,"DIVI_RATIO":0.72118480251,"DIVIDEND_RATE":3.205128205128,"CURRENT_RATIO":6.030218764396,"COMMON_ACS":10000000000,"CURRENTDEBT_DEBT":87.09056507517,"ISSUED_COMMON_SHARES":5863103406,"HK_COMMON_SHARES":5863103406,"PER_SHARES":500,"TOTAL_MARKET_CAP":18292882626.72,"HKSK_MARKET_CAP":18292882626.72,"PE_TTM":-106.992189611988,"PB_TTM":1.954258814489,"REPORT_DATE_SQ":"2021-06-30 00:00:00","REPORT_TYPE_SQ":"2021年中报","OPERATE_INCOME_SQ":1959882064.08,"DPS_HKD":0.1,"OPERATE_INCOME_QOQ_SQ":-4.502698810997,"NET_PROFIT_RATIO_SQ":-1.8653723931,"HOLDER_PROFIT_SQ":-36559098.96,"HOLDER_PROFIT_QOQ_SQ":-28.364730674267,"ROE_AVG_SQ":-0.359863532462,"PE_TTM_SQ":21.166184003468,"PB_TTM_SQ":1.279048379078,"ROA_SQ":-0.292934619916,"START_DATE":"2022-01-01 00:00:00","FISCAL_YEAR":"12-31","CURRENCY":"HKD","IS_CNY_CODE":0,"DPS_HKD_LY":0.138,"ORG_TYPE":"一般企业","PREMIUM_INCOME":null,"PREMIUM_INCOME_YOY":null,"NET_INTEREST_INCOME":null,"NET_INTEREST_INCOME_YOY":null,"FEE_COMMISSION_INCOME":null,"FEE_COMMISSION_INCOME_YOY":null,"ACCOUNTS_RECE_TDAYS":1.458396871856,"INVENTORY_TDAYS":3.291995589106,"CURRENT_ASSETS_TDAYS":0.251466564526,"TOTAL_ASSETS_TDAYS":0.207674447213,"PREMIUM_EXPENSE":null,"LOAN_DEPOSIT":null,"LOAN_EQUITY":null,"LOAN_ASSETS":null,"DEPOSIT_EQUITY":null,"DEPOSIT_ASSETS":null,"EQUITY_MULTIPLIER":1.182537690436,"EQUITY_RATIO":0.182537690437},{"SECUCODE":"06993.HK","SECURITY_CODE":"06993","SECURITY_NAME_ABBR":"蓝月亮集团","ORG_CODE":"10000103447","STD_REPORT_DATE":"2021-12-31 00:00:00","REPORT_DATE":"2021-12-31 00:00:00","DATE_TYPE_CODE":"001","REPORT_TYPE":"2021年年报","PER_NETCASH_OPERATE":0.198366797592,"PER_OI":1.060094028253,"BPS":1.721687974473,"BASIC_EPS":0.14299824,"DILUTED_EPS":0.14218064,"OPERATE_INCOME":6211700465.6,"OPERATE_INCOME_YOY":8.5920969054,"GROSS_PROFIT":3629161244.8,"GROSS_PROFIT_YOY":-4.469551201286,"HOLDER_PROFIT":829385704,"HOLDER_PROFIT_YOY":-22.5289080358,"GROSS_PROFIT_RATIO":58.424601522531,"EPS_TTM":0.141543662126,"OPERATE_INCOME_QOQ":10.464221491693,"NET_PROFIT_RATIO":13.3519912718,"ROE_AVG":8.444365510921,"GROSS_PROFIT_QOQ":6.015351571456,"ROA":6.692523501583,"HOLDER_PROFIT_QOQ":5.057556266591,"ROE_YEARLY":8.444365510921,"ROIC_YEARLY":19.968559432653,"TOTAL_ASSETS":11864795353.6,"TOTAL_LIABILITIES":1770360726.4,"TAX_EBT":20.188338259858,"OCF_SALES":18.712188947889,"TOTAL_PARENT_EQUITY":10094434627.2,"DEBT_ASSET_RATIO":14.9211231516,"OPERATE_PROFIT":940109184,"PRETAX_PROFIT":1039178593.6,"NETCASH_OPERATE":1162345128,"NETCASH_INVEST":-215140811.2,"NETCASH_FINANCE":-2438115086.4,"END_CASH":7549437145.6,"DIVI_RATIO":0.642066190991,"DIVIDEND_RATE":3.205128205128,"CURRENT_RATIO":6.400538792198,"COMMON_ACS":10000000000,"CURRENTDEBT_DEBT":87.926647128315,"ISSUED_COMMON_SHARES":5863103406,"HK_COMMON_SHARES":5863103406,"PER_SHARES":500,"TOTAL_MARKET_CAP":18292882626.72,"HKSK_MARKET_CAP":18292882626.72,"PE_TTM":-106.992189611988,"PB_TTM":1.954258814489,"REPORT_DATE_SQ":"2020-12-31 00:00:00","REPORT_TYPE_SQ":"2020年年报","OPERATE_INCOME_SQ":5888406330.72,"DPS_HKD":0.1,"OPERATE_INCOME_QOQ_SQ":-4.209945202483,"NET_PROFIT_RATIO_SQ":18.7156356431,"HOLDER_PROFIT_SQ":1102052674.04,"HOLDER_PROFIT_QOQ_SQ":4.816911399309,"ROE_AVG_SQ":18.008059137012,"PE_TTM_SQ":21.166184003468,"PB_TTM_SQ":1.279048379078,"ROA_SQ":12.564016552046,"START_DATE":"2021-01-01 00:00:00","FISCAL_YEAR":"12-31","CURRENCY":"HKD","IS_CNY_CODE":0,"DPS_HKD_LY":0.069,"ORG_TYPE":"一般企业","PREMIUM_INCOME":null,"PREMIUM_INCOME_YOY":null,"NET_INTEREST_INCOME":null,"NET_INTEREST_INCOME_YOY":null,"FEE_COMMISSION_INCOME":null,"FEE_COMMISSION_INCOME_YOY":null,"ACCOUNTS_RECE_TDAYS":3.56070972539,"INVENTORY_TDAYS":7.382196114084,"CURRENT_ASSETS_TDAYS":0.58587487802,"TOTAL_ASSETS_TDAYS":0.501237857734,"PREMIUM_EXPENSE":null,"LOAN_DEPOSIT":null,"LOAN_EQUITY":null,"LOAN_ASSETS":null,"DEPOSIT_EQUITY":null,"DEPOSIT_ASSETS":null,"EQUITY_MULTIPLIER":1.175379879288,"EQUITY_RATIO":0.175379879288},{"SECUCODE":"06993.HK","SECURITY_CODE":"06993","SECURITY_NAME_ABBR":"蓝月亮集团","ORG_CODE":"10000103447","STD_REPORT_DATE":"2021-06-30 00:00:00","REPORT_DATE":"2021-06-30 00:00:00","DATE_TYPE_CODE":"002","REPORT_TYPE":"2021年中报","PER_NETCASH_OPERATE":-0.010138569438,"PER_OI":0.334496814678,"BPS":1.807933336388,"BASIC_EPS":-0.0062406,"DILUTED_EPS":-0.0062406,"OPERATE_INCOME":1959882064.08,"OPERATE_INCOME_YOY":-3.3034220245,"GROSS_PROFIT":1047973973.04,"GROSS_PROFIT_YOY":-26.390314302336,"HOLDER_PROFIT":-36559098.96,"HOLDER_PROFIT_YOY":-114.5393837713,"GROSS_PROFIT_RATIO":53.471277289939,"EPS_TTM":0.134738372961,"OPERATE_INCOME_QOQ":-4.502698810997,"NET_PROFIT_RATIO":-1.8653723931,"ROE_AVG":-0.359863532462,"GROSS_PROFIT_QOQ":-9.88998538167,"ROA":-0.292934619916,"HOLDER_PROFIT_QOQ":-28.364730674267,"ROE_YEARLY":-0.719727064925,"ROIC_YEARLY":-1.916124785135,"TOTAL_ASSETS":11811111830.64,"TOTAL_LIABILITIES":1211011728.24,"TAX_EBT":26.698365031698,"OCF_SALES":-3.030991325893,"TOTAL_PARENT_EQUITY":10600100102.4,"DEBT_ASSET_RATIO":10.2531560585,"OPERATE_PROFIT":-81265925.28,"PRETAX_PROFIT":-49874875.2,"NETCASH_OPERATE":-59403855.36,"NETCASH_INVEST":-79315529.76,"NETCASH_FINANCE":-739384623.84,"END_CASH":8241478645.68,"DIVI_RATIO":0.674495305257,"DIVIDEND_RATE":3.205128205128,"CURRENT_RATIO":9.394959809328,"COMMON_ACS":10000000000,"CURRENTDEBT_DEBT":88.214741896231,"ISSUED_COMMON_SHARES":5863103406,"HK_COMMON_SHARES":5863103406,"PER_SHARES":500,"TOTAL_MARKET_CAP":18292882626.72,"HKSK_MARKET_CAP":18292882626.72,"PE_TTM":-106.992189611988,"PB_TTM":1.954258814489,"REPORT_DATE_SQ":"2020-06-30 00:00:00","REPORT_TYPE_SQ":"2020年中报","OPERATE_INCOME_SQ":2225019265.92,"DPS_HKD":0.1,"OPERATE_INCOME_QOQ_SQ":-2.65969051185,"NET_PROFIT_RATIO_SQ":12.4059678111,"HOLDER_PROFIT_SQ":276035173.92,"HOLDER_PROFIT_QOQ_SQ":8.717615403353,"ROE_AVG_SQ":10.171274839968,"PE_TTM_SQ":21.166184003468,"PB_TTM_SQ":1.279048379078,"ROA_SQ":6.329290096704,"START_DATE":"2021-01-01 00:00:00","FISCAL_YEAR":"12-31","CURRENCY":"HKD","IS_CNY_CODE":0,"DPS_HKD_LY":0.069,"ORG_TYPE":"一般企业","PREMIUM_INCOME":null,"PREMIUM_INCOME_YOY":null,"NET_INTEREST_INCOME":null,"NET_INTEREST_INCOME_YOY":null,"FEE_COMMISSION_INCOME":null,"FEE_COMMISSION_INCOME_YOY":null,"ACCOUNTS_RECE_TDAYS":1.351014751946,"INVENTORY_TDAYS":2.359311627587,"CURRENT_ASSETS_TDAYS":0.182507174391,"TOTAL_ASSETS_TDAYS":0.157038144772,"PREMIUM_EXPENSE":null,"LOAN_DEPOSIT":null,"LOAN_EQUITY":null,"LOAN_ASSETS":null,"DEPOSIT_EQUITY":null,"DEPOSIT_ASSETS":null,"EQUITY_MULTIPLIER":1.114245310567,"EQUITY_RATIO":0.114245310567},{"SECUCODE":"06993.HK","SECURITY_CODE":"06993","SECURITY_NAME_ABBR":"蓝月亮集团","ORG_CODE":"10000103447","STD_REPORT_DATE":"2020-12-31 00:00:00","REPORT_DATE":"2020-12-31 00:00:00","DATE_TYPE_CODE":"001","REPORT_TYPE":"2020年年报","PER_NETCASH_OPERATE":0.191174017757,"PER_OI":1.024582690275,"BPS":1.676563964466,"BASIC_EPS":0.219078892,"DILUTED_EPS":0.218573908,"OPERATE_INCOME":5888406330.72,"OPERATE_INCOME_YOY":-0.7596839957,"GROSS_PROFIT":3798957599.84,"GROSS_PROFIT_YOY":-6.236127267877,"HOLDER_PROFIT":1102052674.04,"HOLDER_PROFIT_YOY":21.2847704325,"GROSS_PROFIT_RATIO":64.515887431557,"EPS_TTM":0.191757163174,"OPERATE_INCOME_QOQ":-4.209945202483,"NET_PROFIT_RATIO":18.7156356431,"ROE_AVG":18.008059137012,"GROSS_PROFIT_QOQ":-5.139214815401,"ROA":12.564016552046,"HOLDER_PROFIT_QOQ":4.816911399309,"ROE_YEARLY":18.008059137012,"ROIC_YEARLY":28.364733968043,"TOTAL_ASSETS":13300552224.68,"TOTAL_LIABILITIES":3470684334.24,"TAX_EBT":25.161418274658,"OCF_SALES":18.658720235186,"TOTAL_PARENT_EQUITY":9829867890.44,"DEBT_ASSET_RATIO":26.0942874823,"OPERATE_PROFIT":1469578345.96,"PRETAX_PROFIT":1472572901.08,"NETCASH_OPERATE":1098701263.56,"NETCASH_INVEST":-223750835.64,"NETCASH_FINANCE":7691306099,"END_CASH":9191630395.8,"DIVI_RATIO":0.473934837666,"DIVIDEND_RATE":3.205128205128,"CURRENT_RATIO":3.476269406367,"COMMON_ACS":10000000000,"CURRENTDEBT_DEBT":95.915286115727,"ISSUED_COMMON_SHARES":5863103406,"HK_COMMON_SHARES":5863103406,"PER_SHARES":500,"TOTAL_MARKET_CAP":18292882626.72,"HKSK_MARKET_CAP":18292882626.72,"PE_TTM":-106.992189611988,"PB_TTM":1.954258814489,"REPORT_DATE_SQ":"2019-12-31 00:00:00","REPORT_TYPE_SQ":"2019年年报","OPERATE_INCOME_SQ":6315163900.9,"DPS_HKD":0.1,"OPERATE_INCOME_QOQ_SQ":6.49385707967,"NET_PROFIT_RATIO_SQ":15.3139226699,"HOLDER_PROFIT_SQ":967099316.26,"HOLDER_PROFIT_QOQ_SQ":99.236921076271,"ROE_AVG_SQ":45.738130027948,"PE_TTM_SQ":21.166184003468,"PB_TTM_SQ":1.279048379078,"ROA_SQ":23.145917101789,"START_DATE":"2020-01-01 00:00:00","FISCAL_YEAR":"12-31","CURRENCY":"HKD","IS_CNY_CODE":0,"DPS_HKD_LY":null,"ORG_TYPE":"一般企业","PREMIUM_INCOME":null,"PREMIUM_INCOME_YOY":null,"NET_INTEREST_INCOME":null,"NET_INTEREST_INCOME_YOY":null,"FEE_COMMISSION_INCOME":null,"FEE_COMMISSION_INCOME_YOY":null,"ACCOUNTS_RECE_TDAYS":3.717164225296,"INVENTORY_TDAYS":5.872163075693,"CURRENT_ASSETS_TDAYS":0.828936207018,"TOTAL_ASSETS_TDAYS":0.671311238991,"PREMIUM_EXPENSE":null,"LOAN_DEPOSIT":null,"LOAN_EQUITY":null,"LOAN_ASSETS":null,"DEPOSIT_EQUITY":null,"DEPOSIT_ASSETS":null,"EQUITY_MULTIPLIER":1.353075379336,"EQUITY_RATIO":0.353075379336},{"SECUCODE":"06993.HK","SECURITY_CODE":"06993","SECURITY_NAME_ABBR":"蓝月亮集团","ORG_CODE":"10000103447","STD_REPORT_DATE":"2020-06-30 00:00:00","REPORT_DATE":"2020-06-30 00:00:00","DATE_TYPE_CODE":"002","REPORT_TYPE":"2020年中报","PER_NETCASH_OPERATE":null,"PER_OI":null,"BPS":0.479692898584,"BASIC_EPS":0.055171776,"DILUTED_EPS":0.055171776,"OPERATE_INCOME":2225019265.92,"OPERATE_INCOME_YOY":-10.457551418,"GROSS_PROFIT":1423690324.32,"GROSS_PROFIT_YOY":-3.185936224386,"HOLDER_PROFIT":276035173.92,"HOLDER_PROFIT_YOY":38.6486263282,"GROSS_PROFIT_RATIO":63.985527951433,"EPS_TTM":null,"OPERATE_INCOME_QOQ":-2.65969051185,"NET_PROFIT_RATIO":12.4059678111,"ROE_AVG":10.171274839968,"GROSS_PROFIT_QOQ":-1.156339208391,"ROA":6.329290096704,"HOLDER_PROFIT_QOQ":8.717615403353,"ROE_YEARLY":20.342549679936,"ROIC_YEARLY":14.912935334125,"TOTAL_ASSETS":4118099916.48,"TOTAL_LIABILITIES":1305610848.96,"TAX_EBT":29.52670794417,"OCF_SALES":21.631221396233,"TOTAL_PARENT_EQUITY":2812489067.52,"DEBT_ASSET_RATIO":31.7042052267,"OPERATE_PROFIT":392205559.68,"PRETAX_PROFIT":391687639.2,"NETCASH_OPERATE":481298843.52,"NETCASH_INVEST":-74179548.96,"NETCASH_FINANCE":-340278322.56,"END_CASH":688224060.48,"DIVI_RATIO":null,"DIVIDEND_RATE":3.205128205128,"CURRENT_RATIO":2.265594562289,"COMMON_ACS":10000000000,"CURRENTDEBT_DEBT":80.305652842513,"ISSUED_COMMON_SHARES":5863103406,"HK_COMMON_SHARES":5863103406,"PER_SHARES":500,"TOTAL_MARKET_CAP":18292882626.72,"HKSK_MARKET_CAP":18292882626.72,"PE_TTM":-106.992189611988,"PB_TTM":1.954258814489,"REPORT_DATE_SQ":"2019-06-30 00:00:00","REPORT_TYPE_SQ":"2019年中报","OPERATE_INCOME_SQ":2392983081,"DPS_HKD":0.1,"OPERATE_INCOME_QOQ_SQ":0,"NET_PROFIT_RATIO_SQ":8.012057272,"HOLDER_PROFIT_SQ":191727174.96,"HOLDER_PROFIT_QOQ_SQ":0,"ROE_AVG_SQ":null,"PE_TTM_SQ":21.166184003468,"PB_TTM_SQ":1.279048379078,"ROA_SQ":null,"START_DATE":"2020-01-01 00:00:00","FISCAL_YEAR":"12-31","CURRENCY":"HKD","IS_CNY_CODE":0,"DPS_HKD_LY":null,"ORG_TYPE":"一般企业","PREMIUM_INCOME":null,"PREMIUM_INCOME_YOY":null,"NET_INTEREST_INCOME":null,"NET_INTEREST_INCOME_YOY":null,"FEE_COMMISSION_INCOME":null,"FEE_COMMISSION_INCOME_YOY":null,"ACCOUNTS_RECE_TDAYS":1.695640415649,"INVENTORY_TDAYS":2.137647786972,"CURRENT_ASSETS_TDAYS":0.850032052412,"TOTAL_ASSETS_TDAYS":0.510181083257,"PREMIUM_EXPENSE":null,"LOAN_DEPOSIT":null,"LOAN_EQUITY":null,"LOAN_ASSETS":null,"DEPOSIT_EQUITY":null,"DEPOSIT_ASSETS":null,"EQUITY_MULTIPLIER":1.46421899521,"EQUITY_RATIO":0.464218995209}],"count":13},"success":true,"message":"ok","code":0}