{"version":"e7133cf4ed77d4ae33a293530c442f5c","result":{"pages":1,"data":[{"SECUCODE":"06990.HK","SECURITY_CODE":"06990","SECURITY_NAME_ABBR":"科伦博泰生物-B","ORG_CODE":"10672651","STD_REPORT_DATE":"2024-06-30 00:00:00","REPORT_DATE":"2024-06-30 00:00:00","DATE_TYPE_CODE":"002","REPORT_TYPE":"2024年中报","PER_NETCASH_OPERATE":-0.309238612596,"PER_OI":6.205194601092,"BPS":14.120709636825,"BASIC_EPS":1.41,"DILUTED_EPS":1.41,"OPERATE_INCOME":1382791000,"OPERATE_INCOME_YOY":32.1694356669,"GROSS_PROFIT":1076690000,"GROSS_PROFIT_YOY":59.353817008555,"HOLDER_PROFIT":310226000,"HOLDER_PROFIT_YOY":1096.549951815,"GROSS_PROFIT_RATIO":77.863538307669,"EPS_TTM":-1.04457780594,"OPERATE_INCOME_QOQ":21.847875972173,"NET_PROFIT_RATIO":22.4347714152,"ROE_AVG":11.202159647367,"GROSS_PROFIT_QOQ":52.823751786455,"ROA":8.447908589417,"HOLDER_PROFIT_QOQ":59.455806484201,"ROE_YEARLY":22.404319294735,"ROIC_YEARLY":33.671037547061,"TOTAL_ASSETS":3834690000,"TOTAL_LIABILITIES":625505000,"TAX_EBT":24.19664215848,"OCF_SALES":-4.983544150924,"TOTAL_PARENT_EQUITY":3209185000,"DEBT_ASSET_RATIO":16.3117487985,"OPERATE_PROFIT":411758000,"PRETAX_PROFIT":409251000,"NETCASH_OPERATE":-68912000,"NETCASH_INVEST":179730000,"NETCASH_FINANCE":470025000,"END_CASH":2130296000,"DIVI_RATIO":null,"DIVIDEND_RATE":null,"CURRENT_RATIO":5.702584642388,"COMMON_ACS":null,"CURRENTDEBT_DEBT":88.531826284362,"ISSUED_COMMON_SHARES":227267969,"HK_COMMON_SHARES":131430783,"PER_SHARES":100,"TOTAL_MARKET_CAP":42749104968.9,"HKSK_MARKET_CAP":24722130282.3,"PE_TTM":-164.497323676026,"PB_TTM":12.157682752168,"REPORT_DATE_SQ":"2023-06-30 00:00:00","REPORT_TYPE_SQ":"2023年中报","OPERATE_INCOME_SQ":1046226000,"DPS_HKD":null,"OPERATE_INCOME_QOQ_SQ":87.225925543547,"NET_PROFIT_RATIO_SQ":-2.9754565457,"HOLDER_PROFIT_SQ":-31130000,"HOLDER_PROFIT_QOQ_SQ":38.911603492296,"ROE_AVG_SQ":1.659648392319,"PE_TTM_SQ":-55.075514499183,"PB_TTM_SQ":-39.325134321961,"ROA_SQ":-1.751449460865,"START_DATE":"2024-01-01 00:00:00","FISCAL_YEAR":"12-31","CURRENCY":"HKD","IS_CNY_CODE":0,"DPS_HKD_LY":null,"ORG_TYPE":"一般企业","PREMIUM_INCOME":null,"PREMIUM_INCOME_YOY":null,"NET_INTEREST_INCOME":null,"NET_INTEREST_INCOME_YOY":null,"FEE_COMMISSION_INCOME":null,"FEE_COMMISSION_INCOME_YOY":null,"ACCOUNTS_RECE_TDAYS":6.705465319552,"INVENTORY_TDAYS":4.939343574518,"CURRENT_ASSETS_TDAYS":0.46360277151,"TOTAL_ASSETS_TDAYS":0.376554252908,"PREMIUM_EXPENSE":null,"LOAN_DEPOSIT":null,"LOAN_EQUITY":null,"LOAN_ASSETS":null,"DEPOSIT_EQUITY":null,"DEPOSIT_ASSETS":null,"EQUITY_MULTIPLIER":1.19491085743,"EQUITY_RATIO":0.19491085743},{"SECUCODE":"06990.HK","SECURITY_CODE":"06990","SECURITY_NAME_ABBR":"科伦博泰生物-B","ORG_CODE":"10672651","STD_REPORT_DATE":"2023-12-31 00:00:00","REPORT_DATE":"2023-12-31 00:00:00","DATE_TYPE_CODE":"001","REPORT_TYPE":"2023年年报","PER_NETCASH_OPERATE":0.271716345781,"PER_OI":7.027940842891,"BPS":10.250001398129,"BASIC_EPS":-2.84,"DILUTED_EPS":-2.84,"OPERATE_INCOME":1540493000,"OPERATE_INCOME_YOY":91.6195752631,"GROSS_PROFIT":759185000,"GROSS_PROFIT_YOY":44.029178247218,"HOLDER_PROFIT":-574134000,"HOLDER_PROFIT_YOY":6.8114053099,"GROSS_PROFIT_RATIO":49.281950648267,"EPS_TTM":-2.619278236183,"OPERATE_INCOME_QOQ":2.346710108021,"NET_PROFIT_RATIO":-37.269497492,"ROE_AVG":128.056438742976,"GROSS_PROFIT_QOQ":-22.284404571307,"ROA":-25.500632925448,"HOLDER_PROFIT_QOQ":-52.547128452433,"ROE_YEARLY":128.056438742976,"ROIC_YEARLY":-39.85428121809,"TOTAL_ASSETS":3509755000,"TOTAL_LIABILITIES":1180258000,"TAX_EBT":-22.758995236181,"OCF_SALES":3.866229836812,"TOTAL_PARENT_EQUITY":2329497000,"DEBT_ASSET_RATIO":33.6279312943,"OPERATE_PROFIT":-383383000,"PRETAX_PROFIT":-467692000,"NETCASH_OPERATE":59559000,"NETCASH_INVEST":-1025417000,"NETCASH_FINANCE":2382281000,"END_CASH":1528774000,"DIVI_RATIO":null,"DIVIDEND_RATE":null,"CURRENT_RATIO":2.529258453123,"COMMON_ACS":null,"CURRENTDEBT_DEBT":94.04757264937,"ISSUED_COMMON_SHARES":227267969,"HK_COMMON_SHARES":131430783,"PER_SHARES":100,"TOTAL_MARKET_CAP":39840074965.7,"HKSK_MARKET_CAP":23039816259.9,"PE_TTM":-153.303460076594,"PB_TTM":11.330365690883,"REPORT_DATE_SQ":"2022-12-31 00:00:00","REPORT_TYPE_SQ":"2022年年报","OPERATE_INCOME_SQ":803933000,"DPS_HKD":null,"OPERATE_INCOME_QOQ_SQ":27.620567038131,"NET_PROFIT_RATIO_SQ":-76.635615157,"HOLDER_PROFIT_SQ":-616099000,"HOLDER_PROFIT_QOQ_SQ":-11.438519697573,"ROE_AVG_SQ":20.99119056802,"PE_TTM_SQ":-53.351036550089,"PB_TTM_SQ":-38.093818961587,"ROA_SQ":-68.224126752461,"START_DATE":"2023-01-01 00:00:00","FISCAL_YEAR":"12-31","CURRENCY":"HKD","IS_CNY_CODE":0,"DPS_HKD_LY":null,"ORG_TYPE":"一般企业","PREMIUM_INCOME":null,"PREMIUM_INCOME_YOY":null,"NET_INTEREST_INCOME":null,"NET_INTEREST_INCOME_YOY":null,"FEE_COMMISSION_INCOME":null,"FEE_COMMISSION_INCOME_YOY":null,"ACCOUNTS_RECE_TDAYS":9.830215046902,"INVENTORY_TDAYS":13.509492685963,"CURRENT_ASSETS_TDAYS":0.981267296069,"TOTAL_ASSETS_TDAYS":0.684222612094,"PREMIUM_EXPENSE":null,"LOAN_DEPOSIT":null,"LOAN_EQUITY":null,"LOAN_ASSETS":null,"DEPOSIT_EQUITY":null,"DEPOSIT_ASSETS":null,"EQUITY_MULTIPLIER":1.506657875068,"EQUITY_RATIO":0.506657875069},{"SECUCODE":"06990.HK","SECURITY_CODE":"06990","SECURITY_NAME_ABBR":"科伦博泰生物-B","ORG_CODE":"10672651","STD_REPORT_DATE":"2023-06-30 00:00:00","REPORT_DATE":"2023-06-30 00:00:00","DATE_TYPE_CODE":"002","REPORT_TYPE":"2023年中报","PER_NETCASH_OPERATE":2.43600120195,"PER_OI":5.410137967035,"BPS":-2.310976783534,"BASIC_EPS":-0.17,"DILUTED_EPS":-0.17,"OPERATE_INCOME":1046226000,"OPERATE_INCOME_YOY":203.2644613726,"GROSS_PROFIT":675660000,"GROSS_PROFIT_YOY":199.111510520654,"HOLDER_PROFIT":-31130000,"HOLDER_PROFIT_YOY":88.5071474984,"GROSS_PROFIT_RATIO":64.580692890446,"EPS_TTM":-1.94622058328,"OPERATE_INCOME_QOQ":87.225925543547,"NET_PROFIT_RATIO":-2.9754565457,"ROE_AVG":1.659648392319,"GROSS_PROFIT_QOQ":85.328539854488,"ROA":-1.751449460865,"HOLDER_PROFIT_QOQ":38.911603492296,"ROE_YEARLY":3.319296784638,"ROIC_YEARLY":-4.331809963928,"TOTAL_ASSETS":2561625000,"TOTAL_LIABILITIES":3086836000,"TAX_EBT":175.417302614047,"OCF_SALES":45.026600371239,"TOTAL_PARENT_EQUITY":-525211000,"DEBT_ASSET_RATIO":120.5030400625,"OPERATE_PROFIT":120009000,"PRETAX_PROFIT":41277000,"NETCASH_OPERATE":471080000,"NETCASH_INVEST":-1031629000,"NETCASH_FINANCE":1044300000,"END_CASH":587261000,"DIVI_RATIO":null,"DIVIDEND_RATE":null,"CURRENT_RATIO":0.629200781888,"COMMON_ACS":null,"CURRENTDEBT_DEBT":98.211825960304,"ISSUED_COMMON_SHARES":227267969,"HK_COMMON_SHARES":131430783,"PER_SHARES":100,"TOTAL_MARKET_CAP":39840074965.7,"HKSK_MARKET_CAP":23039816259.9,"PE_TTM":-153.303460076594,"PB_TTM":11.330365690883,"REPORT_DATE_SQ":"2022-06-30 00:00:00","REPORT_TYPE_SQ":"2022年中报","OPERATE_INCOME_SQ":344988000,"DPS_HKD":null,"OPERATE_INCOME_QOQ_SQ":0,"NET_PROFIT_RATIO_SQ":-78.5140352708,"HOLDER_PROFIT_SQ":-270864000,"HOLDER_PROFIT_QOQ_SQ":0,"ROE_AVG_SQ":null,"PE_TTM_SQ":-53.351036550089,"PB_TTM_SQ":-38.093818961587,"ROA_SQ":null,"START_DATE":"2023-01-01 00:00:00","FISCAL_YEAR":"12-31","CURRENCY":"HKD","IS_CNY_CODE":0,"DPS_HKD_LY":null,"ORG_TYPE":"一般企业","PREMIUM_INCOME":null,"PREMIUM_INCOME_YOY":null,"NET_INTEREST_INCOME":null,"NET_INTEREST_INCOME_YOY":null,"FEE_COMMISSION_INCOME":null,"FEE_COMMISSION_INCOME_YOY":null,"ACCOUNTS_RECE_TDAYS":6.875037374119,"INVENTORY_TDAYS":5.170880776959,"CURRENT_ASSETS_TDAYS":0.934203341779,"TOTAL_ASSETS_TDAYS":0.588632175921,"PREMIUM_EXPENSE":null,"LOAN_DEPOSIT":null,"LOAN_EQUITY":null,"LOAN_ASSETS":null,"DEPOSIT_EQUITY":null,"DEPOSIT_ASSETS":null,"EQUITY_MULTIPLIER":-4.877325493935,"EQUITY_RATIO":-5.877325493944},{"SECUCODE":"06990.HK","SECURITY_CODE":"06990","SECURITY_NAME_ABBR":"科伦博泰生物-B","ORG_CODE":"10672651","STD_REPORT_DATE":"2022-12-31 00:00:00","REPORT_DATE":"2022-12-31 00:00:00","DATE_TYPE_CODE":"001","REPORT_TYPE":"2022年年报","PER_NETCASH_OPERATE":-2.522557511409,"PER_OI":7.487501164199,"BPS":-14.195515602993,"BASIC_EPS":-5.74,"DILUTED_EPS":-5.74,"OPERATE_INCOME":803933000,"OPERATE_INCOME_YOY":2387.2625456346,"GROSS_PROFIT":527105000,"GROSS_PROFIT_YOY":4368.12749003984,"HOLDER_PROFIT":-616099000,"HOLDER_PROFIT_YOY":30.7594445912,"GROSS_PROFIT_RATIO":65.565787198685,"EPS_TTM":-5.73809257707,"OPERATE_INCOME_QOQ":27.620567038131,"NET_PROFIT_RATIO":-76.635615157,"ROE_AVG":20.99119056802,"GROSS_PROFIT_QOQ":18.878792594447,"ROA":-68.224126752461,"HOLDER_PROFIT_QOQ":-11.438519697573,"ROE_YEARLY":20.99119056802,"ROIC_YEARLY":-75.532411806173,"TOTAL_ASSETS":993145000,"TOTAL_LIABILITIES":4219331000,"TAX_EBT":-8.589723704712,"OCF_SALES":-33.69024533139,"TOTAL_PARENT_EQUITY":-3226186000,"DEBT_ASSET_RATIO":424.845415322,"OPERATE_PROFIT":-418550000,"PRETAX_PROFIT":-567364000,"NETCASH_OPERATE":-270847000,"NETCASH_INVEST":-32150000,"NETCASH_FINANCE":313452000,"END_CASH":92960000,"DIVI_RATIO":null,"DIVIDEND_RATE":null,"CURRENT_RATIO":0.079742551701,"COMMON_ACS":null,"CURRENTDEBT_DEBT":98.76828814805,"ISSUED_COMMON_SHARES":227267969,"HK_COMMON_SHARES":131430783,"PER_SHARES":100,"TOTAL_MARKET_CAP":39840074965.7,"HKSK_MARKET_CAP":23039816259.9,"PE_TTM":-153.303460076594,"PB_TTM":11.330365690883,"REPORT_DATE_SQ":"2021-12-31 00:00:00","REPORT_TYPE_SQ":"2021年年报","OPERATE_INCOME_SQ":32322000,"DPS_HKD":null,"OPERATE_INCOME_QOQ_SQ":null,"NET_PROFIT_RATIO_SQ":-2752.9082358765,"HOLDER_PROFIT_SQ":-889795000,"HOLDER_PROFIT_QOQ_SQ":null,"ROE_AVG_SQ":33.654817189546,"PE_TTM_SQ":-53.351036550089,"PB_TTM_SQ":-38.093818961587,"ROA_SQ":-109.451533781573,"START_DATE":"2022-01-01 00:00:00","FISCAL_YEAR":"12-31","CURRENCY":"HKD","IS_CNY_CODE":0,"DPS_HKD_LY":null,"ORG_TYPE":"一般企业","PREMIUM_INCOME":null,"PREMIUM_INCOME_YOY":null,"NET_INTEREST_INCOME":null,"NET_INTEREST_INCOME_YOY":null,"FEE_COMMISSION_INCOME":null,"FEE_COMMISSION_INCOME_YOY":null,"ACCOUNTS_RECE_TDAYS":9.074555264584,"INVENTORY_TDAYS":4.215344555858,"CURRENT_ASSETS_TDAYS":2.549509479796,"TOTAL_ASSETS_TDAYS":0.890240479087,"PREMIUM_EXPENSE":null,"LOAN_DEPOSIT":null,"LOAN_EQUITY":null,"LOAN_ASSETS":null,"DEPOSIT_EQUITY":null,"DEPOSIT_ASSETS":null,"EQUITY_MULTIPLIER":-0.307838729695,"EQUITY_RATIO":-1.307838729695},{"SECUCODE":"06990.HK","SECURITY_CODE":"06990","SECURITY_NAME_ABBR":"科伦博泰生物-B","ORG_CODE":"10672651","STD_REPORT_DATE":"2022-09-30 00:00:00","REPORT_DATE":"2022-09-30 00:00:00","DATE_TYPE_CODE":"004","REPORT_TYPE":"2022年三季报","PER_NETCASH_OPERATE":-0.420750675235,"PER_OI":5.811595417714,"BPS":-12.953215593703,"BASIC_EPS":-2.99,"DILUTED_EPS":-2.99,"OPERATE_INCOME":623991000,"OPERATE_INCOME_YOY":2266.0220680241,"GROSS_PROFIT":441229000,"GROSS_PROFIT_YOY":4482.29307300862,"HOLDER_PROFIT":-321226000,"HOLDER_PROFIT_YOY":51.1934010067,"GROSS_PROFIT_RATIO":70.710795508269,"EPS_TTM":-5.149110552296,"OPERATE_INCOME_QOQ":1848.95117876369,"NET_PROFIT_RATIO":-51.4792681305,"ROE_AVG":11.497534690699,"GROSS_PROFIT_QOQ":3658.55726032042,"ROA":-32.135004111587,"HOLDER_PROFIT_QOQ":37.866587247624,"ROE_YEARLY":15.330046254265,"ROIC_YEARLY":-37.417013928323,"TOTAL_ASSETS":1186270000,"TOTAL_LIABILITIES":4130121000,"TAX_EBT":-17.018385553843,"OCF_SALES":-7.239848010628,"TOTAL_PARENT_EQUITY":-2943851000,"DEBT_ASSET_RATIO":348.1602839151,"OPERATE_PROFIT":-164079000,"PRETAX_PROFIT":-274509000,"NETCASH_OPERATE":-45176000,"NETCASH_INVEST":-172562000,"NETCASH_FINANCE":329649000,"END_CASH":200430000,"DIVI_RATIO":null,"DIVIDEND_RATE":null,"CURRENT_RATIO":0.132035727638,"COMMON_ACS":null,"CURRENTDEBT_DEBT":97.726023039034,"ISSUED_COMMON_SHARES":227267969,"HK_COMMON_SHARES":131430783,"PER_SHARES":100,"TOTAL_MARKET_CAP":39840074965.7,"HKSK_MARKET_CAP":23039816259.9,"PE_TTM":-153.303460076594,"PB_TTM":11.330365690883,"REPORT_DATE_SQ":"2021-09-30 00:00:00","REPORT_TYPE_SQ":"2021年三季报","OPERATE_INCOME_SQ":26373000,"DPS_HKD":null,"OPERATE_INCOME_QOQ_SQ":null,"NET_PROFIT_RATIO_SQ":-2495.5863951769,"HOLDER_PROFIT_SQ":-658161000,"HOLDER_PROFIT_QOQ_SQ":null,"ROE_AVG_SQ":null,"PE_TTM_SQ":-53.351036550089,"PB_TTM_SQ":-38.093818961587,"ROA_SQ":null,"START_DATE":"2022-01-01 00:00:00","FISCAL_YEAR":"12-31","CURRENCY":"HKD","IS_CNY_CODE":0,"DPS_HKD_LY":null,"ORG_TYPE":"一般企业","PREMIUM_INCOME":null,"PREMIUM_INCOME_YOY":null,"NET_INTEREST_INCOME":null,"NET_INTEREST_INCOME_YOY":null,"FEE_COMMISSION_INCOME":null,"FEE_COMMISSION_INCOME_YOY":null,"ACCOUNTS_RECE_TDAYS":7.087102196579,"INVENTORY_TDAYS":2.672975107497,"CURRENT_ASSETS_TDAYS":1.501306444162,"TOTAL_ASSETS_TDAYS":0.624231953534,"PREMIUM_EXPENSE":null,"LOAN_DEPOSIT":null,"LOAN_EQUITY":null,"LOAN_ASSETS":null,"DEPOSIT_EQUITY":null,"DEPOSIT_ASSETS":null,"EQUITY_MULTIPLIER":-0.402965367473,"EQUITY_RATIO":-1.402965367473},{"SECUCODE":"06990.HK","SECURITY_CODE":"06990","SECURITY_NAME_ABBR":"科伦博泰生物-B","ORG_CODE":"10672651","STD_REPORT_DATE":"2022-06-30 00:00:00","REPORT_DATE":"2022-06-30 00:00:00","DATE_TYPE_CODE":"002","REPORT_TYPE":"2022年中报","PER_NETCASH_OPERATE":null,"PER_OI":null,"BPS":null,"BASIC_EPS":-2.52,"DILUTED_EPS":-2.52,"OPERATE_INCOME":344988000,"OPERATE_INCOME_YOY":null,"GROSS_PROFIT":225889000,"GROSS_PROFIT_YOY":null,"HOLDER_PROFIT":-270864000,"HOLDER_PROFIT_YOY":null,"GROSS_PROFIT_RATIO":65.477349936809,"EPS_TTM":-8.287184502189,"OPERATE_INCOME_QOQ":0,"NET_PROFIT_RATIO":-78.5140352708,"ROE_AVG":null,"GROSS_PROFIT_QOQ":0,"ROA":null,"HOLDER_PROFIT_QOQ":0,"ROE_YEARLY":null,"ROIC_YEARLY":null,"TOTAL_ASSETS":null,"TOTAL_LIABILITIES":null,"TAX_EBT":-9.997319753417,"OCF_SALES":-44.940113859033,"TOTAL_PARENT_EQUITY":null,"DEBT_ASSET_RATIO":null,"OPERATE_PROFIT":-173767000,"PRETAX_PROFIT":-246246000,"NETCASH_OPERATE":-155038000,"NETCASH_INVEST":-2714000,"NETCASH_FINANCE":331877000,"END_CASH":258606000,"DIVI_RATIO":null,"DIVIDEND_RATE":null,"CURRENT_RATIO":null,"COMMON_ACS":null,"CURRENTDEBT_DEBT":null,"ISSUED_COMMON_SHARES":227267969,"HK_COMMON_SHARES":131430783,"PER_SHARES":100,"TOTAL_MARKET_CAP":39840074965.7,"HKSK_MARKET_CAP":23039816259.9,"PE_TTM":-153.303460076594,"PB_TTM":11.330365690883,"REPORT_DATE_SQ":"2021-06-30 00:00:00","REPORT_TYPE_SQ":"2021年中报","OPERATE_INCOME_SQ":null,"DPS_HKD":null,"OPERATE_INCOME_QOQ_SQ":null,"NET_PROFIT_RATIO_SQ":null,"HOLDER_PROFIT_SQ":null,"HOLDER_PROFIT_QOQ_SQ":null,"ROE_AVG_SQ":null,"PE_TTM_SQ":-53.351036550089,"PB_TTM_SQ":-38.093818961587,"ROA_SQ":null,"START_DATE":"2022-01-01 00:00:00","FISCAL_YEAR":"12-31","CURRENCY":"HKD","IS_CNY_CODE":0,"DPS_HKD_LY":null,"ORG_TYPE":"一般企业","PREMIUM_INCOME":null,"PREMIUM_INCOME_YOY":null,"NET_INTEREST_INCOME":null,"NET_INTEREST_INCOME_YOY":null,"FEE_COMMISSION_INCOME":null,"FEE_COMMISSION_INCOME_YOY":null,"ACCOUNTS_RECE_TDAYS":null,"INVENTORY_TDAYS":null,"CURRENT_ASSETS_TDAYS":2.312709282331,"TOTAL_ASSETS_TDAYS":0.848722812249,"PREMIUM_EXPENSE":null,"LOAN_DEPOSIT":null,"LOAN_EQUITY":null,"LOAN_ASSETS":null,"DEPOSIT_EQUITY":null,"DEPOSIT_ASSETS":null,"EQUITY_MULTIPLIER":null,"EQUITY_RATIO":null},{"SECUCODE":"06990.HK","SECURITY_CODE":"06990","SECURITY_NAME_ABBR":"科伦博泰生物-B","ORG_CODE":"10672651","STD_REPORT_DATE":"2021-12-31 00:00:00","REPORT_DATE":"2021-12-31 00:00:00","DATE_TYPE_CODE":"001","REPORT_TYPE":"2021年年报","PER_NETCASH_OPERATE":-4.525863835336,"PER_OI":0.301033808326,"BPS":-11.633341960301,"BASIC_EPS":-8.9,"DILUTED_EPS":-8.9,"OPERATE_INCOME":32322000,"OPERATE_INCOME_YOY":null,"GROSS_PROFIT":11797000,"GROSS_PROFIT_YOY":null,"HOLDER_PROFIT":-889795000,"HOLDER_PROFIT_YOY":null,"GROSS_PROFIT_RATIO":36.498360249985,"EPS_TTM":-8.287184502189,"OPERATE_INCOME_QOQ":null,"NET_PROFIT_RATIO":-2752.9082358765,"ROE_AVG":33.654817189546,"GROSS_PROFIT_QOQ":null,"ROA":-109.451533781573,"HOLDER_PROFIT_QOQ":null,"ROE_YEARLY":33.654817189546,"ROIC_YEARLY":-121.695513324626,"TOTAL_ASSETS":812958000,"TOTAL_LIABILITIES":3456844000,"TAX_EBT":null,"OCF_SALES":-1503.44038116453,"TOTAL_PARENT_EQUITY":-2643886000,"DEBT_ASSET_RATIO":425.2180309438,"OPERATE_PROFIT":-777204000,"PRETAX_PROFIT":-889795000,"NETCASH_OPERATE":-485942000,"NETCASH_INVEST":-94384000,"NETCASH_FINANCE":647316000,"END_CASH":81793000,"DIVI_RATIO":null,"DIVIDEND_RATE":null,"CURRENT_RATIO":0.086603323044,"COMMON_ACS":null,"CURRENTDEBT_DEBT":99.654887521682,"ISSUED_COMMON_SHARES":227267969,"HK_COMMON_SHARES":131430783,"PER_SHARES":100,"TOTAL_MARKET_CAP":39840074965.7,"HKSK_MARKET_CAP":23039816259.9,"PE_TTM":-153.303460076594,"PB_TTM":11.330365690883,"REPORT_DATE_SQ":"2020-12-31 00:00:00","REPORT_TYPE_SQ":"2020年年报","OPERATE_INCOME_SQ":null,"DPS_HKD":null,"OPERATE_INCOME_QOQ_SQ":null,"NET_PROFIT_RATIO_SQ":null,"HOLDER_PROFIT_SQ":null,"HOLDER_PROFIT_QOQ_SQ":null,"ROE_AVG_SQ":null,"PE_TTM_SQ":-53.351036550089,"PB_TTM_SQ":-38.093818961587,"ROA_SQ":null,"START_DATE":"2021-01-01 00:00:00","FISCAL_YEAR":"12-31","CURRENCY":"HKD","IS_CNY_CODE":0,"DPS_HKD_LY":null,"ORG_TYPE":"一般企业","PREMIUM_INCOME":null,"PREMIUM_INCOME_YOY":null,"NET_INTEREST_INCOME":null,"NET_INTEREST_INCOME_YOY":null,"FEE_COMMISSION_INCOME":null,"FEE_COMMISSION_INCOME_YOY":null,"ACCOUNTS_RECE_TDAYS":0.411614135626,"INVENTORY_TDAYS":0.260777313327,"CURRENT_ASSETS_TDAYS":0.216678230615,"TOTAL_ASSETS_TDAYS":0.07951702302,"PREMIUM_EXPENSE":null,"LOAN_DEPOSIT":null,"LOAN_EQUITY":null,"LOAN_ASSETS":null,"DEPOSIT_EQUITY":null,"DEPOSIT_ASSETS":null,"EQUITY_MULTIPLIER":-0.307486026251,"EQUITY_RATIO":-1.307486026251},{"SECUCODE":"06990.HK","SECURITY_CODE":"06990","SECURITY_NAME_ABBR":"科伦博泰生物-B","ORG_CODE":"10672651","STD_REPORT_DATE":"2021-09-30 00:00:00","REPORT_DATE":"2021-09-30 00:00:00","DATE_TYPE_CODE":"004","REPORT_TYPE":"2021年三季报","PER_NETCASH_OPERATE":null,"PER_OI":null,"BPS":null,"BASIC_EPS":-6.75,"DILUTED_EPS":-6.75,"OPERATE_INCOME":26373000,"OPERATE_INCOME_YOY":null,"GROSS_PROFIT":9629000,"GROSS_PROFIT_YOY":null,"HOLDER_PROFIT":-658161000,"HOLDER_PROFIT_YOY":null,"GROSS_PROFIT_RATIO":36.510825465438,"EPS_TTM":null,"OPERATE_INCOME_QOQ":null,"NET_PROFIT_RATIO":-2495.5863951769,"ROE_AVG":null,"GROSS_PROFIT_QOQ":null,"ROA":null,"HOLDER_PROFIT_QOQ":null,"ROE_YEARLY":null,"ROIC_YEARLY":null,"TOTAL_ASSETS":null,"TOTAL_LIABILITIES":null,"TAX_EBT":null,"OCF_SALES":-1694.99867288515,"TOTAL_PARENT_EQUITY":null,"DEBT_ASSET_RATIO":null,"OPERATE_PROFIT":-578702000,"PRETAX_PROFIT":-658161000,"NETCASH_OPERATE":-447022000,"NETCASH_INVEST":-131047000,"NETCASH_FINANCE":648111000,"END_CASH":85784000,"DIVI_RATIO":null,"DIVIDEND_RATE":null,"CURRENT_RATIO":null,"COMMON_ACS":null,"CURRENTDEBT_DEBT":null,"ISSUED_COMMON_SHARES":227267969,"HK_COMMON_SHARES":131430783,"PER_SHARES":100,"TOTAL_MARKET_CAP":39840074965.7,"HKSK_MARKET_CAP":23039816259.9,"PE_TTM":-153.303460076594,"PB_TTM":11.330365690883,"REPORT_DATE_SQ":"2020-09-30 00:00:00","REPORT_TYPE_SQ":"2020年三季报","OPERATE_INCOME_SQ":null,"DPS_HKD":null,"OPERATE_INCOME_QOQ_SQ":null,"NET_PROFIT_RATIO_SQ":null,"HOLDER_PROFIT_SQ":null,"HOLDER_PROFIT_QOQ_SQ":null,"ROE_AVG_SQ":null,"PE_TTM_SQ":-53.351036550089,"PB_TTM_SQ":-38.093818961587,"ROA_SQ":null,"START_DATE":"2021-01-01 00:00:00","FISCAL_YEAR":"12-31","CURRENCY":"HKD","IS_CNY_CODE":0,"DPS_HKD_LY":null,"ORG_TYPE":"一般企业","PREMIUM_INCOME":null,"PREMIUM_INCOME_YOY":null,"NET_INTEREST_INCOME":null,"NET_INTEREST_INCOME_YOY":null,"FEE_COMMISSION_INCOME":null,"FEE_COMMISSION_INCOME_YOY":null,"ACCOUNTS_RECE_TDAYS":null,"INVENTORY_TDAYS":null,"CURRENT_ASSETS_TDAYS":null,"TOTAL_ASSETS_TDAYS":null,"PREMIUM_EXPENSE":null,"LOAN_DEPOSIT":null,"LOAN_EQUITY":null,"LOAN_ASSETS":null,"DEPOSIT_EQUITY":null,"DEPOSIT_ASSETS":null,"EQUITY_MULTIPLIER":null,"EQUITY_RATIO":null}],"count":8},"success":true,"message":"ok","code":0}