{"version":"7274873512ab5403d4876b3aebc20652","result":{"pages":10,"data":[{"SECUCODE":"08227.HK","SECURITY_CODE":"08227","SECURITY_NAME_ABBR":"海天天线","ORG_CODE":"10010788","STD_REPORT_DATE":"2024-06-30 00:00:00","REPORT_DATE":"2024-06-30 00:00:00","DATE_TYPE_CODE":"002","REPORT_TYPE":"2024年中报","PER_NETCASH_OPERATE":-0.002104004787,"PER_OI":0.004563068951,"BPS":-0.020558197514,"BASIC_EPS":-0.00291,"DILUTED_EPS":-0.00291,"OPERATE_INCOME":8659011.97,"OPERATE_INCOME_YOY":68.6286844365,"GROSS_PROFIT":3487335.19,"GROSS_PROFIT_YOY":77.825942656019,"HOLDER_PROFIT":-5571820.1,"HOLDER_PROFIT_YOY":53.3155745363,"GROSS_PROFIT_RATIO":40.274054384983,"EPS_TTM":-0.019296095622,"OPERATE_INCOME_QOQ":26.918707712249,"NET_PROFIT_RATIO":-63.6904403078,"ROE_AVG":15.380754532597,"GROSS_PROFIT_QOQ":74.195484761982,"ROA":-10.023872733417,"HOLDER_PROFIT_QOQ":14.805119223222,"ROE_YEARLY":30.761509065194,"ROIC_YEARLY":-21.6778005359,"TOTAL_ASSETS":52606172.58,"TOTAL_LIABILITIES":89119442.66,"TAX_EBT":-0.139682997536,"OCF_SALES":-46.109423498118,"TOTAL_PARENT_EQUITY":-39011831.79,"DEBT_ASSET_RATIO":169.4087181965,"OPERATE_PROFIT":-5352902.38,"PRETAX_PROFIT":-5507270.13,"NETCASH_OPERATE":-3992620.5,"NETCASH_INVEST":475750,"NETCASH_FINANCE":2954584.5,"END_CASH":1185265.79,"DIVI_RATIO":null,"DIVIDEND_RATE":null,"CURRENT_RATIO":0.284583355506,"COMMON_ACS":null,"CURRENTDEBT_DEBT":88.215237341566,"ISSUED_COMMON_SHARES":1897629000,"HK_COMMON_SHARES":645764706,"PER_SHARES":1000,"TOTAL_MARKET_CAP":559800555,"HKSK_MARKET_CAP":190500588.27,"PE_TTM":-13.792361460716,"PB_TTM":-13.096508087281,"REPORT_DATE_SQ":"2023-06-30 00:00:00","REPORT_TYPE_SQ":"2023年中报","OPERATE_INCOME_SQ":5134957.91,"DPS_HKD":null,"OPERATE_INCOME_QOQ_SQ":-21.696560770037,"NET_PROFIT_RATIO_SQ":-233.0049472596,"HOLDER_PROFIT_SQ":-11935072.66,"HOLDER_PROFIT_QOQ_SQ":-4.62304087888,"ROE_AVG_SQ":-334.07852011691,"PE_TTM_SQ":-27.756408281791,"PB_TTM_SQ":-114.032309011127,"ROA_SQ":-13.464260426082,"START_DATE":"2024-01-01 00:00:00","FISCAL_YEAR":"12-31","CURRENCY":"HKD","IS_CNY_CODE":0,"DPS_HKD_LY":null,"ORG_TYPE":"一般企业","PREMIUM_INCOME":null,"PREMIUM_INCOME_YOY":null,"NET_INTEREST_INCOME":null,"NET_INTEREST_INCOME_YOY":null,"FEE_COMMISSION_INCOME":null,"FEE_COMMISSION_INCOME_YOY":null,"ACCOUNTS_RECE_TDAYS":0.972546590369,"INVENTORY_TDAYS":0.49541684269,"CURRENT_ASSETS_TDAYS":0.37724532108,"TOTAL_ASSETS_TDAYS":0.155778241987,"PREMIUM_EXPENSE":null,"LOAN_DEPOSIT":null,"LOAN_EQUITY":null,"LOAN_ASSETS":null,"DEPOSIT_EQUITY":null,"DEPOSIT_ASSETS":null,"EQUITY_MULTIPLIER":-1.440741200794,"EQUITY_RATIO":-2.284420868513},{"SECUCODE":"08227.HK","SECURITY_CODE":"08227","SECURITY_NAME_ABBR":"海天天线","ORG_CODE":"10010788","STD_REPORT_DATE":"2023-12-31 00:00:00","REPORT_DATE":"2023-12-31 00:00:00","DATE_TYPE_CODE":"001","REPORT_TYPE":"2023年年报","PER_NETCASH_OPERATE":-0.003521805991,"PER_OI":0.006898855466,"BPS":-0.017621996549,"BASIC_EPS":-0.0226,"DILUTED_EPS":-0.0226,"OPERATE_INCOME":13091468.2,"OPERATE_INCOME_YOY":-36.2327607354,"GROSS_PROFIT":2057053.02,"GROSS_PROFIT_YOY":-65.171359807402,"HOLDER_PROFIT":-42980083.2,"HOLDER_PROFIT_YOY":-42.6744059683,"GROSS_PROFIT_RATIO":15.712928363528,"EPS_TTM":-0.022649360439,"OPERATE_INCOME_QOQ":10.522939865843,"NET_PROFIT_RATIO":-328.4092963691,"ROE_AVG":359.666868421426,"GROSS_PROFIT_QOQ":-42.796427114104,"ROA":-56.999361129242,"HOLDER_PROFIT_QOQ":-51.845876287355,"ROE_YEARLY":359.666868421426,"ROIC_YEARLY":-60.650028708674,"TOTAL_ASSETS":58564833.84,"TOTAL_LIABILITIES":89563141.07,"TAX_EBT":-0.015440984538,"OCF_SALES":-51.0491342751,"TOTAL_PARENT_EQUITY":-33440011.69,"DEBT_ASSET_RATIO":152.929898708,"OPERATE_PROFIT":-42147466.29,"PRETAX_PROFIT":-42986960.99,"NETCASH_OPERATE":-6683081.18,"NETCASH_INVEST":-438601.21,"NETCASH_FINANCE":6989279.95,"END_CASH":1748760.63,"DIVI_RATIO":null,"DIVIDEND_RATE":null,"CURRENT_RATIO":0.297140400193,"COMMON_ACS":null,"CURRENTDEBT_DEBT":88.429016304933,"ISSUED_COMMON_SHARES":1897629000,"HK_COMMON_SHARES":645764706,"PER_SHARES":1000,"TOTAL_MARKET_CAP":578776845,"HKSK_MARKET_CAP":196958235.33,"PE_TTM":-14.25989913735,"PB_TTM":-13.540457513969,"REPORT_DATE_SQ":"2022-12-31 00:00:00","REPORT_TYPE_SQ":"2022年年报","OPERATE_INCOME_SQ":20530084.65,"DPS_HKD":null,"OPERATE_INCOME_QOQ_SQ":-30.810622191768,"NET_PROFIT_RATIO_SQ":-147.4562914674,"HOLDER_PROFIT_SQ":-30124592.36,"HOLDER_PROFIT_QOQ_SQ":-11.783279172436,"ROE_AVG_SQ":-206.299368701898,"PE_TTM_SQ":-14.481604320934,"PB_TTM_SQ":-59.495117744936,"ROA_SQ":-28.722633287721,"START_DATE":"2023-01-01 00:00:00","FISCAL_YEAR":"12-31","CURRENCY":"HKD","IS_CNY_CODE":0,"DPS_HKD_LY":null,"ORG_TYPE":"一般企业","PREMIUM_INCOME":null,"PREMIUM_INCOME_YOY":null,"NET_INTEREST_INCOME":null,"NET_INTEREST_INCOME_YOY":null,"FEE_COMMISSION_INCOME":null,"FEE_COMMISSION_INCOME_YOY":null,"ACCOUNTS_RECE_TDAYS":1.370782075103,"INVENTORY_TDAYS":0.875669427025,"CURRENT_ASSETS_TDAYS":0.48694729482,"TOTAL_ASSETS_TDAYS":0.173616537728,"PREMIUM_EXPENSE":null,"LOAN_DEPOSIT":null,"LOAN_EQUITY":null,"LOAN_ASSETS":null,"DEPOSIT_EQUITY":null,"DEPOSIT_ASSETS":null,"EQUITY_MULTIPLIER":-1.889291354054,"EQUITY_RATIO":-2.678322660299},{"SECUCODE":"08227.HK","SECURITY_CODE":"08227","SECURITY_NAME_ABBR":"海天天线","ORG_CODE":"10010788","STD_REPORT_DATE":"2023-09-30 00:00:00","REPORT_DATE":"2023-09-30 00:00:00","DATE_TYPE_CODE":"004","REPORT_TYPE":"2023年三季报","PER_NETCASH_OPERATE":-0.003982138795,"PER_OI":0.004194912161,"BPS":-0.003701668445,"BASIC_EPS":-0.00873,"DILUTED_EPS":-0.00873,"OPERATE_INCOME":7960386.97,"OPERATE_INCOME_YOY":-52.1767938441,"GROSS_PROFIT":3007585.43,"GROSS_PROFIT_YOY":-43.442781252277,"HOLDER_PROFIT":-16564464.9,"HOLDER_PROFIT_YOY":9.8973164535,"GROSS_PROFIT_RATIO":37.78189981636,"EPS_TTM":-0.014916019448,"OPERATE_INCOME_QOQ":-14.109717173845,"NET_PROFIT_RATIO":-208.4240417272,"ROE_AVG":-1316.89859432414,"GROSS_PROFIT_QOQ":-8.671238442484,"ROA":-18.990641991399,"HOLDER_PROFIT_QOQ":8.075696547386,"ROE_YEARLY":-1755.86479243219,"ROIC_YEARLY":-20.034583263046,"TOTAL_ASSETS":82204543.14,"TOTAL_LIABILITIES":86800612.03,"TAX_EBT":-0.001677648277,"OCF_SALES":-94.927823087977,"TOTAL_PARENT_EQUITY":-7024393.39,"DEBT_ASSET_RATIO":105.5910156719,"OPERATE_PROFIT":-16291200.92,"PRETAX_PROFIT":-16591081.92,"NETCASH_OPERATE":-7556622.06,"NETCASH_INVEST":-88500,"NETCASH_FINANCE":7471837.18,"END_CASH":1779688.01,"DIVI_RATIO":null,"DIVIDEND_RATE":null,"CURRENT_RATIO":0.340386957819,"COMMON_ACS":null,"CURRENTDEBT_DEBT":99.467636057865,"ISSUED_COMMON_SHARES":1897629000,"HK_COMMON_SHARES":645764706,"PER_SHARES":1000,"TOTAL_MARKET_CAP":578776845,"HKSK_MARKET_CAP":196958235.33,"PE_TTM":-14.25989913735,"PB_TTM":-13.540457513969,"REPORT_DATE_SQ":"2022-09-30 00:00:00","REPORT_TYPE_SQ":"2022年三季报","OPERATE_INCOME_SQ":16645448.12,"DPS_HKD":null,"OPERATE_INCOME_QOQ_SQ":-13.963547166548,"NET_PROFIT_RATIO_SQ":-111.4873488308,"HOLDER_PROFIT_SQ":-18383986.19,"HOLDER_PROFIT_QOQ_SQ":-4.906088359951,"ROE_AVG_SQ":-175.542481807846,"PE_TTM_SQ":-14.481604320934,"PB_TTM_SQ":-59.495117744936,"ROA_SQ":-16.818632176519,"START_DATE":"2023-01-01 00:00:00","FISCAL_YEAR":"12-31","CURRENCY":"HKD","IS_CNY_CODE":0,"DPS_HKD_LY":null,"ORG_TYPE":"一般企业","PREMIUM_INCOME":null,"PREMIUM_INCOME_YOY":null,"NET_INTEREST_INCOME":null,"NET_INTEREST_INCOME_YOY":null,"FEE_COMMISSION_INCOME":null,"FEE_COMMISSION_INCOME_YOY":null,"ACCOUNTS_RECE_TDAYS":0.912951908121,"INVENTORY_TDAYS":0.321723113278,"CURRENT_ASSETS_TDAYS":0.267016901905,"TOTAL_ASSETS_TDAYS":0.091263351984,"PREMIUM_EXPENSE":null,"LOAN_DEPOSIT":null,"LOAN_EQUITY":null,"LOAN_ASSETS":null,"DEPOSIT_EQUITY":null,"DEPOSIT_ASSETS":null,"EQUITY_MULTIPLIER":-17.885837899291,"EQUITY_RATIO":-12.357026039226},{"SECUCODE":"08227.HK","SECURITY_CODE":"08227","SECURITY_NAME_ABBR":"海天天线","ORG_CODE":"10010788","STD_REPORT_DATE":"2023-06-30 00:00:00","REPORT_DATE":"2023-06-30 00:00:00","DATE_TYPE_CODE":"002","REPORT_TYPE":"2023年中报","PER_NETCASH_OPERATE":-0.00366737602,"PER_OI":0.002705986212,"BPS":-0.001262101891,"BASIC_EPS":-0.00629,"DILUTED_EPS":-0.00629,"OPERATE_INCOME":5134957.91,"OPERATE_INCOME_YOY":-56.755209407,"GROSS_PROFIT":1961094.73,"GROSS_PROFIT_YOY":-50.097573742656,"HOLDER_PROFIT":-11935072.66,"HOLDER_PROFIT_YOY":-5.9205481715,"GROSS_PROFIT_RATIO":38.191057538775,"EPS_TTM":-0.016226415527,"OPERATE_INCOME_QOQ":-21.696560770037,"NET_PROFIT_RATIO":-233.0049472596,"ROE_AVG":-334.07852011691,"GROSS_PROFIT_QOQ":-28.007959180744,"ROA":-13.464260426082,"HOLDER_PROFIT_QOQ":-4.62304087888,"ROE_YEARLY":-668.157040233821,"ROIC_YEARLY":-28.311329417069,"TOTAL_ASSETS":85041065.96,"TOTAL_LIABILITIES":85010480.56,"TAX_EBT":-0.002326396286,"OCF_SALES":-135.52825966591,"TOTAL_PARENT_EQUITY":-2395001.15,"DEBT_ASSET_RATIO":99.9640345524,"OPERATE_PROFIT":-11736169.28,"PRETAX_PROFIT":-11964427.63,"NETCASH_OPERATE":-6959319.09,"NETCASH_INVEST":-43500,"NETCASH_FINANCE":6401543.86,"END_CASH":1351565.66,"DIVI_RATIO":null,"DIVIDEND_RATE":null,"CURRENT_RATIO":0.35618371939,"COMMON_ACS":null,"CURRENTDEBT_DEBT":99.184601056912,"ISSUED_COMMON_SHARES":1897629000,"HK_COMMON_SHARES":645764706,"PER_SHARES":1000,"TOTAL_MARKET_CAP":578776845,"HKSK_MARKET_CAP":196958235.33,"PE_TTM":-14.25989913735,"PB_TTM":-13.540457513969,"REPORT_DATE_SQ":"2022-06-30 00:00:00","REPORT_TYPE_SQ":"2022年中报","OPERATE_INCOME_SQ":11874165.28,"DPS_HKD":null,"OPERATE_INCOME_QOQ_SQ":-9.998038650887,"NET_PROFIT_RATIO_SQ":-96.09583841,"HOLDER_PROFIT_SQ":-11267948.35,"HOLDER_PROFIT_QOQ_SQ":0.325077588148,"ROE_AVG_SQ":-80.309297653525,"PE_TTM_SQ":-14.481604320934,"PB_TTM_SQ":-59.495117744936,"ROA_SQ":-9.975419874666,"START_DATE":"2023-01-01 00:00:00","FISCAL_YEAR":"12-31","CURRENCY":"HKD","IS_CNY_CODE":0,"DPS_HKD_LY":null,"ORG_TYPE":"一般企业","PREMIUM_INCOME":null,"PREMIUM_INCOME_YOY":null,"NET_INTEREST_INCOME":null,"NET_INTEREST_INCOME_YOY":null,"FEE_COMMISSION_INCOME":null,"FEE_COMMISSION_INCOME_YOY":null,"ACCOUNTS_RECE_TDAYS":0.513043471098,"INVENTORY_TDAYS":0.213351466059,"CURRENT_ASSETS_TDAYS":0.170402601377,"TOTAL_ASSETS_TDAYS":0.057928772239,"PREMIUM_EXPENSE":null,"LOAN_DEPOSIT":null,"LOAN_EQUITY":null,"LOAN_ASSETS":null,"DEPOSIT_EQUITY":null,"DEPOSIT_ASSETS":null,"EQUITY_MULTIPLIER":2780.44641935762,"EQUITY_RATIO":-35.494964401165},{"SECUCODE":"08227.HK","SECURITY_CODE":"08227","SECURITY_NAME_ABBR":"海天天线","ORG_CODE":"10010788","STD_REPORT_DATE":"2023-03-31 00:00:00","REPORT_DATE":"2023-03-31 00:00:00","DATE_TYPE_CODE":"003","REPORT_TYPE":"2023年一季报","PER_NETCASH_OPERATE":-0.001297709579,"PER_OI":0.00219984869,"BPS":0.002294887652,"BASIC_EPS":-0.00273,"DILUTED_EPS":-0.00273,"OPERATE_INCOME":4174496.67,"OPERATE_INCOME_YOY":-41.1419724406,"GROSS_PROFIT":1789220.09,"GROSS_PROFIT_YOY":-19.627144483468,"HOLDER_PROFIT":-5185226.15,"HOLDER_PROFIT_YOY":11.7965886565,"GROSS_PROFIT_RATIO":42.860738226436,"EPS_TTM":-0.0155094092,"OPERATE_INCOME_QOQ":-14.213229997568,"NET_PROFIT_RATIO":-125.1975407612,"ROE_AVG":-74.634863936397,"GROSS_PROFIT_QOQ":-7.397798878547,"ROA":-5.593056687896,"HOLDER_PROFIT_QOQ":2.302064976391,"ROE_YEARLY":-298.539455745589,"ROIC_YEARLY":-23.575694363908,"TOTAL_ASSETS":93172376.01,"TOTAL_LIABILITIES":86403451.81,"TAX_EBT":0,"OCF_SALES":-58.990856255732,"TOTAL_PARENT_EQUITY":4354845.36,"DEBT_ASSET_RATIO":92.7350525017,"OPERATE_PROFIT":-5133358.51,"PRETAX_PROFIT":-5226367.17,"NETCASH_OPERATE":-2462571.33,"NETCASH_INVEST":0,"NETCASH_FINANCE":2684293.83,"END_CASH":2167689.57,"DIVI_RATIO":null,"DIVIDEND_RATE":null,"CURRENT_RATIO":0.394023833113,"COMMON_ACS":null,"CURRENTDEBT_DEBT":98.877225319501,"ISSUED_COMMON_SHARES":1897629000,"HK_COMMON_SHARES":645764706,"PER_SHARES":1000,"TOTAL_MARKET_CAP":578776845,"HKSK_MARKET_CAP":196958235.33,"PE_TTM":-14.25989913735,"PB_TTM":-13.540457513969,"REPORT_DATE_SQ":"2022-03-31 00:00:00","REPORT_TYPE_SQ":"2022年一季报","OPERATE_INCOME_SQ":7092484.82,"DPS_HKD":null,"OPERATE_INCOME_QOQ_SQ":-1.915987559244,"NET_PROFIT_RATIO_SQ":-83.7045503892,"HOLDER_PROFIT_SQ":-5878713.84,"HOLDER_PROFIT_QOQ_SQ":-13.731130937092,"ROE_AVG_SQ":-35.14861555351,"PE_TTM_SQ":-14.481604320934,"PB_TTM_SQ":-59.495117744936,"ROA_SQ":-5.177706653574,"START_DATE":"2023-01-01 00:00:00","FISCAL_YEAR":"12-31","CURRENCY":"HKD","IS_CNY_CODE":0,"DPS_HKD_LY":null,"ORG_TYPE":"一般企业","PREMIUM_INCOME":null,"PREMIUM_INCOME_YOY":null,"NET_INTEREST_INCOME":null,"NET_INTEREST_INCOME_YOY":null,"FEE_COMMISSION_INCOME":null,"FEE_COMMISSION_INCOME_YOY":null,"ACCOUNTS_RECE_TDAYS":0.375832436594,"INVENTORY_TDAYS":0.164334416736,"CURRENT_ASSETS_TDAYS":0.130659508447,"TOTAL_ASSETS_TDAYS":0.045028308975,"PREMIUM_EXPENSE":null,"LOAN_DEPOSIT":null,"LOAN_EQUITY":null,"LOAN_ASSETS":null,"DEPOSIT_EQUITY":null,"DEPOSIT_ASSETS":null,"EQUITY_MULTIPLIER":13.764724386983,"EQUITY_RATIO":19.840762338803},{"SECUCODE":"08227.HK","SECURITY_CODE":"08227","SECURITY_NAME_ABBR":"海天天线","ORG_CODE":"10010788","STD_REPORT_DATE":"2022-12-31 00:00:00","REPORT_DATE":"2022-12-31 00:00:00","DATE_TYPE_CODE":"001","REPORT_TYPE":"2022年年报","PER_NETCASH_OPERATE":-0.005105679171,"PER_OI":0.010818808445,"BPS":0.005027363889,"BASIC_EPS":-0.0159,"DILUTED_EPS":-0.0159,"OPERATE_INCOME":20530084.65,"OPERATE_INCOME_YOY":-47.45007271,"GROSS_PROFIT":5906211.12,"GROSS_PROFIT_YOY":-52.701867952611,"HOLDER_PROFIT":-30124592.36,"HOLDER_PROFIT_YOY":-32.9360601439,"GROSS_PROFIT_RATIO":28.768566816406,"EPS_TTM":-0.015874858763,"OPERATE_INCOME_QOQ":-30.810622191768,"NET_PROFIT_RATIO":-147.4562914674,"ROE_AVG":-206.299368701898,"GROSS_PROFIT_QOQ":-33.39539541906,"ROA":-28.722633287721,"HOLDER_PROFIT_QOQ":-11.783279172436,"ROE_YEARLY":-206.299368701898,"ROIC_YEARLY":-30.406979112198,"TOTAL_ASSETS":92244165.94,"TOTAL_LIABILITIES":80248874.57,"TAX_EBT":0.030435321678,"OCF_SALES":-47.192620123951,"TOTAL_PARENT_EQUITY":9540071.51,"DEBT_ASSET_RATIO":86.9961517373,"OPERATE_PROFIT":-29440472.8,"PRETAX_PROFIT":-30282117.92,"NETCASH_OPERATE":-9688684.86,"NETCASH_INVEST":-987263.66,"NETCASH_FINANCE":8389740.56,"END_CASH":1950687.43,"DIVI_RATIO":null,"DIVIDEND_RATE":null,"CURRENT_RATIO":0.381119363339,"COMMON_ACS":null,"CURRENTDEBT_DEBT":98.861142657891,"ISSUED_COMMON_SHARES":1897629000,"HK_COMMON_SHARES":645764706,"PER_SHARES":1000,"TOTAL_MARKET_CAP":578776845,"HKSK_MARKET_CAP":196958235.33,"PE_TTM":-14.25989913735,"PB_TTM":-13.540457513969,"REPORT_DATE_SQ":"2021-12-31 00:00:00","REPORT_TYPE_SQ":"2021年年报","OPERATE_INCOME_SQ":39067769.85,"DPS_HKD":null,"OPERATE_INCOME_QOQ_SQ":21.844646454488,"NET_PROFIT_RATIO_SQ":-58.0359685671,"HOLDER_PROFIT_SQ":-22660963.72,"HOLDER_PROFIT_QOQ_SQ":18.573274426322,"ROE_AVG_SQ":-73.111331423961,"PE_TTM_SQ":-14.481604320934,"PB_TTM_SQ":-59.495117744936,"ROA_SQ":-20.25639039755,"START_DATE":"2022-01-01 00:00:00","FISCAL_YEAR":"12-31","CURRENCY":"HKD","IS_CNY_CODE":0,"DPS_HKD_LY":null,"ORG_TYPE":"一般企业","PREMIUM_INCOME":null,"PREMIUM_INCOME_YOY":null,"NET_INTEREST_INCOME":null,"NET_INTEREST_INCOME_YOY":null,"FEE_COMMISSION_INCOME":null,"FEE_COMMISSION_INCOME_YOY":null,"ACCOUNTS_RECE_TDAYS":1.387155494364,"INVENTORY_TDAYS":1.060527074926,"CURRENT_ASSETS_TDAYS":0.582256988837,"TOTAL_ASSETS_TDAYS":0.195746414,"PREMIUM_EXPENSE":null,"LOAN_DEPOSIT":null,"LOAN_EQUITY":null,"LOAN_ASSETS":null,"DEPOSIT_EQUITY":null,"DEPOSIT_ASSETS":null,"EQUITY_MULTIPLIER":7.690031287649,"EQUITY_RATIO":8.411768662937},{"SECUCODE":"08227.HK","SECURITY_CODE":"08227","SECURITY_NAME_ABBR":"海天天线","ORG_CODE":"10010788","STD_REPORT_DATE":"2022-09-30 00:00:00","REPORT_DATE":"2022-09-30 00:00:00","DATE_TYPE_CODE":"004","REPORT_TYPE":"2022年三季报","PER_NETCASH_OPERATE":-0.002224681368,"PER_OI":0.008771708337,"BPS":0.000674883067,"BASIC_EPS":-0.00969,"DILUTED_EPS":-0.00969,"OPERATE_INCOME":16645448.12,"OPERATE_INCOME_YOY":-36.0796241333,"GROSS_PROFIT":5317774.63,"GROSS_PROFIT_YOY":-40.499759714242,"HOLDER_PROFIT":-18383986.19,"HOLDER_PROFIT_YOY":-30.4213066895,"GROSS_PROFIT_RATIO":31.947320322428,"EPS_TTM":-0.014201460971,"OPERATE_INCOME_QOQ":-13.963547166548,"NET_PROFIT_RATIO":-111.4873488308,"ROE_AVG":-175.542481807846,"GROSS_PROFIT_QOQ":-11.034670694552,"ROA":-16.818632176519,"HOLDER_PROFIT_QOQ":-4.906088359951,"ROE_YEARLY":-234.056642410462,"ROIC_YEARLY":-17.780783345188,"TOTAL_ASSETS":101096637.06,"TOTAL_LIABILITIES":97386013.04,"TAX_EBT":-0.052659232444,"OCF_SALES":-25.362007976989,"TOTAL_PARENT_EQUITY":1280677.68,"DEBT_ASSET_RATIO":96.3296266543,"OPERATE_PROFIT":-17913100.02,"PRETAX_PROFIT":-18547801.68,"NETCASH_OPERATE":-4221619.88,"NETCASH_INVEST":-1172116.53,"NETCASH_FINANCE":3395784.67,"END_CASH":2178960.12,"DIVI_RATIO":null,"DIVIDEND_RATE":null,"CURRENT_RATIO":0.338434696054,"COMMON_ACS":null,"CURRENTDEBT_DEBT":96.459558962965,"ISSUED_COMMON_SHARES":1897629000,"HK_COMMON_SHARES":645764706,"PER_SHARES":1000,"TOTAL_MARKET_CAP":578776845,"HKSK_MARKET_CAP":196958235.33,"PE_TTM":-14.25989913735,"PB_TTM":-13.540457513969,"REPORT_DATE_SQ":"2021-09-30 00:00:00","REPORT_TYPE_SQ":"2021年三季报","OPERATE_INCOME_SQ":26040910.89,"DPS_HKD":null,"OPERATE_INCOME_QOQ_SQ":28.503680634318,"NET_PROFIT_RATIO_SQ":-54.2469715429,"HOLDER_PROFIT_SQ":-14095845.73,"HOLDER_PROFIT_QOQ_SQ":8.719447539282,"ROE_AVG_SQ":-39.956810795604,"PE_TTM_SQ":-14.481604320934,"PB_TTM_SQ":-59.495117744936,"ROA_SQ":-12.845149856321,"START_DATE":"2022-01-01 00:00:00","FISCAL_YEAR":"12-31","CURRENCY":"HKD","IS_CNY_CODE":0,"DPS_HKD_LY":null,"ORG_TYPE":"一般企业","PREMIUM_INCOME":null,"PREMIUM_INCOME_YOY":null,"NET_INTEREST_INCOME":null,"NET_INTEREST_INCOME_YOY":null,"FEE_COMMISSION_INCOME":null,"FEE_COMMISSION_INCOME_YOY":null,"ACCOUNTS_RECE_TDAYS":1.04933714544,"INVENTORY_TDAYS":0.852070581038,"CURRENT_ASSETS_TDAYS":0.461893626135,"TOTAL_ASSETS_TDAYS":0.152281266125,"PREMIUM_EXPENSE":null,"LOAN_DEPOSIT":null,"LOAN_EQUITY":null,"LOAN_ASSETS":null,"DEPOSIT_EQUITY":null,"DEPOSIT_ASSETS":null,"EQUITY_MULTIPLIER":27.245184775863,"EQUITY_RATIO":76.042562903103},{"SECUCODE":"08227.HK","SECURITY_CODE":"08227","SECURITY_NAME_ABBR":"海天天线","ORG_CODE":"10010788","STD_REPORT_DATE":"2022-06-30 00:00:00","REPORT_DATE":"2022-06-30 00:00:00","DATE_TYPE_CODE":"002","REPORT_TYPE":"2022年中报","PER_NETCASH_OPERATE":-0.001490036435,"PER_OI":0.006257369212,"BPS":0.0044248457,"BASIC_EPS":-0.00594,"DILUTED_EPS":-0.00594,"OPERATE_INCOME":11874165.28,"OPERATE_INCOME_YOY":-27.8336063088,"GROSS_PROFIT":3929858.48,"GROSS_PROFIT_YOY":-39.068269654335,"HOLDER_PROFIT":-11267948.35,"HOLDER_PROFIT_YOY":-36.7449114167,"GROSS_PROFIT_RATIO":33.095871476702,"EPS_TTM":-0.013537308647,"OPERATE_INCOME_QOQ":-9.998038650887,"NET_PROFIT_RATIO":-96.09583841,"ROE_AVG":-80.309297653525,"GROSS_PROFIT_QOQ":-4.85997272701,"ROA":-9.975419874666,"HOLDER_PROFIT_QOQ":0.325077588148,"ROE_YEARLY":-160.61859530705,"ROIC_YEARLY":-21.195439101301,"TOTAL_ASSETS":108396381.92,"TOTAL_LIABILITIES":97538767.77,"TAX_EBT":-0.085670480186,"OCF_SALES":-23.812506254756,"TOTAL_PARENT_EQUITY":8396715.52,"DEBT_ASSET_RATIO":89.9834164594,"OPERATE_PROFIT":-10995191.72,"PRETAX_PROFIT":-11400811.55,"NETCASH_OPERATE":-2827536.35,"NETCASH_INVEST":-443436.2,"NETCASH_FINANCE":2719695.41,"END_CASH":3657598.7,"DIVI_RATIO":null,"DIVIDEND_RATE":null,"CURRENT_RATIO":0.390781679193,"COMMON_ACS":null,"CURRENTDEBT_DEBT":96.431006286435,"ISSUED_COMMON_SHARES":1897629000,"HK_COMMON_SHARES":645764706,"PER_SHARES":1000,"TOTAL_MARKET_CAP":578776845,"HKSK_MARKET_CAP":196958235.33,"PE_TTM":-14.25989913735,"PB_TTM":-13.540457513969,"REPORT_DATE_SQ":"2021-06-30 00:00:00","REPORT_TYPE_SQ":"2021年中报","OPERATE_INCOME_SQ":16453870.94,"DPS_HKD":null,"OPERATE_INCOME_QOQ_SQ":36.781992515497,"NET_PROFIT_RATIO_SQ":-51.129102876,"HOLDER_PROFIT_SQ":-8240122.6,"HOLDER_PROFIT_QOQ_SQ":5.914539225142,"ROE_AVG_SQ":-21.567858823118,"PE_TTM_SQ":-14.481604320934,"PB_TTM_SQ":-59.495117744936,"ROA_SQ":-7.551294116995,"START_DATE":"2022-01-01 00:00:00","FISCAL_YEAR":"12-31","CURRENCY":"HKD","IS_CNY_CODE":0,"DPS_HKD_LY":null,"ORG_TYPE":"一般企业","PREMIUM_INCOME":null,"PREMIUM_INCOME_YOY":null,"NET_INTEREST_INCOME":null,"NET_INTEREST_INCOME_YOY":null,"FEE_COMMISSION_INCOME":null,"FEE_COMMISSION_INCOME_YOY":null,"ACCOUNTS_RECE_TDAYS":0.644225912115,"INVENTORY_TDAYS":0.621068199003,"CURRENT_ASSETS_TDAYS":0.308264199418,"TOTAL_ASSETS_TDAYS":0.105120986226,"PREMIUM_EXPENSE":null,"LOAN_DEPOSIT":null,"LOAN_EQUITY":null,"LOAN_ASSETS":null,"DEPOSIT_EQUITY":null,"DEPOSIT_ASSETS":null,"EQUITY_MULTIPLIER":9.98344391525,"EQUITY_RATIO":11.616300151848},{"SECUCODE":"08227.HK","SECURITY_CODE":"08227","SECURITY_NAME_ABBR":"海天天线","ORG_CODE":"10010788","STD_REPORT_DATE":"2022-03-31 00:00:00","REPORT_DATE":"2022-03-31 00:00:00","DATE_TYPE_CODE":"003","REPORT_TYPE":"2022年一季报","PER_NETCASH_OPERATE":-0.000737384515,"PER_OI":0.003737550817,"BPS":0.007264828915,"BASIC_EPS":-0.0031,"DILUTED_EPS":-0.0031,"OPERATE_INCOME":7092484.82,"OPERATE_INCOME_YOY":-9.5463824844,"GROSS_PROFIT":2226149.71,"GROSS_PROFIT_YOY":-47.456071993539,"HOLDER_PROFIT":-5878713.84,"HOLDER_PROFIT_YOY":-112.449801548,"GROSS_PROFIT_RATIO":31.387444125682,"EPS_TTM":-0.013581458926,"OPERATE_INCOME_QOQ":-1.915987559244,"NET_PROFIT_RATIO":-83.7045503892,"ROE_AVG":-35.14861555351,"GROSS_PROFIT_QOQ":-16.101214740066,"ROA":-5.177706653574,"HOLDER_PROFIT_QOQ":-13.731130937092,"ROE_YEARLY":-140.59446221404,"ROIC_YEARLY":-21.922774003654,"TOTAL_ASSETS":109560017.58,"TOTAL_LIABILITIES":93228557.28,"TAX_EBT":-0.156620497446,"OCF_SALES":-19.729083325694,"TOTAL_PARENT_EQUITY":13785950.03,"DEBT_ASSET_RATIO":85.0935946701,"OPERATE_PROFIT":-5731461.14,"PRETAX_PROFIT":-5927448.93,"NETCASH_OPERATE":-1399282.24,"NETCASH_INVEST":-326900,"NETCASH_FINANCE":372062.67,"END_CASH":2850530.97,"DIVI_RATIO":null,"DIVIDEND_RATE":null,"CURRENT_RATIO":0.391087408501,"COMMON_ACS":null,"CURRENTDEBT_DEBT":96.269943801065,"ISSUED_COMMON_SHARES":1897629000,"HK_COMMON_SHARES":645764706,"PER_SHARES":1000,"TOTAL_MARKET_CAP":578776845,"HKSK_MARKET_CAP":196958235.33,"PE_TTM":-14.25989913735,"PB_TTM":-13.540457513969,"REPORT_DATE_SQ":"2021-03-31 00:00:00","REPORT_TYPE_SQ":"2021年一季报","OPERATE_INCOME_SQ":7841018.43,"DPS_HKD":null,"OPERATE_INCOME_QOQ_SQ":49.79969494429,"NET_PROFIT_RATIO_SQ":-35.5797336138,"HOLDER_PROFIT_SQ":-2767107.24,"HOLDER_PROFIT_QOQ_SQ":5.227826497137,"ROE_AVG_SQ":-6.758590788604,"PE_TTM_SQ":-14.481604320934,"PB_TTM_SQ":-59.495117744936,"ROA_SQ":-2.484774306343,"START_DATE":"2022-01-01 00:00:00","FISCAL_YEAR":"12-31","CURRENCY":"HKD","IS_CNY_CODE":0,"DPS_HKD_LY":null,"ORG_TYPE":"一般企业","PREMIUM_INCOME":null,"PREMIUM_INCOME_YOY":null,"NET_INTEREST_INCOME":null,"NET_INTEREST_INCOME_YOY":null,"FEE_COMMISSION_INCOME":null,"FEE_COMMISSION_INCOME_YOY":null,"ACCOUNTS_RECE_TDAYS":0.416494214595,"INVENTORY_TDAYS":0.370283096166,"CURRENT_ASSETS_TDAYS":0.188170972255,"TOTAL_ASSETS_TDAYS":0.062467415224,"PREMIUM_EXPENSE":null,"LOAN_DEPOSIT":null,"LOAN_EQUITY":null,"LOAN_ASSETS":null,"DEPOSIT_EQUITY":null,"DEPOSIT_ASSETS":null,"EQUITY_MULTIPLIER":6.708525481956,"EQUITY_RATIO":6.762577629915}],"count":85},"success":true,"message":"ok","code":0}