{"version":"0cd3607c0e5c17462899514c20e2518d","result":{"pages":4,"data":[{"SECUCODE":"08403.HK","SECURITY_CODE":"08403","SECURITY_NAME_ABBR":"天平道合","ORG_CODE":"10740562","STD_REPORT_DATE":"2024-06-30 00:00:00","REPORT_DATE":"2024-06-30 00:00:00","DATE_TYPE_CODE":"002","REPORT_TYPE":"2024年中报","PER_NETCASH_OPERATE":-0.074088709677,"PER_OI":0.471096774194,"BPS":0.093165354331,"BASIC_EPS":0.0367,"DILUTED_EPS":null,"OPERATE_INCOME":58416000,"OPERATE_INCOME_YOY":12.6134983517,"GROSS_PROFIT":6839000,"GROSS_PROFIT_YOY":565.272373540856,"HOLDER_PROFIT":4540000,"HOLDER_PROFIT_YOY":149.3424627758,"GROSS_PROFIT_RATIO":11.707408929061,"EPS_TTM":-0.025620967742,"OPERATE_INCOME_QOQ":5.571070960271,"NET_PROFIT_RATIO":7.7855382087,"ROE_AVG":58.934250665282,"GROSS_PROFIT_QOQ":99.129989764585,"ROA":3.809907437711,"HOLDER_PROFIT_QOQ":81.221184537179,"ROE_YEARLY":117.868501330564,"ROIC_YEARLY":8.458235135211,"TOTAL_ASSETS":129400000,"TOTAL_LIABILITIES":117560000,"TAX_EBT":25,"OCF_SALES":-15.726855655985,"TOTAL_PARENT_EQUITY":11832000,"DEBT_ASSET_RATIO":90.8500772798,"OPERATE_PROFIT":6402000,"PRETAX_PROFIT":6064000,"NETCASH_OPERATE":-9187000,"NETCASH_INVEST":15000,"NETCASH_FINANCE":7867000,"END_CASH":11177000,"DIVI_RATIO":null,"DIVIDEND_RATE":null,"CURRENT_RATIO":1.087532472001,"COMMON_ACS":1000000000,"CURRENTDEBT_DEBT":98.889077917659,"ISSUED_COMMON_SHARES":127000000,"HK_COMMON_SHARES":127000000,"PER_SHARES":4000,"TOTAL_MARKET_CAP":105410000,"HKSK_MARKET_CAP":105410000,"PE_TTM":-28.375796384081,"PB_TTM":8.130966768087,"REPORT_DATE_SQ":"2023-06-30 00:00:00","REPORT_TYPE_SQ":"2023年中报","OPERATE_INCOME_SQ":51873000,"DPS_HKD":null,"OPERATE_INCOME_QOQ_SQ":-0.126201061236,"NET_PROFIT_RATIO_SQ":-17.7375513273,"HOLDER_PROFIT_SQ":-9201000,"HOLDER_PROFIT_QOQ_SQ":-0.504876952764,"ROE_AVG_SQ":-55.080966206711,"PE_TTM_SQ":-1.400648686545,"PB_TTM_SQ":6.353284128021,"ROA_SQ":-7.059906773321,"START_DATE":"2024-01-01 00:00:00","FISCAL_YEAR":"12-31","CURRENCY":"HKD","IS_CNY_CODE":0,"DPS_HKD_LY":null,"ORG_TYPE":"一般企业","PREMIUM_INCOME":null,"PREMIUM_INCOME_YOY":null,"NET_INTEREST_INCOME":null,"NET_INTEREST_INCOME_YOY":null,"FEE_COMMISSION_INCOME":null,"FEE_COMMISSION_INCOME_YOY":null,"ACCOUNTS_RECE_TDAYS":2.046166240499,"INVENTORY_TDAYS":null,"CURRENT_ASSETS_TDAYS":0.504068548352,"TOTAL_ASSETS_TDAYS":0.490219279474,"PREMIUM_EXPENSE":null,"LOAN_DEPOSIT":null,"LOAN_EQUITY":null,"LOAN_ASSETS":null,"DEPOSIT_EQUITY":null,"DEPOSIT_ASSETS":null,"EQUITY_MULTIPLIER":10.929054054111,"EQUITY_RATIO":9.935767410412},{"SECUCODE":"08403.HK","SECURITY_CODE":"08403","SECURITY_NAME_ABBR":"天平道合","ORG_CODE":"10740562","STD_REPORT_DATE":"2023-12-31 00:00:00","REPORT_DATE":"2023-12-31 00:00:00","DATE_TYPE_CODE":"001","REPORT_TYPE":"2023年年报","PER_NETCASH_OPERATE":0.017616666667,"PER_OI":0.978716666667,"BPS":0.028149606299,"BASIC_EPS":-0.141,"DILUTED_EPS":-0.141,"OPERATE_INCOME":117446000,"OPERATE_INCOME_YOY":-33.6957749023,"GROSS_PROFIT":5862000,"GROSS_PROFIT_YOY":8.938858948151,"HOLDER_PROFIT":-16918000,"HOLDER_PROFIT_YOY":53.5908267954,"GROSS_PROFIT_RATIO":4.991230012091,"EPS_TTM":-0.140983333333,"OPERATE_INCOME_QOQ":-21.450260169344,"NET_PROFIT_RATIO":-14.4049180049,"ROE_AVG":-140.585009140768,"GROSS_PROFIT_QOQ":109.431939978564,"ROA":-13.754639284219,"HOLDER_PROFIT_QOQ":58.526181604236,"ROE_YEARLY":-140.585009140768,"ROIC_YEARLY":-14.755764106634,"TOTAL_ASSETS":108926000,"TOTAL_LIABILITIES":105351000,"TAX_EBT":5.512426696454,"OCF_SALES":1.799976159256,"TOTAL_PARENT_EQUITY":3575000,"DEBT_ASSET_RATIO":96.7179553091,"OPERATE_PROFIT":-17328000,"PRETAX_PROFIT":-17905000,"NETCASH_OPERATE":2114000,"NETCASH_INVEST":2000,"NETCASH_FINANCE":5860000,"END_CASH":12439000,"DIVI_RATIO":null,"DIVIDEND_RATE":null,"CURRENT_RATIO":1.018888727695,"COMMON_ACS":1000000000,"CURRENTDEBT_DEBT":98.143349374947,"ISSUED_COMMON_SHARES":127000000,"HK_COMMON_SHARES":127000000,"PER_SHARES":4000,"TOTAL_MARKET_CAP":93980000,"HKSK_MARKET_CAP":93980000,"PE_TTM":-25.298902800265,"PB_TTM":7.249295672752,"REPORT_DATE_SQ":"2022-12-31 00:00:00","REPORT_TYPE_SQ":"2022年年报","OPERATE_INCOME_SQ":177132000,"DPS_HKD":null,"OPERATE_INCOME_QOQ_SQ":13.694101940345,"NET_PROFIT_RATIO_SQ":-20.8697468555,"HOLDER_PROFIT_SQ":-36454000,"HOLDER_PROFIT_QOQ_SQ":-103.428351309707,"ROE_AVG_SQ":-102.573565116053,"PE_TTM_SQ":-1.400648686545,"PB_TTM_SQ":6.353284128021,"ROA_SQ":-25.857287247623,"START_DATE":"2023-01-01 00:00:00","FISCAL_YEAR":"12-31","CURRENCY":"HKD","IS_CNY_CODE":0,"DPS_HKD_LY":null,"ORG_TYPE":"一般企业","PREMIUM_INCOME":null,"PREMIUM_INCOME_YOY":null,"NET_INTEREST_INCOME":null,"NET_INTEREST_INCOME_YOY":null,"FEE_COMMISSION_INCOME":null,"FEE_COMMISSION_INCOME_YOY":null,"ACCOUNTS_RECE_TDAYS":2.711846404286,"INVENTORY_TDAYS":null,"CURRENT_ASSETS_TDAYS":1.001488000068,"TOTAL_ASSETS_TDAYS":0.954857173055,"PREMIUM_EXPENSE":null,"LOAN_DEPOSIT":null,"LOAN_EQUITY":null,"LOAN_ASSETS":null,"DEPOSIT_EQUITY":null,"DEPOSIT_ASSETS":null,"EQUITY_MULTIPLIER":30.468811188728,"EQUITY_RATIO":29.468811188811},{"SECUCODE":"08403.HK","SECURITY_CODE":"08403","SECURITY_NAME_ABBR":"天平道合","ORG_CODE":"10740562","STD_REPORT_DATE":"2023-09-30 00:00:00","REPORT_DATE":"2023-09-30 00:00:00","DATE_TYPE_CODE":"004","REPORT_TYPE":"2023年三季报","PER_NETCASH_OPERATE":0.044408333333,"PER_OI":0.610025,"BPS":0.072330708661,"BASIC_EPS":-0.1078,"DILUTED_EPS":-0.1078,"OPERATE_INCOME":73203000,"OPERATE_INCOME_YOY":-27.3902218872,"GROSS_PROFIT":1756000,"GROSS_PROFIT_YOY":-59.520516366989,"HOLDER_PROFIT":-12931000,"HOLDER_PROFIT_YOY":-42.0052712497,"GROSS_PROFIT_RATIO":2.398808791989,"EPS_TTM":-0.339933333333,"OPERATE_INCOME_QOQ":-14.121937911031,"NET_PROFIT_RATIO":-17.6645765884,"ROE_AVG":-87.139054550356,"GROSS_PROFIT_QOQ":-54.66472303207,"ROA":-10.395154126589,"HOLDER_PROFIT_QOQ":-7.285255904476,"ROE_YEARLY":-116.185406067141,"ROIC_YEARLY":-11.221855324762,"TOTAL_ASSETS":111718000,"TOTAL_LIABILITIES":102532000,"TAX_EBT":-0.100634773185,"OCF_SALES":7.279756294141,"TOTAL_PARENT_EQUITY":9186000,"DEBT_ASSET_RATIO":91.7775112336,"OPERATE_PROFIT":-12443000,"PRETAX_PROFIT":-12918000,"NETCASH_OPERATE":5329000,"NETCASH_INVEST":-4000,"NETCASH_FINANCE":4319000,"END_CASH":14077000,"DIVI_RATIO":null,"DIVIDEND_RATE":null,"CURRENT_RATIO":1.065845702331,"COMMON_ACS":1000000000,"CURRENTDEBT_DEBT":98.366363671829,"ISSUED_COMMON_SHARES":127000000,"HK_COMMON_SHARES":127000000,"PER_SHARES":4000,"TOTAL_MARKET_CAP":93980000,"HKSK_MARKET_CAP":93980000,"PE_TTM":-25.298902800265,"PB_TTM":7.249295672752,"REPORT_DATE_SQ":"2022-09-30 00:00:00","REPORT_TYPE_SQ":"2022年三季报","OPERATE_INCOME_SQ":100817000,"DPS_HKD":null,"OPERATE_INCOME_QOQ_SQ":-4.970539079941,"NET_PROFIT_RATIO_SQ":-9.0322068699,"HOLDER_PROFIT_SQ":-9106000,"HOLDER_PROFIT_QOQ_SQ":-13.923891919002,"ROE_AVG_SQ":-18.260573124511,"PE_TTM_SQ":-1.400648686545,"PB_TTM_SQ":6.353284128021,"ROA_SQ":-6.168519954884,"START_DATE":"2023-01-01 00:00:00","FISCAL_YEAR":"12-31","CURRENCY":"HKD","IS_CNY_CODE":0,"DPS_HKD_LY":null,"ORG_TYPE":"一般企业","PREMIUM_INCOME":null,"PREMIUM_INCOME_YOY":null,"NET_INTEREST_INCOME":null,"NET_INTEREST_INCOME_YOY":null,"FEE_COMMISSION_INCOME":null,"FEE_COMMISSION_INCOME_YOY":null,"ACCOUNTS_RECE_TDAYS":2.036301427022,"INVENTORY_TDAYS":null,"CURRENT_ASSETS_TDAYS":0.618548077045,"TOTAL_ASSETS_TDAYS":0.588474570821,"PREMIUM_EXPENSE":null,"LOAN_DEPOSIT":null,"LOAN_EQUITY":null,"LOAN_ASSETS":null,"DEPOSIT_EQUITY":null,"DEPOSIT_ASSETS":null,"EQUITY_MULTIPLIER":12.161767907624,"EQUITY_RATIO":11.161767907686},{"SECUCODE":"08403.HK","SECURITY_CODE":"08403","SECURITY_NAME_ABBR":"天平道合","ORG_CODE":"10740562","STD_REPORT_DATE":"2023-06-30 00:00:00","REPORT_DATE":"2023-06-30 00:00:00","DATE_TYPE_CODE":"002","REPORT_TYPE":"2023年中报","PER_NETCASH_OPERATE":0.012233333333,"PER_OI":0.432275,"BPS":0.101700787402,"BASIC_EPS":-0.0767,"DILUTED_EPS":null,"OPERATE_INCOME":51873000,"OPERATE_INCOME_YOY":-5.5136612022,"GROSS_PROFIT":1028000,"GROSS_PROFIT_YOY":337.446808510638,"HOLDER_PROFIT":-9201000,"HOLDER_PROFIT_YOY":-12.9511416646,"GROSS_PROFIT_RATIO":1.981763152314,"EPS_TTM":-0.31685,"OPERATE_INCOME_QOQ":-0.126201061236,"NET_PROFIT_RATIO":-17.7375513273,"ROE_AVG":-55.080966206711,"GROSS_PROFIT_QOQ":4.80393821083,"ROA":-7.059906773321,"HOLDER_PROFIT_QOQ":-0.504876952764,"ROE_YEARLY":-110.161932413422,"ROIC_YEARLY":-14.627748366481,"TOTAL_ASSETS":123584000,"TOTAL_LIABILITIES":110668000,"TAX_EBT":-0.141488898563,"OCF_SALES":2.829988626068,"TOTAL_PARENT_EQUITY":12916000,"DEBT_ASSET_RATIO":89.5488089073,"OPERATE_PROFIT":-8913000,"PRETAX_PROFIT":-9188000,"NETCASH_OPERATE":1468000,"NETCASH_INVEST":-1000,"NETCASH_FINANCE":-1128000,"END_CASH":4800000,"DIVI_RATIO":null,"DIVIDEND_RATE":null,"CURRENT_RATIO":1.08881367311,"COMMON_ACS":1000000000,"CURRENTDEBT_DEBT":96.908772183468,"ISSUED_COMMON_SHARES":127000000,"HK_COMMON_SHARES":127000000,"PER_SHARES":4000,"TOTAL_MARKET_CAP":93980000,"HKSK_MARKET_CAP":93980000,"PE_TTM":-25.298902800265,"PB_TTM":7.249295672752,"REPORT_DATE_SQ":"2022-06-30 00:00:00","REPORT_TYPE_SQ":"2022年中报","OPERATE_INCOME_SQ":54900000,"DPS_HKD":null,"OPERATE_INCOME_QOQ_SQ":3.763947873088,"NET_PROFIT_RATIO_SQ":-14.8378870674,"HOLDER_PROFIT_SQ":-8146000,"HOLDER_PROFIT_QOQ_SQ":-88.992890995261,"ROE_AVG_SQ":-16.179712793215,"PE_TTM_SQ":-1.400648686545,"PB_TTM_SQ":6.353284128021,"ROA_SQ":-5.597855964816,"START_DATE":"2023-01-01 00:00:00","FISCAL_YEAR":"12-31","CURRENCY":"HKD","IS_CNY_CODE":0,"DPS_HKD_LY":null,"ORG_TYPE":"一般企业","PREMIUM_INCOME":null,"PREMIUM_INCOME_YOY":null,"NET_INTEREST_INCOME":null,"NET_INTEREST_INCOME_YOY":null,"FEE_COMMISSION_INCOME":null,"FEE_COMMISSION_INCOME_YOY":null,"ACCOUNTS_RECE_TDAYS":1.76802603998,"INVENTORY_TDAYS":null,"CURRENT_ASSETS_TDAYS":0.421788288673,"TOTAL_ASSETS_TDAYS":0.398020371756,"PREMIUM_EXPENSE":null,"LOAN_DEPOSIT":null,"LOAN_EQUITY":null,"LOAN_ASSETS":null,"DEPOSIT_EQUITY":null,"DEPOSIT_ASSETS":null,"EQUITY_MULTIPLIER":9.568287395477,"EQUITY_RATIO":8.568287395478},{"SECUCODE":"08403.HK","SECURITY_CODE":"08403","SECURITY_NAME_ABBR":"天平道合","ORG_CODE":"10740562","STD_REPORT_DATE":"2023-03-31 00:00:00","REPORT_DATE":"2023-03-31 00:00:00","DATE_TYPE_CODE":"003","REPORT_TYPE":"2023年一季报","PER_NETCASH_OPERATE":0.063866666667,"PER_OI":0.060475,"BPS":0.138866141732,"BASIC_EPS":-0.0391,"DILUTED_EPS":null,"OPERATE_INCOME":7257000,"OPERATE_INCOME_YOY":-27.8914944356,"GROSS_PROFIT":-371000,"GROSS_PROFIT_YOY":57.88876276958,"HOLDER_PROFIT":-4481000,"HOLDER_PROFIT_YOY":-23.8871993365,"GROSS_PROFIT_RATIO":-5.112305360342,"EPS_TTM":-0.315258333333,"OPERATE_INCOME_QOQ":-1.584693900594,"NET_PROFIT_RATIO":-61.7472784897,"ROE_AVG":-23.504419208477,"GROSS_PROFIT_QOQ":9.477792231927,"ROA":-3.764929276295,"HOLDER_PROFIT_QOQ":-2.337219682419,"ROE_YEARLY":-94.017676833906,"ROIC_YEARLY":-16.083558411026,"TOTAL_ASSETS":100968000,"TOTAL_LIABILITIES":83332000,"TAX_EBT":-0.022321428571,"OCF_SALES":105.608378117679,"TOTAL_PARENT_EQUITY":17636000,"DEBT_ASSET_RATIO":82.5330797877,"OPERATE_PROFIT":-4320000,"PRETAX_PROFIT":-4480000,"NETCASH_OPERATE":7664000,"NETCASH_INVEST":-2000,"NETCASH_FINANCE":-1084000,"END_CASH":10902000,"DIVI_RATIO":null,"DIVIDEND_RATE":null,"CURRENT_RATIO":1.179532082698,"COMMON_ACS":1000000000,"CURRENTDEBT_DEBT":95.249123985984,"ISSUED_COMMON_SHARES":127000000,"HK_COMMON_SHARES":127000000,"PER_SHARES":4000,"TOTAL_MARKET_CAP":93980000,"HKSK_MARKET_CAP":93980000,"PE_TTM":-25.298902800265,"PB_TTM":7.249295672752,"REPORT_DATE_SQ":"2022-03-31 00:00:00","REPORT_TYPE_SQ":"2022年一季报","OPERATE_INCOME_SQ":10064000,"DPS_HKD":null,"OPERATE_INCOME_QOQ_SQ":-7.068158290984,"NET_PROFIT_RATIO_SQ":-35.9399841017,"HOLDER_PROFIT_SQ":-3617000,"HOLDER_PROFIT_QOQ_SQ":-10.312377466998,"ROE_AVG_SQ":-7.511317855215,"PE_TTM_SQ":-1.400648686545,"PB_TTM_SQ":6.353284128021,"ROA_SQ":-2.626534020768,"START_DATE":"2023-01-01 00:00:00","FISCAL_YEAR":"12-31","CURRENCY":"HKD","IS_CNY_CODE":0,"DPS_HKD_LY":null,"ORG_TYPE":"一般企业","PREMIUM_INCOME":null,"PREMIUM_INCOME_YOY":null,"NET_INTEREST_INCOME":null,"NET_INTEREST_INCOME_YOY":null,"FEE_COMMISSION_INCOME":null,"FEE_COMMISSION_INCOME_YOY":null,"ACCOUNTS_RECE_TDAYS":0.23002313861,"INVENTORY_TDAYS":null,"CURRENT_ASSETS_TDAYS":0.065138364046,"TOTAL_ASSETS_TDAYS":0.06097320187,"PREMIUM_EXPENSE":null,"LOAN_DEPOSIT":null,"LOAN_EQUITY":null,"LOAN_ASSETS":null,"DEPOSIT_EQUITY":null,"DEPOSIT_ASSETS":null,"EQUITY_MULTIPLIER":5.725107734195,"EQUITY_RATIO":4.72510773418},{"SECUCODE":"08403.HK","SECURITY_CODE":"08403","SECURITY_NAME_ABBR":"天平道合","ORG_CODE":"10740562","STD_REPORT_DATE":"2022-12-31 00:00:00","REPORT_DATE":"2022-12-31 00:00:00","DATE_TYPE_CODE":"001","REPORT_TYPE":"2022年年报","PER_NETCASH_OPERATE":-0.069891666667,"PER_OI":1.4761,"BPS":0.174149606299,"BASIC_EPS":-0.3182,"DILUTED_EPS":-0.3182,"OPERATE_INCOME":177132000,"OPERATE_INCOME_YOY":4.1854884246,"GROSS_PROFIT":5381000,"GROSS_PROFIT_YOY":-62.399552791559,"HOLDER_PROFIT":-36454000,"HOLDER_PROFIT_YOY":-383.1655992681,"GROSS_PROFIT_RATIO":3.037847480975,"EPS_TTM":-0.308058333333,"OPERATE_INCOME_QOQ":13.694101940345,"NET_PROFIT_RATIO":-20.8697468555,"ROE_AVG":-102.573565116053,"GROSS_PROFIT_QOQ":5.571905042182,"ROA":-25.857287247623,"HOLDER_PROFIT_QOQ":-103.428351309707,"ROE_YEARLY":-102.573565116053,"ROIC_YEARLY":-26.878640035482,"TOTAL_ASSETS":137071000,"TOTAL_LIABILITIES":116578000,"TAX_EBT":1.363710157476,"OCF_SALES":-4.734886976944,"TOTAL_PARENT_EQUITY":20493000,"DEBT_ASSET_RATIO":83.8645665385,"OPERATE_PROFIT":-36256000,"PRETAX_PROFIT":-36958000,"NETCASH_OPERATE":-8387000,"NETCASH_INVEST":3000,"NETCASH_FINANCE":6451000,"END_CASH":4251000,"DIVI_RATIO":null,"DIVIDEND_RATE":null,"CURRENT_RATIO":1.169397175959,"COMMON_ACS":1000000000,"CURRENTDEBT_DEBT":94.769167424385,"ISSUED_COMMON_SHARES":127000000,"HK_COMMON_SHARES":127000000,"PER_SHARES":4000,"TOTAL_MARKET_CAP":93980000,"HKSK_MARKET_CAP":93980000,"PE_TTM":-25.298902800265,"PB_TTM":7.249295672752,"REPORT_DATE_SQ":"2021-12-31 00:00:00","REPORT_TYPE_SQ":"2021年年报","OPERATE_INCOME_SQ":170016000,"DPS_HKD":null,"OPERATE_INCOME_QOQ_SQ":-4.529374108557,"NET_PROFIT_RATIO_SQ":-4.5001646904,"HOLDER_PROFIT_SQ":-7651000,"HOLDER_PROFIT_QOQ_SQ":8.151260504202,"ROE_AVG_SQ":-14.384147545144,"PE_TTM_SQ":-1.400648686545,"PB_TTM_SQ":6.353284128021,"ROA_SQ":-5.572570512937,"START_DATE":"2022-01-01 00:00:00","FISCAL_YEAR":"12-31","CURRENCY":"HKD","IS_CNY_CODE":0,"DPS_HKD_LY":null,"ORG_TYPE":"一般企业","PREMIUM_INCOME":null,"PREMIUM_INCOME_YOY":null,"NET_INTEREST_INCOME":null,"NET_INTEREST_INCOME_YOY":null,"FEE_COMMISSION_INCOME":null,"FEE_COMMISSION_INCOME_YOY":null,"ACCOUNTS_RECE_TDAYS":3.656918709677,"INVENTORY_TDAYS":null,"CURRENT_ASSETS_TDAYS":1.329824811655,"TOTAL_ASSETS_TDAYS":1.238984230461,"PREMIUM_EXPENSE":null,"LOAN_DEPOSIT":null,"LOAN_EQUITY":null,"LOAN_ASSETS":null,"DEPOSIT_EQUITY":null,"DEPOSIT_ASSETS":null,"EQUITY_MULTIPLIER":6.197540353571,"EQUITY_RATIO":5.688674181428},{"SECUCODE":"08403.HK","SECURITY_CODE":"08403","SECURITY_NAME_ABBR":"天平道合","ORG_CODE":"10740562","STD_REPORT_DATE":"2022-09-30 00:00:00","REPORT_DATE":"2022-09-30 00:00:00","DATE_TYPE_CODE":"004","REPORT_TYPE":"2022年三季报","PER_NETCASH_OPERATE":-0.1043,"PER_OI":0.840141666667,"BPS":0.391905511811,"BASIC_EPS":-0.0807,"DILUTED_EPS":-0.0807,"OPERATE_INCOME":100817000,"OPERATE_INCOME_YOY":-12.3604784589,"GROSS_PROFIT":4338000,"GROSS_PROFIT_YOY":-67.989964580874,"HOLDER_PROFIT":-9106000,"HOLDER_PROFIT_YOY":-743.5335689046,"GROSS_PROFIT_RATIO":4.302845750221,"EPS_TTM":-0.151433333333,"OPERATE_INCOME_QOQ":-4.970539079941,"NET_PROFIT_RATIO":-9.0322068699,"ROE_AVG":-18.260573124511,"GROSS_PROFIT_QOQ":-23.80026909852,"ROA":-6.168519954884,"HOLDER_PROFIT_QOQ":-13.923891919002,"ROE_YEARLY":-24.347430832682,"ROIC_YEARLY":-6.40073103012,"TOTAL_ASSETS":146381000,"TOTAL_LIABILITIES":96609000,"TAX_EBT":-0.209089908661,"OCF_SALES":-12.414572939088,"TOTAL_PARENT_EQUITY":49772000,"DEBT_ASSET_RATIO":65.998319454,"OPERATE_PROFIT":-8563000,"PRETAX_PROFIT":-9087000,"NETCASH_OPERATE":-12516000,"NETCASH_INVEST":8000,"NETCASH_FINANCE":9934000,"END_CASH":4097000,"DIVI_RATIO":null,"DIVIDEND_RATE":null,"CURRENT_RATIO":1.463564808244,"COMMON_ACS":1000000000,"CURRENTDEBT_DEBT":94.816217950709,"ISSUED_COMMON_SHARES":127000000,"HK_COMMON_SHARES":127000000,"PER_SHARES":4000,"TOTAL_MARKET_CAP":93980000,"HKSK_MARKET_CAP":93980000,"PE_TTM":-25.298902800265,"PB_TTM":7.249295672752,"REPORT_DATE_SQ":"2021-09-30 00:00:00","REPORT_TYPE_SQ":"2021年三季报","OPERATE_INCOME_SQ":115036000,"DPS_HKD":null,"OPERATE_INCOME_QOQ_SQ":9.234666650309,"NET_PROFIT_RATIO_SQ":1.2300497236,"HOLDER_PROFIT_SQ":1415000,"HOLDER_PROFIT_QOQ_SQ":43.371855880354,"ROE_AVG_SQ":2.476959029522,"PE_TTM_SQ":-1.400648686545,"PB_TTM_SQ":6.353284128021,"ROA_SQ":1.094853800265,"START_DATE":"2022-01-01 00:00:00","FISCAL_YEAR":"12-31","CURRENCY":"HKD","IS_CNY_CODE":0,"DPS_HKD_LY":null,"ORG_TYPE":"一般企业","PREMIUM_INCOME":null,"PREMIUM_INCOME_YOY":null,"NET_INTEREST_INCOME":null,"NET_INTEREST_INCOME_YOY":null,"FEE_COMMISSION_INCOME":null,"FEE_COMMISSION_INCOME_YOY":null,"ACCOUNTS_RECE_TDAYS":2.764647004785,"INVENTORY_TDAYS":null,"CURRENT_ASSETS_TDAYS":0.743301826976,"TOTAL_ASSETS_TDAYS":0.682947151649,"PREMIUM_EXPENSE":null,"LOAN_DEPOSIT":null,"LOAN_EQUITY":null,"LOAN_ASSETS":null,"DEPOSIT_EQUITY":null,"DEPOSIT_ASSETS":null,"EQUITY_MULTIPLIER":2.941031101822,"EQUITY_RATIO":1.941031101824},{"SECUCODE":"08403.HK","SECURITY_CODE":"08403","SECURITY_NAME_ABBR":"天平道合","ORG_CODE":"10740562","STD_REPORT_DATE":"2022-06-30 00:00:00","REPORT_DATE":"2022-06-30 00:00:00","DATE_TYPE_CODE":"002","REPORT_TYPE":"2022年中报","PER_NETCASH_OPERATE":-0.081066666667,"PER_OI":0.4575,"BPS":0.399464566929,"BASIC_EPS":-0.0746,"DILUTED_EPS":null,"OPERATE_INCOME":54900000,"OPERATE_INCOME_YOY":-9.9557159259,"GROSS_PROFIT":235000,"GROSS_PROFIT_YOY":-97.009036527937,"HOLDER_PROFIT":-8146000,"HOLDER_PROFIT_YOY":-5389.6103896104,"GROSS_PROFIT_RATIO":0.428051001821,"EPS_TTM":-0.132925,"OPERATE_INCOME_QOQ":3.763947873088,"NET_PROFIT_RATIO":-14.8378870674,"ROE_AVG":-16.179712793215,"GROSS_PROFIT_QOQ":-47.201831241613,"ROA":-5.597855964816,"HOLDER_PROFIT_QOQ":-88.992890995261,"ROE_YEARLY":-32.35942558643,"ROIC_YEARLY":-11.694025940468,"TOTAL_ASSETS":142180000,"TOTAL_LIABILITIES":91448000,"TAX_EBT":-0.098304251659,"OCF_SALES":-17.719489981785,"TOTAL_PARENT_EQUITY":50732000,"DEBT_ASSET_RATIO":64.3184695456,"OPERATE_PROFIT":-7786000,"PRETAX_PROFIT":-8138000,"NETCASH_OPERATE":-9728000,"NETCASH_INVEST":6000,"NETCASH_FINANCE":9020000,"END_CASH":5788000,"DIVI_RATIO":null,"DIVIDEND_RATE":null,"CURRENT_RATIO":1.481880600489,"COMMON_ACS":1000000000,"CURRENTDEBT_DEBT":93.965969731432,"ISSUED_COMMON_SHARES":127000000,"HK_COMMON_SHARES":127000000,"PER_SHARES":4000,"TOTAL_MARKET_CAP":93980000,"HKSK_MARKET_CAP":93980000,"PE_TTM":-25.298902800265,"PB_TTM":7.249295672752,"REPORT_DATE_SQ":"2021-06-30 00:00:00","REPORT_TYPE_SQ":"2021年中报","OPERATE_INCOME_SQ":60970000,"DPS_HKD":null,"OPERATE_INCOME_QOQ_SQ":5.398346231179,"NET_PROFIT_RATIO_SQ":0.2525832377,"HOLDER_PROFIT_SQ":154000,"HOLDER_PROFIT_QOQ_SQ":18.975488846048,"ROE_AVG_SQ":0.27258325737,"PE_TTM_SQ":-1.400648686545,"PB_TTM_SQ":6.353284128021,"ROA_SQ":0.126700480886,"START_DATE":"2022-01-01 00:00:00","FISCAL_YEAR":"12-31","CURRENCY":"HKD","IS_CNY_CODE":0,"DPS_HKD_LY":null,"ORG_TYPE":"一般企业","PREMIUM_INCOME":null,"PREMIUM_INCOME_YOY":null,"NET_INTEREST_INCOME":null,"NET_INTEREST_INCOME_YOY":null,"FEE_COMMISSION_INCOME":null,"FEE_COMMISSION_INCOME_YOY":null,"ACCOUNTS_RECE_TDAYS":1.575774971297,"INVENTORY_TDAYS":null,"CURRENT_ASSETS_TDAYS":0.41505696638,"TOTAL_ASSETS_TDAYS":0.377267729522,"PREMIUM_EXPENSE":null,"LOAN_DEPOSIT":null,"LOAN_EQUITY":null,"LOAN_ASSETS":null,"DEPOSIT_EQUITY":null,"DEPOSIT_ASSETS":null,"EQUITY_MULTIPLIER":2.802570369783,"EQUITY_RATIO":1.802570369786},{"SECUCODE":"08403.HK","SECURITY_CODE":"08403","SECURITY_NAME_ABBR":"天平道合","ORG_CODE":"10740562","STD_REPORT_DATE":"2022-03-31 00:00:00","REPORT_DATE":"2022-03-31 00:00:00","DATE_TYPE_CODE":"003","REPORT_TYPE":"2022年一季报","PER_NETCASH_OPERATE":0.02863,"PER_OI":0.10064,"BPS":0.364929133858,"BASIC_EPS":-0.0316,"DILUTED_EPS":null,"OPERATE_INCOME":10064000,"OPERATE_INCOME_YOY":-54.4223540601,"GROSS_PROFIT":-881000,"GROSS_PROFIT_YOY":-215.768725361367,"HOLDER_PROFIT":-3617000,"HOLDER_PROFIT_YOY":-27.8995756719,"GROSS_PROFIT_RATIO":-8.753974562798,"EPS_TTM":-0.0844,"OPERATE_INCOME_QOQ":-7.068158290984,"NET_PROFIT_RATIO":-35.9399841017,"ROE_AVG":-7.511317855215,"GROSS_PROFIT_QOQ":-11.473691565928,"ROA":-2.626534020768,"HOLDER_PROFIT_QOQ":-10.312377466998,"ROE_YEARLY":-30.045271420858,"ROIC_YEARLY":-11.153640081563,"TOTAL_ASSETS":126560000,"TOTAL_LIABILITIES":80214000,"TAX_EBT":-0.055325034578,"OCF_SALES":28.447933227345,"TOTAL_PARENT_EQUITY":46346000,"DEBT_ASSET_RATIO":63.3802149178,"OPERATE_PROFIT":-3438000,"PRETAX_PROFIT":-3615000,"NETCASH_OPERATE":2863000,"NETCASH_INVEST":2000,"NETCASH_FINANCE":-87000,"END_CASH":9375000,"DIVI_RATIO":null,"DIVIDEND_RATE":null,"CURRENT_RATIO":1.569495363382,"COMMON_ACS":1000000000,"CURRENTDEBT_DEBT":92.492582342235,"ISSUED_COMMON_SHARES":127000000,"HK_COMMON_SHARES":127000000,"PER_SHARES":4000,"TOTAL_MARKET_CAP":93980000,"HKSK_MARKET_CAP":93980000,"PE_TTM":-25.298902800265,"PB_TTM":7.249295672752,"REPORT_DATE_SQ":"2021-03-31 00:00:00","REPORT_TYPE_SQ":"2021年一季报","OPERATE_INCOME_SQ":22081000,"DPS_HKD":null,"OPERATE_INCOME_QOQ_SQ":7.290900767171,"NET_PROFIT_RATIO_SQ":-12.8073909696,"HOLDER_PROFIT_SQ":-2828000,"HOLDER_PROFIT_QOQ_SQ":-1.799932712796,"ROE_AVG_SQ":-5.141350786292,"PE_TTM_SQ":-1.400648686545,"PB_TTM_SQ":6.353284128021,"ROA_SQ":-2.608182388313,"START_DATE":"2022-01-01 00:00:00","FISCAL_YEAR":"12-31","CURRENCY":"HKD","IS_CNY_CODE":0,"DPS_HKD_LY":null,"ORG_TYPE":"一般企业","PREMIUM_INCOME":null,"PREMIUM_INCOME_YOY":null,"NET_INTEREST_INCOME":null,"NET_INTEREST_INCOME_YOY":null,"FEE_COMMISSION_INCOME":null,"FEE_COMMISSION_INCOME_YOY":null,"ACCOUNTS_RECE_TDAYS":0.281577437992,"INVENTORY_TDAYS":null,"CURRENT_ASSETS_TDAYS":0.079354065477,"TOTAL_ASSETS_TDAYS":0.073081112483,"PREMIUM_EXPENSE":null,"LOAN_DEPOSIT":null,"LOAN_EQUITY":null,"LOAN_ASSETS":null,"DEPOSIT_EQUITY":null,"DEPOSIT_ASSETS":null,"EQUITY_MULTIPLIER":2.730764251498,"EQUITY_RATIO":1.7307642515}],"count":31},"success":true,"message":"ok","code":0}