{"version":"6ed4d30eec759141b3a58697b4f3ed84","result":{"pages":1,"data":[{"SECUCODE":"08529.HK","SECURITY_CODE":"08529","SECURITY_NAME_ABBR":"优博控股","ORG_CODE":"10000339496","STD_REPORT_DATE":"2024-06-30 00:00:00","REPORT_DATE":"2024-06-30 00:00:00","DATE_TYPE_CODE":"002","REPORT_TYPE":"2024年中报","PER_NETCASH_OPERATE":-0.013621637698,"PER_OI":0.14177615641,"BPS":0.153321335805,"BASIC_EPS":-0.02190432,"DILUTED_EPS":null,"OPERATE_INCOME":72660280.16,"OPERATE_INCOME_YOY":-16.3880020165,"GROSS_PROFIT":25496628.48,"GROSS_PROFIT_YOY":-26.5199682756,"HOLDER_PROFIT":-8634865.48,"HOLDER_PROFIT_YOY":-357.933478735,"GROSS_PROFIT_RATIO":35.090187408933,"EPS_TTM":-0.014538832702,"OPERATE_INCOME_QOQ":-8.833395321065,"NET_PROFIT_RATIO":-11.8838868512,"ROE_AVG":-12.830910274493,"GROSS_PROFIT_QOQ":-14.107203649988,"ROA":-4.480255338091,"HOLDER_PROFIT_QOQ":-263.204302243253,"ROE_YEARLY":-25.661820548986,"ROIC_YEARLY":-9.762716761515,"TOTAL_ASSETS":198417544.68,"TOTAL_LIABILITIES":119840360.08,"TAX_EBT":-20.861011752683,"OCF_SALES":-9.607848063106,"TOTAL_PARENT_EQUITY":78577184.6,"DEBT_ASSET_RATIO":60.3980662462,"OPERATE_PROFIT":-5045295.04,"PRETAX_PROFIT":-7144459.04,"NETCASH_OPERATE":-6981089.32,"NETCASH_INVEST":-3775757.16,"NETCASH_FINANCE":40479183.36,"END_CASH":30694341.08,"DIVI_RATIO":null,"DIVIDEND_RATE":null,"CURRENT_RATIO":1.247220680492,"COMMON_ACS":50000000000,"CURRENTDEBT_DEBT":90.562502855924,"ISSUED_COMMON_SHARES":512500000,"HK_COMMON_SHARES":512500000,"PER_SHARES":5000,"TOTAL_MARKET_CAP":90712500,"HKSK_MARKET_CAP":90712500,"PE_TTM":-11.211531331109,"PB_TTM":1.053632615134,"REPORT_DATE_SQ":"2023-06-30 00:00:00","REPORT_TYPE_SQ":"2023年中报","OPERATE_INCOME_SQ":87787247.68,"DPS_HKD":null,"OPERATE_INCOME_QOQ_SQ":-6.635472028966,"NET_PROFIT_RATIO_SQ":3.8522937321,"HOLDER_PROFIT_SQ":3381822.64,"HOLDER_PROFIT_QOQ_SQ":0.164565703149,"ROE_AVG_SQ":5.983735593276,"PE_TTM_SQ":null,"PB_TTM_SQ":null,"ROA_SQ":1.710992473592,"START_DATE":"2024-01-01 00:00:00","FISCAL_YEAR":"12-31","CURRENCY":"HKD","IS_CNY_CODE":0,"DPS_HKD_LY":null,"ORG_TYPE":"一般企业","PREMIUM_INCOME":null,"PREMIUM_INCOME_YOY":null,"NET_INTEREST_INCOME":null,"NET_INTEREST_INCOME_YOY":null,"FEE_COMMISSION_INCOME":null,"FEE_COMMISSION_INCOME_YOY":null,"ACCOUNTS_RECE_TDAYS":1.681529200549,"INVENTORY_TDAYS":0.799876170575,"CURRENT_ASSETS_TDAYS":0.555259523776,"TOTAL_ASSETS_TDAYS":0.377002524021,"PREMIUM_EXPENSE":null,"LOAN_DEPOSIT":null,"LOAN_EQUITY":null,"LOAN_ASSETS":null,"DEPOSIT_EQUITY":null,"DEPOSIT_ASSETS":null,"EQUITY_MULTIPLIER":2.525129217722,"EQUITY_RATIO":1.525129217725},{"SECUCODE":"08529.HK","SECURITY_CODE":"08529","SECURITY_NAME_ABBR":"优博控股","ORG_CODE":"10000339496","STD_REPORT_DATE":"2023-12-31 00:00:00","REPORT_DATE":"2023-12-31 00:00:00","DATE_TYPE_CODE":"001","REPORT_TYPE":"2023年年报","PER_NETCASH_OPERATE":null,"PER_OI":null,"BPS":0.1085289072,"BASIC_EPS":0.0135933,"DILUTED_EPS":null,"OPERATE_INCOME":171247487.18,"OPERATE_INCOME_YOY":-26.6325005338,"GROSS_PROFIT":65229715.6,"GROSS_PROFIT_YOY":-28.322586428395,"HOLDER_PROFIT":4565536.36,"HOLDER_PROFIT_YOY":-76.8877878704,"GROSS_PROFIT_RATIO":38.090903799036,"EPS_TTM":null,"OPERATE_INCOME_QOQ":-20.279005878109,"NET_PROFIT_RATIO":2.6660457535,"ROE_AVG":8.599617643042,"GROSS_PROFIT_QOQ":-22.41187199966,"ROA":2.372196612628,"HOLDER_PROFIT_QOQ":-76.591246060106,"ROE_YEARLY":8.599617643042,"ROIC_YEARLY":2.411789909067,"TOTAL_ASSETS":185721633.02,"TOTAL_LIABILITIES":130100568.08,"TAX_EBT":24.308894230769,"OCF_SALES":14.700823944668,"TOTAL_PARENT_EQUITY":55621064.94,"DEBT_ASSET_RATIO":70.0513806413,"OPERATE_PROFIT":10367156.8,"PRETAX_PROFIT":6031800.32,"NETCASH_OPERATE":25174791.6,"NETCASH_INVEST":-12808513.48,"NETCASH_FINANCE":-19360484.08,"END_CASH":-1684662.98,"DIVI_RATIO":null,"DIVIDEND_RATE":null,"CURRENT_RATIO":1.075836344562,"COMMON_ACS":50000000000,"CURRENTDEBT_DEBT":89.635981165195,"ISSUED_COMMON_SHARES":512500000,"HK_COMMON_SHARES":512500000,"PER_SHARES":5000,"TOTAL_MARKET_CAP":92762500,"HKSK_MARKET_CAP":92762500,"PE_TTM":-11.464899270795,"PB_TTM":1.077443521691,"REPORT_DATE_SQ":"2022-12-31 00:00:00","REPORT_TYPE_SQ":"2022年年报","OPERATE_INCOME_SQ":230075087.55,"DPS_HKD":null,"OPERATE_INCOME_QOQ_SQ":19.348682223954,"NET_PROFIT_RATIO_SQ":8.4631064003,"HOLDER_PROFIT_SQ":19471499.46,"HOLDER_PROFIT_QOQ_SQ":9.635071875956,"ROE_AVG_SQ":46.620256007186,"PE_TTM_SQ":null,"PB_TTM_SQ":null,"ROA_SQ":9.924195861504,"START_DATE":"2023-01-01 00:00:00","FISCAL_YEAR":"12-31","CURRENCY":"HKD","IS_CNY_CODE":0,"DPS_HKD_LY":null,"ORG_TYPE":"一般企业","PREMIUM_INCOME":null,"PREMIUM_INCOME_YOY":null,"NET_INTEREST_INCOME":null,"NET_INTEREST_INCOME_YOY":null,"FEE_COMMISSION_INCOME":null,"FEE_COMMISSION_INCOME_YOY":null,"ACCOUNTS_RECE_TDAYS":3.285360362318,"INVENTORY_TDAYS":1.852718764105,"CURRENT_ASSETS_TDAYS":1.312202709553,"TOTAL_ASSETS_TDAYS":0.889780908479,"PREMIUM_EXPENSE":null,"LOAN_DEPOSIT":null,"LOAN_EQUITY":null,"LOAN_ASSETS":null,"DEPOSIT_EQUITY":null,"DEPOSIT_ASSETS":null,"EQUITY_MULTIPLIER":3.33905208792,"EQUITY_RATIO":2.339052087916},{"SECUCODE":"08529.HK","SECURITY_CODE":"08529","SECURITY_NAME_ABBR":"优博控股","ORG_CODE":"10000339496","STD_REPORT_DATE":"2023-06-30 00:00:00","REPORT_DATE":"2023-06-30 00:00:00","DATE_TYPE_CODE":"002","REPORT_TYPE":"2023年中报","PER_NETCASH_OPERATE":null,"PER_OI":null,"BPS":0.120186614322,"BASIC_EPS":0.0092198,"DILUTED_EPS":null,"OPERATE_INCOME":87787247.68,"OPERATE_INCOME_YOY":-20.9851955122,"GROSS_PROFIT":34698717.3,"GROSS_PROFIT_YOY":-16.652742175864,"HOLDER_PROFIT":3381822.64,"HOLDER_PROFIT_YOY":-6.3569057953,"GROSS_PROFIT_RATIO":39.525920013443,"EPS_TTM":null,"OPERATE_INCOME_QOQ":-6.635472028966,"NET_PROFIT_RATIO":3.8522937321,"ROE_AVG":5.983735593276,"GROSS_PROFIT_QOQ":-7.618065522484,"ROA":1.710992473592,"HOLDER_PROFIT_QOQ":0.164565703149,"ROE_YEARLY":11.967471186551,"ROIC_YEARLY":3.498222515754,"TOTAL_ASSETS":192642189.12,"TOTAL_LIABILITIES":131046549.28,"TAX_EBT":-27.096327096327,"OCF_SALES":22.273567467653,"TOTAL_PARENT_EQUITY":61595639.84,"DEBT_ASSET_RATIO":68.0258825331,"OPERATE_PROFIT":4774012.44,"PRETAX_PROFIT":2660834.28,"NETCASH_OPERATE":19553351.84,"NETCASH_INVEST":-7050381.06,"NETCASH_FINANCE":-14707424.96,"END_CASH":3175299.12,"DIVI_RATIO":null,"DIVIDEND_RATE":null,"CURRENT_RATIO":1.133318959322,"COMMON_ACS":50000000000,"CURRENTDEBT_DEBT":88.102943659594,"ISSUED_COMMON_SHARES":512500000,"HK_COMMON_SHARES":512500000,"PER_SHARES":5000,"TOTAL_MARKET_CAP":86100000,"HKSK_MARKET_CAP":86100000,"PE_TTM":-10.641453466815,"PB_TTM":1.000058075382,"REPORT_DATE_SQ":"2022-06-30 00:00:00","REPORT_TYPE_SQ":"2022年中报","OPERATE_INCOME_SQ":103053815.76,"DPS_HKD":null,"OPERATE_INCOME_QOQ_SQ":16.17864559948,"NET_PROFIT_RATIO_SQ":3.2505145057,"HOLDER_PROFIT_SQ":3349779.23,"HOLDER_PROFIT_QOQ_SQ":-17.705485244088,"ROE_AVG_SQ":10.584055014389,"PE_TTM_SQ":null,"PB_TTM_SQ":null,"ROA_SQ":1.76651115175,"START_DATE":"2023-01-01 00:00:00","FISCAL_YEAR":"12-31","CURRENCY":"HKD","IS_CNY_CODE":0,"DPS_HKD_LY":null,"ORG_TYPE":"一般企业","PREMIUM_INCOME":null,"PREMIUM_INCOME_YOY":null,"NET_INTEREST_INCOME":null,"NET_INTEREST_INCOME_YOY":null,"FEE_COMMISSION_INCOME":null,"FEE_COMMISSION_INCOME_YOY":null,"ACCOUNTS_RECE_TDAYS":null,"INVENTORY_TDAYS":0.92325329699,"CURRENT_ASSETS_TDAYS":0.653294224601,"TOTAL_ASSETS_TDAYS":0.444149016809,"PREMIUM_EXPENSE":null,"LOAN_DEPOSIT":null,"LOAN_EQUITY":null,"LOAN_ASSETS":null,"DEPOSIT_EQUITY":null,"DEPOSIT_ASSETS":null,"EQUITY_MULTIPLIER":3.127529637167,"EQUITY_RATIO":2.127529637169},{"SECUCODE":"08529.HK","SECURITY_CODE":"08529","SECURITY_NAME_ABBR":"优博控股","ORG_CODE":"10000339496","STD_REPORT_DATE":"2022-12-31 00:00:00","REPORT_DATE":"2022-12-31 00:00:00","DATE_TYPE_CODE":"001","REPORT_TYPE":"2022年年报","PER_NETCASH_OPERATE":null,"PER_OI":null,"BPS":0.108347986361,"BASIC_EPS":0.05180966,"DILUTED_EPS":null,"OPERATE_INCOME":230075087.55,"OPERATE_INCOME_YOY":26.9118197765,"GROSS_PROFIT":91004561.06,"GROSS_PROFIT_YOY":28.417264824062,"HOLDER_PROFIT":19471499.46,"HOLDER_PROFIT_YOY":-17.4193059554,"GROSS_PROFIT_RATIO":39.554287267292,"EPS_TTM":null,"OPERATE_INCOME_QOQ":19.348682223954,"NET_PROFIT_RATIO":8.4631064003,"ROE_AVG":46.620256007186,"GROSS_PROFIT_QOQ":14.550267586304,"ROA":9.924195861504,"HOLDER_PROFIT_QOQ":9.635071875956,"ROE_YEARLY":46.620256007186,"ROIC_YEARLY":10.113509036878,"TOTAL_ASSETS":196352358.51,"TOTAL_LIABILITIES":146515931.94,"TAX_EBT":19.260685976739,"OCF_SALES":13.321685788054,"TOTAL_PARENT_EQUITY":49836426.57,"DEBT_ASSET_RATIO":71.7200529541,"OPERATE_PROFIT":27775337.38,"PRETAX_PROFIT":24116503.46,"NETCASH_OPERATE":30649880.24,"NETCASH_INVEST":-12691580.16,"NETCASH_FINANCE":-11779551.49,"END_CASH":5270293,"DIVI_RATIO":null,"DIVIDEND_RATE":null,"CURRENT_RATIO":1.095756137228,"COMMON_ACS":50000000000,"CURRENTDEBT_DEBT":87.107217324505,"ISSUED_COMMON_SHARES":512500000,"HK_COMMON_SHARES":512500000,"PER_SHARES":5000,"TOTAL_MARKET_CAP":92762500,"HKSK_MARKET_CAP":92762500,"PE_TTM":-11.464899270795,"PB_TTM":1.077443521691,"REPORT_DATE_SQ":"2021-12-31 00:00:00","REPORT_TYPE_SQ":"2021年年报","OPERATE_INCOME_SQ":165930284.8,"DPS_HKD":null,"OPERATE_INCOME_QOQ_SQ":18.780772992011,"NET_PROFIT_RATIO_SQ":13.0062873248,"HOLDER_PROFIT_SQ":21581369.6,"HOLDER_PROFIT_QOQ_SQ":106.707324700565,"ROE_AVG_SQ":105.364841130449,"PE_TTM_SQ":null,"PB_TTM_SQ":null,"ROA_SQ":13.292275463727,"START_DATE":"2022-01-01 00:00:00","FISCAL_YEAR":"12-31","CURRENCY":"HKD","IS_CNY_CODE":0,"DPS_HKD_LY":null,"ORG_TYPE":"一般企业","PREMIUM_INCOME":null,"PREMIUM_INCOME_YOY":null,"NET_INTEREST_INCOME":null,"NET_INTEREST_INCOME_YOY":null,"FEE_COMMISSION_INCOME":null,"FEE_COMMISSION_INCOME_YOY":null,"ACCOUNTS_RECE_TDAYS":4.071047536255,"INVENTORY_TDAYS":2.577300643965,"CURRENT_ASSETS_TDAYS":1.783697311971,"TOTAL_ASSETS_TDAYS":1.172642218125,"PREMIUM_EXPENSE":null,"LOAN_DEPOSIT":null,"LOAN_EQUITY":null,"LOAN_ASSETS":null,"DEPOSIT_EQUITY":null,"DEPOSIT_ASSETS":null,"EQUITY_MULTIPLIER":3.536074513778,"EQUITY_RATIO":2.939936548906},{"SECUCODE":"08529.HK","SECURITY_CODE":"08529","SECURITY_NAME_ABBR":"优博控股","ORG_CODE":"10000339496","STD_REPORT_DATE":"2022-06-30 00:00:00","REPORT_DATE":"2022-06-30 00:00:00","DATE_TYPE_CODE":"002","REPORT_TYPE":"2022年中报","PER_NETCASH_OPERATE":null,"PER_OI":null,"BPS":0.071196861912,"BASIC_EPS":0.0085519,"DILUTED_EPS":null,"OPERATE_INCOME":103053815.76,"OPERATE_INCOME_YOY":31.571821636,"GROSS_PROFIT":41631504.39,"GROSS_PROFIT_YOY":25.954874965874,"HOLDER_PROFIT":3349779.23,"HOLDER_PROFIT_YOY":-54.5486191692,"GROSS_PROFIT_RATIO":40.397829117706,"EPS_TTM":null,"OPERATE_INCOME_QOQ":16.17864559948,"NET_PROFIT_RATIO":3.2505145057,"ROE_AVG":10.584055014389,"GROSS_PROFIT_QOQ":12.105600039136,"ROA":1.76651115175,"HOLDER_PROFIT_QOQ":-17.705485244088,"ROE_YEARLY":21.168110028777,"ROIC_YEARLY":3.615953768965,"TOTAL_ASSETS":191559139.24,"TOTAL_LIABILITIES":155070747.51,"TAX_EBT":51.767023765546,"OCF_SALES":13.280886941512,"TOTAL_PARENT_EQUITY":36488391.73,"DEBT_ASSET_RATIO":80.9518919981,"OPERATE_PROFIT":16105793.27,"PRETAX_PROFIT":6944997.99,"NETCASH_OPERATE":13686460.76,"NETCASH_INVEST":-7314440.07,"NETCASH_FINANCE":852624.43,"END_CASH":6331826.76,"DIVI_RATIO":null,"DIVIDEND_RATE":null,"CURRENT_RATIO":0.969559271461,"COMMON_ACS":50000000000,"CURRENTDEBT_DEBT":88.717193609406,"ISSUED_COMMON_SHARES":512500000,"HK_COMMON_SHARES":512500000,"PER_SHARES":5000,"TOTAL_MARKET_CAP":92762500,"HKSK_MARKET_CAP":92762500,"PE_TTM":-11.464899270795,"PB_TTM":1.077443521691,"REPORT_DATE_SQ":"2021-06-30 00:00:00","REPORT_TYPE_SQ":"2021年中报","OPERATE_INCOME_SQ":76208543.04,"DPS_HKD":null,"OPERATE_INCOME_QOQ_SQ":0,"NET_PROFIT_RATIO_SQ":9.4095296327,"HOLDER_PROFIT_SQ":7170865.44,"HOLDER_PROFIT_QOQ_SQ":0,"ROE_AVG_SQ":null,"PE_TTM_SQ":null,"PB_TTM_SQ":null,"ROA_SQ":null,"START_DATE":"2022-01-01 00:00:00","FISCAL_YEAR":"12-31","CURRENCY":"HKD","IS_CNY_CODE":0,"DPS_HKD_LY":null,"ORG_TYPE":"一般企业","PREMIUM_INCOME":null,"PREMIUM_INCOME_YOY":null,"NET_INTEREST_INCOME":null,"NET_INTEREST_INCOME_YOY":null,"FEE_COMMISSION_INCOME":null,"FEE_COMMISSION_INCOME_YOY":null,"ACCOUNTS_RECE_TDAYS":null,"INVENTORY_TDAYS":1.178314794763,"CURRENT_ASSETS_TDAYS":0.816428295585,"TOTAL_ASSETS_TDAYS":0.543455858643,"PREMIUM_EXPENSE":null,"LOAN_DEPOSIT":null,"LOAN_EQUITY":null,"LOAN_ASSETS":null,"DEPOSIT_EQUITY":null,"DEPOSIT_ASSETS":null,"EQUITY_MULTIPLIER":5.249865235436,"EQUITY_RATIO":4.249865235428},{"SECUCODE":"08529.HK","SECURITY_CODE":"08529","SECURITY_NAME_ABBR":"优博控股","ORG_CODE":"10000339496","STD_REPORT_DATE":"2021-12-31 00:00:00","REPORT_DATE":"2021-12-31 00:00:00","DATE_TYPE_CODE":"001","REPORT_TYPE":"2021年年报","PER_NETCASH_OPERATE":0.000423921561,"PER_OI":0.010509898961,"BPS":0.060178550634,"BASIC_EPS":0.057232,"DILUTED_EPS":null,"OPERATE_INCOME":165930284.8,"OPERATE_INCOME_YOY":22.2732996343,"GROSS_PROFIT":70866297.6,"GROSS_PROFIT_YOY":44.425813100503,"HOLDER_PROFIT":21581369.6,"HOLDER_PROFIT_YOY":112.7851672713,"GROSS_PROFIT_RATIO":42.708477048308,"EPS_TTM":0.001366947656,"OPERATE_INCOME_QOQ":18.780772992011,"NET_PROFIT_RATIO":13.0062873248,"ROE_AVG":105.364841130449,"GROSS_PROFIT_QOQ":44.425813100503,"ROA":13.292275463727,"HOLDER_PROFIT_QOQ":106.707324700565,"ROE_YEARLY":105.364841130449,"ROIC_YEARLY":13.605764770162,"TOTAL_ASSETS":179444395.2,"TOTAL_LIABILITIES":153812635.2,"TAX_EBT":17.108403466901,"OCF_SALES":4.033545538759,"TOTAL_PARENT_EQUITY":25631760,"DEBT_ASSET_RATIO":82.8127776487,"OPERATE_PROFIT":28659332.8,"PRETAX_PROFIT":26035654.4,"NETCASH_OPERATE":6692873.6,"NETCASH_INVEST":-6392814.4,"NETCASH_FINANCE":-4441203.2,"END_CASH":-766908.8,"DIVI_RATIO":null,"DIVIDEND_RATE":null,"CURRENT_RATIO":0.883968253968,"COMMON_ACS":50000000000,"CURRENTDEBT_DEBT":87.107113811415,"ISSUED_COMMON_SHARES":512500000,"HK_COMMON_SHARES":512500000,"PER_SHARES":5000,"TOTAL_MARKET_CAP":92762500,"HKSK_MARKET_CAP":92762500,"PE_TTM":-11.464899270795,"PB_TTM":1.077443521691,"REPORT_DATE_SQ":"2020-12-31 00:00:00","REPORT_TYPE_SQ":"2020年年报","OPERATE_INCOME_SQ":139694565.56,"DPS_HKD":null,"OPERATE_INCOME_QOQ_SQ":null,"NET_PROFIT_RATIO_SQ":7.4738370517,"HOLDER_PROFIT_SQ":10440544.2,"HOLDER_PROFIT_QOQ_SQ":null,"ROE_AVG_SQ":100.185753513164,"PE_TTM_SQ":null,"PB_TTM_SQ":null,"ROA_SQ":6.981416656349,"START_DATE":"2021-01-01 00:00:00","FISCAL_YEAR":"12-31","CURRENCY":"HKD","IS_CNY_CODE":0,"DPS_HKD_LY":null,"ORG_TYPE":"一般企业","PREMIUM_INCOME":null,"PREMIUM_INCOME_YOY":null,"NET_INTEREST_INCOME":null,"NET_INTEREST_INCOME_YOY":null,"FEE_COMMISSION_INCOME":null,"FEE_COMMISSION_INCOME_YOY":null,"ACCOUNTS_RECE_TDAYS":3.210440559994,"INVENTORY_TDAYS":2.358506257733,"CURRENT_ASSETS_TDAYS":1.650117895764,"TOTAL_ASSETS_TDAYS":1.021988453104,"PREMIUM_EXPENSE":null,"LOAN_DEPOSIT":null,"LOAN_EQUITY":null,"LOAN_ASSETS":null,"DEPOSIT_EQUITY":null,"DEPOSIT_ASSETS":null,"EQUITY_MULTIPLIER":5.818275807227,"EQUITY_RATIO":6.000861244019},{"SECUCODE":"08529.HK","SECURITY_CODE":"08529","SECURITY_NAME_ABBR":"优博控股","ORG_CODE":"10000339496","STD_REPORT_DATE":"2021-06-30 00:00:00","REPORT_DATE":"2021-06-30 00:00:00","DATE_TYPE_CODE":"002","REPORT_TYPE":"2021年中报","PER_NETCASH_OPERATE":null,"PER_OI":null,"BPS":null,"BASIC_EPS":0.01913784,"DILUTED_EPS":null,"OPERATE_INCOME":76208543.04,"OPERATE_INCOME_YOY":null,"GROSS_PROFIT":33052713.84,"GROSS_PROFIT_YOY":null,"HOLDER_PROFIT":7170865.44,"HOLDER_PROFIT_YOY":null,"GROSS_PROFIT_RATIO":43.371402367122,"EPS_TTM":0.000661296187,"OPERATE_INCOME_QOQ":0,"NET_PROFIT_RATIO":9.4095296327,"ROE_AVG":null,"GROSS_PROFIT_QOQ":0,"ROA":null,"HOLDER_PROFIT_QOQ":0,"ROE_YEARLY":null,"ROIC_YEARLY":null,"TOTAL_ASSETS":null,"TOTAL_LIABILITIES":null,"TAX_EBT":25.015226659706,"OCF_SALES":7.99777263397,"TOTAL_PARENT_EQUITY":null,"DEBT_ASSET_RATIO":null,"OPERATE_PROFIT":10867796.88,"PRETAX_PROFIT":9563095.44,"NETCASH_OPERATE":6094986,"NETCASH_INVEST":-1597593.6,"NETCASH_FINANCE":-7100138.64,"END_CASH":1000160.16,"DIVI_RATIO":null,"DIVIDEND_RATE":null,"CURRENT_RATIO":null,"COMMON_ACS":50000000000,"CURRENTDEBT_DEBT":null,"ISSUED_COMMON_SHARES":512500000,"HK_COMMON_SHARES":512500000,"PER_SHARES":5000,"TOTAL_MARKET_CAP":92762500,"HKSK_MARKET_CAP":92762500,"PE_TTM":-11.464899270795,"PB_TTM":1.077443521691,"REPORT_DATE_SQ":"2020-06-30 00:00:00","REPORT_TYPE_SQ":"2020年中报","OPERATE_INCOME_SQ":null,"DPS_HKD":null,"OPERATE_INCOME_QOQ_SQ":null,"NET_PROFIT_RATIO_SQ":null,"HOLDER_PROFIT_SQ":null,"HOLDER_PROFIT_QOQ_SQ":null,"ROE_AVG_SQ":null,"PE_TTM_SQ":null,"PB_TTM_SQ":null,"ROA_SQ":null,"START_DATE":"2021-01-01 00:00:00","FISCAL_YEAR":"12-31","CURRENCY":"HKD","IS_CNY_CODE":0,"DPS_HKD_LY":null,"ORG_TYPE":"一般企业","PREMIUM_INCOME":null,"PREMIUM_INCOME_YOY":null,"NET_INTEREST_INCOME":null,"NET_INTEREST_INCOME_YOY":null,"FEE_COMMISSION_INCOME":null,"FEE_COMMISSION_INCOME_YOY":null,"ACCOUNTS_RECE_TDAYS":null,"INVENTORY_TDAYS":null,"CURRENT_ASSETS_TDAYS":1.715854058358,"TOTAL_ASSETS_TDAYS":1.03089720068,"PREMIUM_EXPENSE":null,"LOAN_DEPOSIT":null,"LOAN_EQUITY":null,"LOAN_ASSETS":null,"DEPOSIT_EQUITY":null,"DEPOSIT_ASSETS":null,"EQUITY_MULTIPLIER":null,"EQUITY_RATIO":null},{"SECUCODE":"08529.HK","SECURITY_CODE":"08529","SECURITY_NAME_ABBR":"优博控股","ORG_CODE":"10000339496","STD_REPORT_DATE":"2020-12-31 00:00:00","REPORT_DATE":"2020-12-31 00:00:00","DATE_TYPE_CODE":"001","REPORT_TYPE":"2020年年报","PER_NETCASH_OPERATE":0.001110743035,"PER_OI":0.008848148313,"BPS":0.0203340224,"BASIC_EPS":0.02777412,"DILUTED_EPS":null,"OPERATE_INCOME":139694565.56,"OPERATE_INCOME_YOY":null,"GROSS_PROFIT":49067612,"GROSS_PROFIT_YOY":null,"HOLDER_PROFIT":10440544.2,"HOLDER_PROFIT_YOY":null,"GROSS_PROFIT_RATIO":35.124925442375,"EPS_TTM":0.000661296187,"OPERATE_INCOME_QOQ":null,"NET_PROFIT_RATIO":7.4738370517,"ROE_AVG":100.185753513164,"GROSS_PROFIT_QOQ":null,"ROA":6.981416656349,"HOLDER_PROFIT_QOQ":null,"ROE_YEARLY":100.185753513164,"ROIC_YEARLY":7.26041508153,"TOTAL_ASSETS":149547645.04,"TOTAL_LIABILITIES":139126458.56,"TAX_EBT":12.108544707383,"OCF_SALES":12.553395309045,"TOTAL_PARENT_EQUITY":10421186.48,"DEBT_ASSET_RATIO":93.0315275261,"OPERATE_PROFIT":14607503.84,"PRETAX_PROFIT":11878906.96,"NETCASH_OPERATE":17536411.04,"NETCASH_INVEST":-28098151.4,"NETCASH_FINANCE":14636961.24,"END_CASH":3991898.52,"DIVI_RATIO":null,"DIVIDEND_RATE":null,"CURRENT_RATIO":0.749168409381,"COMMON_ACS":50000000000,"CURRENTDEBT_DEBT":86.203600638823,"ISSUED_COMMON_SHARES":512500000,"HK_COMMON_SHARES":512500000,"PER_SHARES":5000,"TOTAL_MARKET_CAP":92762500,"HKSK_MARKET_CAP":92762500,"PE_TTM":-11.464899270795,"PB_TTM":1.077443521691,"REPORT_DATE_SQ":"2019-12-31 00:00:00","REPORT_TYPE_SQ":"2019年年报","OPERATE_INCOME_SQ":null,"DPS_HKD":null,"OPERATE_INCOME_QOQ_SQ":null,"NET_PROFIT_RATIO_SQ":null,"HOLDER_PROFIT_SQ":null,"HOLDER_PROFIT_QOQ_SQ":null,"ROE_AVG_SQ":null,"PE_TTM_SQ":null,"PB_TTM_SQ":null,"ROA_SQ":null,"START_DATE":"2020-01-01 00:00:00","FISCAL_YEAR":"12-31","CURRENCY":"HKD","IS_CNY_CODE":0,"DPS_HKD_LY":null,"ORG_TYPE":"一般企业","PREMIUM_INCOME":null,"PREMIUM_INCOME_YOY":null,"NET_INTEREST_INCOME":null,"NET_INTEREST_INCOME_YOY":null,"FEE_COMMISSION_INCOME":null,"FEE_COMMISSION_INCOME_YOY":null,"ACCOUNTS_RECE_TDAYS":null,"INVENTORY_TDAYS":2.797947252176,"CURRENT_ASSETS_TDAYS":3.1095311695,"TOTAL_ASSETS_TDAYS":1.86822822282,"PREMIUM_EXPENSE":null,"LOAN_DEPOSIT":null,"LOAN_EQUITY":null,"LOAN_ASSETS":null,"DEPOSIT_EQUITY":null,"DEPOSIT_ASSETS":null,"EQUITY_MULTIPLIER":14.350347278337,"EQUITY_RATIO":13.350347278307}],"count":8},"success":true,"message":"ok","code":0}