{"version":"59d2f341883936126a3e1816b0e5e2af","result":{"pages":2,"data":[{"SECUCODE":"09600.HK","SECURITY_CODE":"09600","SECURITY_NAME_ABBR":"新纽科技","ORG_CODE":"10000076346","STD_REPORT_DATE":"2024-06-30 00:00:00","REPORT_DATE":"2024-06-30 00:00:00","DATE_TYPE_CODE":"002","REPORT_TYPE":"2024年中报","PER_NETCASH_OPERATE":-0.036332244309,"PER_OI":0.1302211801,"BPS":0.820822215167,"BASIC_EPS":-0.0667,"DILUTED_EPS":-0.0667,"OPERATE_INCOME":122905000,"OPERATE_INCOME_YOY":4.1982823667,"GROSS_PROFIT":24725000,"GROSS_PROFIT_YOY":-1.35253750399,"HOLDER_PROFIT":-55226000,"HOLDER_PROFIT_YOY":-106.3906121534,"GROSS_PROFIT_RATIO":20.117163662992,"EPS_TTM":-0.10343845368,"OPERATE_INCOME_QOQ":2.017149025438,"NET_PROFIT_RATIO":-45.0901102478,"ROE_AVG":-7.09485088236,"GROSS_PROFIT_QOQ":-0.913968348117,"ROA":-5.834836698847,"HOLDER_PROFIT_QOQ":-41.163116875605,"ROE_YEARLY":-14.18970176472,"ROIC_YEARLY":-17.579808018285,"TOTAL_ASSETS":945290000,"TOTAL_LIABILITIES":175035000,"TAX_EBT":-0.027074346155,"OCF_SALES":-27.900410886457,"TOTAL_PARENT_EQUITY":769820000,"DEBT_ASSET_RATIO":18.5165398978,"OPERATE_PROFIT":-53068000,"PRETAX_PROFIT":-55403000,"NETCASH_OPERATE":-34291000,"NETCASH_INVEST":-41532000,"NETCASH_FINANCE":47618000,"END_CASH":303571000,"DIVI_RATIO":null,"DIVIDEND_RATE":null,"CURRENT_RATIO":5.434362606669,"COMMON_ACS":50000000000,"CURRENTDEBT_DEBT":74.045762276116,"ISSUED_COMMON_SHARES":937864480,"HK_COMMON_SHARES":937864480,"PER_SHARES":800,"TOTAL_MARKET_CAP":351699180,"HKSK_MARKET_CAP":351699180,"PE_TTM":-3.262415963346,"PB_TTM":0.416966053886,"REPORT_DATE_SQ":"2023-06-30 00:00:00","REPORT_TYPE_SQ":"2023年中报","OPERATE_INCOME_SQ":117953000,"DPS_HKD":null,"OPERATE_INCOME_QOQ_SQ":0.732285821749,"NET_PROFIT_RATIO_SQ":-22.8964078913,"HOLDER_PROFIT_SQ":-26758000,"HOLDER_PROFIT_QOQ_SQ":-252.504574565416,"ROE_AVG_SQ":-3.123400465393,"PE_TTM_SQ":-11.08838788827,"PB_TTM_SQ":0.365518568011,"ROA_SQ":-2.719723535092,"START_DATE":"2024-01-01 00:00:00","FISCAL_YEAR":"12-31","CURRENCY":"HKD","IS_CNY_CODE":0,"DPS_HKD_LY":null,"ORG_TYPE":"一般企业","PREMIUM_INCOME":null,"PREMIUM_INCOME_YOY":null,"NET_INTEREST_INCOME":null,"NET_INTEREST_INCOME_YOY":null,"FEE_COMMISSION_INCOME":null,"FEE_COMMISSION_INCOME_YOY":null,"ACCOUNTS_RECE_TDAYS":0.576015484766,"INVENTORY_TDAYS":45.26509912402,"CURRENT_ASSETS_TDAYS":0.175925899419,"TOTAL_ASSETS_TDAYS":0.129853801556,"PREMIUM_EXPENSE":null,"LOAN_DEPOSIT":null,"LOAN_EQUITY":null,"LOAN_ASSETS":null,"DEPOSIT_EQUITY":null,"DEPOSIT_ASSETS":null,"EQUITY_MULTIPLIER":1.227242926044,"EQUITY_RATIO":0.227371333558},{"SECUCODE":"09600.HK","SECURITY_CODE":"09600","SECURITY_NAME_ABBR":"新纽科技","ORG_CODE":"10000076346","STD_REPORT_DATE":"2023-12-31 00:00:00","REPORT_DATE":"2023-12-31 00:00:00","DATE_TYPE_CODE":"001","REPORT_TYPE":"2023年年报","PER_NETCASH_OPERATE":0.023766888438,"PER_OI":0.312130330989,"BPS":0.839109505459,"BASIC_EPS":-0.0879,"DILUTED_EPS":-0.0879,"OPERATE_INCOME":245495000,"OPERATE_INCOME_YOY":-5.7796080659,"GROSS_PROFIT":37091000,"GROSS_PROFIT_YOY":-47.35803800792,"HOLDER_PROFIT":-69159000,"HOLDER_PROFIT_YOY":-495.4654620311,"GROSS_PROFIT_RATIO":15.108658017475,"EPS_TTM":-0.087931002916,"OPERATE_INCOME_QOQ":-6.464554868895,"NET_PROFIT_RATIO":-28.3850994929,"ROE_AVG":-8.296803357159,"GROSS_PROFIT_QOQ":-40.482035976187,"ROA":-7.133879247342,"HOLDER_PROFIT_QOQ":-159.313835770529,"ROE_YEARLY":-8.296803357159,"ROIC_YEARLY":-11.625412887989,"TOTAL_ASSETS":947685000,"TOTAL_LIABILITIES":158781000,"TAX_EBT":1.813416747686,"OCF_SALES":7.614411698813,"TOTAL_PARENT_EQUITY":786971000,"DEBT_ASSET_RATIO":16.7546178319,"OPERATE_PROFIT":-69826000,"PRETAX_PROFIT":-70971000,"NETCASH_OPERATE":18693000,"NETCASH_INVEST":-60511000,"NETCASH_FINANCE":-46492000,"END_CASH":330458000,"DIVI_RATIO":null,"DIVIDEND_RATE":null,"CURRENT_RATIO":6.284726946206,"COMMON_ACS":50000000000,"CURRENTDEBT_DEBT":69.437149281085,"ISSUED_COMMON_SHARES":937864480,"HK_COMMON_SHARES":937864480,"PER_SHARES":800,"TOTAL_MARKET_CAP":389213759.2,"HKSK_MARKET_CAP":389213759.2,"PE_TTM":-3.610406999436,"PB_TTM":0.461442432967,"REPORT_DATE_SQ":"2022-12-31 00:00:00","REPORT_TYPE_SQ":"2022年年报","OPERATE_INCOME_SQ":260554000,"DPS_HKD":null,"OPERATE_INCOME_QOQ_SQ":2.421843368332,"NET_PROFIT_RATIO_SQ":6.6930463551,"HOLDER_PROFIT_SQ":17488000,"HOLDER_PROFIT_QOQ_SQ":-40.14033886702,"ROE_AVG_SQ":2.035954007091,"PE_TTM_SQ":-19.800692657625,"PB_TTM_SQ":0.652711728591,"ROA_SQ":1.875849404304,"START_DATE":"2023-01-01 00:00:00","FISCAL_YEAR":"12-31","CURRENCY":"HKD","IS_CNY_CODE":0,"DPS_HKD_LY":0.04,"ORG_TYPE":"一般企业","PREMIUM_INCOME":null,"PREMIUM_INCOME_YOY":null,"NET_INTEREST_INCOME":null,"NET_INTEREST_INCOME_YOY":null,"FEE_COMMISSION_INCOME":null,"FEE_COMMISSION_INCOME_YOY":null,"ACCOUNTS_RECE_TDAYS":1.155980496258,"INVENTORY_TDAYS":94.343141693074,"CURRENT_ASSETS_TDAYS":0.338001660441,"TOTAL_ASSETS_TDAYS":0.253232650245,"PREMIUM_EXPENSE":null,"LOAN_DEPOSIT":null,"LOAN_EQUITY":null,"LOAN_ASSETS":null,"DEPOSIT_EQUITY":null,"DEPOSIT_ASSETS":null,"EQUITY_MULTIPLIER":1.20126783487,"EQUITY_RATIO":0.201762199624},{"SECUCODE":"09600.HK","SECURITY_CODE":"09600","SECURITY_NAME_ABBR":"新纽科技","ORG_CODE":"10000076346","STD_REPORT_DATE":"2023-06-30 00:00:00","REPORT_DATE":"2023-06-30 00:00:00","DATE_TYPE_CODE":"002","REPORT_TYPE":"2023年中报","PER_NETCASH_OPERATE":-0.034407507351,"PER_OI":0.14996928219,"BPS":0.88843966028,"BASIC_EPS":-0.034,"DILUTED_EPS":-0.034,"OPERATE_INCOME":117953000,"OPERATE_INCOME_YOY":1.644189754,"GROSS_PROFIT":25064000,"GROSS_PROFIT_YOY":-24.515118660402,"HOLDER_PROFIT":-26758000,"HOLDER_PROFIT_YOY":-253.7816091954,"GROSS_PROFIT_RATIO":21.24914160725,"EPS_TTM":-0.033909105796,"OPERATE_INCOME_QOQ":0.732285821749,"NET_PROFIT_RATIO":-22.8964078913,"ROE_AVG":-3.123400465393,"GROSS_PROFIT_QOQ":-11.552817950865,"ROA":-2.719723535092,"HOLDER_PROFIT_QOQ":-252.504574565416,"ROE_YEARLY":-6.246800930787,"ROIC_YEARLY":-8.730820370174,"TOTAL_ASSETS":976496000,"TOTAL_LIABILITIES":141051000,"TAX_EBT":-1.817153628652,"OCF_SALES":-22.943036633235,"TOTAL_PARENT_EQUITY":833236000,"DEBT_ASSET_RATIO":14.4446060199,"OPERATE_PROFIT":-25102000,"PRETAX_PROFIT":-26525000,"NETCASH_OPERATE":-30896000,"NETCASH_INVEST":-47942000,"NETCASH_FINANCE":-21196000,"END_CASH":322873000,"DIVI_RATIO":null,"DIVIDEND_RATE":null,"CURRENT_RATIO":7.011709739219,"COMMON_ACS":50000000000,"CURRENTDEBT_DEBT":72.532630041616,"ISSUED_COMMON_SHARES":937864480,"HK_COMMON_SHARES":937864480,"PER_SHARES":800,"TOTAL_MARKET_CAP":389213759.2,"HKSK_MARKET_CAP":389213759.2,"PE_TTM":-3.610406999436,"PB_TTM":0.461442432967,"REPORT_DATE_SQ":"2022-06-30 00:00:00","REPORT_TYPE_SQ":"2022年中报","OPERATE_INCOME_SQ":116045000,"DPS_HKD":null,"OPERATE_INCOME_QOQ_SQ":23.640596446207,"NET_PROFIT_RATIO_SQ":14.9933215563,"HOLDER_PROFIT_SQ":17400000,"HOLDER_PROFIT_QOQ_SQ":123.921207940523,"ROE_AVG_SQ":2.030504241887,"PE_TTM_SQ":-19.800692657625,"PB_TTM_SQ":0.652711728591,"ROA_SQ":1.94574176093,"START_DATE":"2023-01-01 00:00:00","FISCAL_YEAR":"12-31","CURRENCY":"HKD","IS_CNY_CODE":0,"DPS_HKD_LY":0.04,"ORG_TYPE":"一般企业","PREMIUM_INCOME":null,"PREMIUM_INCOME_YOY":null,"NET_INTEREST_INCOME":null,"NET_INTEREST_INCOME_YOY":null,"FEE_COMMISSION_INCOME":null,"FEE_COMMISSION_INCOME_YOY":null,"ACCOUNTS_RECE_TDAYS":0.507199294798,"INVENTORY_TDAYS":41.459049319348,"CURRENT_ASSETS_TDAYS":0.159712132803,"TOTAL_ASSETS_TDAYS":0.119889210754,"PREMIUM_EXPENSE":null,"LOAN_DEPOSIT":null,"LOAN_EQUITY":null,"LOAN_ASSETS":null,"DEPOSIT_EQUITY":null,"DEPOSIT_ASSETS":null,"EQUITY_MULTIPLIER":1.168833376225,"EQUITY_RATIO":0.169280972018},{"SECUCODE":"09600.HK","SECURITY_CODE":"09600","SECURITY_NAME_ABBR":"新纽科技","ORG_CODE":"10000076346","STD_REPORT_DATE":"2022-12-31 00:00:00","REPORT_DATE":"2022-12-31 00:00:00","DATE_TYPE_CODE":"001","REPORT_TYPE":"2022年年报","PER_NETCASH_OPERATE":0.017794969806,"PER_OI":0.331276833584,"BPS":0.938465011491,"BASIC_EPS":0.0222,"DILUTED_EPS":0.0222,"OPERATE_INCOME":260554000,"OPERATE_INCOME_YOY":26.6349780318,"GROSS_PROFIT":70459000,"GROSS_PROFIT_YOY":-5.548406123489,"HOLDER_PROFIT":17488000,"HOLDER_PROFIT_YOY":34.0384762781,"GROSS_PROFIT_RATIO":27.041995133446,"EPS_TTM":0.02223481223,"OPERATE_INCOME_QOQ":2.421843368332,"NET_PROFIT_RATIO":6.6930463551,"ROE_AVG":2.035954007091,"GROSS_PROFIT_QOQ":-9.086334369879,"ROA":1.875849404304,"HOLDER_PROFIT_QOQ":-40.14033886702,"ROE_YEARLY":2.035954007091,"ROIC_YEARLY":3.793208534285,"TOTAL_ASSETS":991204000,"TOTAL_LIABILITIES":108593000,"TAX_EBT":16.138494830488,"OCF_SALES":5.371631216562,"TOTAL_PARENT_EQUITY":880153000,"DEBT_ASSET_RATIO":10.9556660385,"OPERATE_PROFIT":21037000,"PRETAX_PROFIT":20795000,"NETCASH_OPERATE":13996000,"NETCASH_INVEST":-158158000,"NETCASH_FINANCE":6233000,"END_CASH":414250000,"DIVI_RATIO":null,"DIVIDEND_RATE":null,"CURRENT_RATIO":10.887302952135,"COMMON_ACS":50000000000,"CURRENTDEBT_DEBT":64.25828552485,"ISSUED_COMMON_SHARES":937864480,"HK_COMMON_SHARES":937864480,"PER_SHARES":800,"TOTAL_MARKET_CAP":389213759.2,"HKSK_MARKET_CAP":389213759.2,"PE_TTM":-3.610406999436,"PB_TTM":0.461442432967,"REPORT_DATE_SQ":"2021-12-31 00:00:00","REPORT_TYPE_SQ":"2021年年报","OPERATE_INCOME_SQ":205752000,"DPS_HKD":null,"OPERATE_INCOME_QOQ_SQ":11.340072295937,"NET_PROFIT_RATIO_SQ":6.3411291263,"HOLDER_PROFIT_SQ":13047000,"HOLDER_PROFIT_QOQ_SQ":-56.809454449153,"ROE_AVG_SQ":2.51962573506,"PE_TTM_SQ":-19.800692657625,"PB_TTM_SQ":0.652711728591,"ROA_SQ":2.305494346264,"START_DATE":"2022-01-01 00:00:00","FISCAL_YEAR":"12-31","CURRENCY":"HKD","IS_CNY_CODE":0,"DPS_HKD_LY":null,"ORG_TYPE":"一般企业","PREMIUM_INCOME":null,"PREMIUM_INCOME_YOY":null,"NET_INTEREST_INCOME":null,"NET_INTEREST_INCOME_YOY":null,"FEE_COMMISSION_INCOME":null,"FEE_COMMISSION_INCOME_YOY":null,"ACCOUNTS_RECE_TDAYS":1.353829686631,"INVENTORY_TDAYS":84.524232992441,"CURRENT_ASSETS_TDAYS":0.334073570705,"TOTAL_ASSETS_TDAYS":0.27948311167,"PREMIUM_EXPENSE":null,"LOAN_DEPOSIT":null,"LOAN_EQUITY":null,"LOAN_ASSETS":null,"DEPOSIT_EQUITY":null,"DEPOSIT_ASSETS":null,"EQUITY_MULTIPLIER":1.123036082714,"EQUITY_RATIO":0.123379685123},{"SECUCODE":"09600.HK","SECURITY_CODE":"09600","SECURITY_NAME_ABBR":"新纽科技","ORG_CODE":"10000076346","STD_REPORT_DATE":"2022-06-30 00:00:00","REPORT_DATE":"2022-06-30 00:00:00","DATE_TYPE_CODE":"002","REPORT_TYPE":"2022年中报","PER_NETCASH_OPERATE":-0.055122957698,"PER_OI":0.147543388907,"BPS":0.934139226597,"BASIC_EPS":0.0221,"DILUTED_EPS":0.0221,"OPERATE_INCOME":116045000,"OPERATE_INCOME_YOY":72.1633730936,"GROSS_PROFIT":33204000,"GROSS_PROFIT_YOY":9.580541896307,"HOLDER_PROFIT":17400000,"HOLDER_PROFIT_YOY":1312.3376623377,"GROSS_PROFIT_RATIO":28.613038045586,"EPS_TTM":0.037144901606,"OPERATE_INCOME_QOQ":23.640596446207,"NET_PROFIT_RATIO":14.9933215563,"ROE_AVG":2.030504241887,"GROSS_PROFIT_QOQ":3.891525241964,"ROA":1.94574176093,"HOLDER_PROFIT_QOQ":123.921207940523,"ROE_YEARLY":4.061008483773,"ROIC_YEARLY":8.742620273835,"TOTAL_ASSETS":915183000,"TOTAL_LIABILITIES":37581000,"TAX_EBT":10.143056344575,"OCF_SALES":-37.360506699987,"TOTAL_PARENT_EQUITY":876096000,"DEBT_ASSET_RATIO":4.1063918364,"OPERATE_PROFIT":19902000,"PRETAX_PROFIT":19363000,"NETCASH_OPERATE":-43355000,"NETCASH_INVEST":-41257000,"NETCASH_FINANCE":7546000,"END_CASH":465150000,"DIVI_RATIO":null,"DIVIDEND_RATE":null,"CURRENT_RATIO":22.437934430843,"COMMON_ACS":50000000000,"CURRENTDEBT_DEBT":94.555759559352,"ISSUED_COMMON_SHARES":937864480,"HK_COMMON_SHARES":937864480,"PER_SHARES":800,"TOTAL_MARKET_CAP":389213759.2,"HKSK_MARKET_CAP":389213759.2,"PE_TTM":-3.610406999436,"PB_TTM":0.461442432967,"REPORT_DATE_SQ":"2021-06-30 00:00:00","REPORT_TYPE_SQ":"2021年中报","OPERATE_INCOME_SQ":67404000,"DPS_HKD":null,"OPERATE_INCOME_QOQ_SQ":4.910103493105,"NET_PROFIT_RATIO_SQ":1.8263011097,"HOLDER_PROFIT_SQ":1232000,"HOLDER_PROFIT_QOQ_SQ":-5.68547254051,"ROE_AVG_SQ":0.233354326384,"PE_TTM_SQ":-19.800692657625,"PB_TTM_SQ":0.652711728591,"ROA_SQ":0.213999232243,"START_DATE":"2022-01-01 00:00:00","FISCAL_YEAR":"12-31","CURRENCY":"HKD","IS_CNY_CODE":0,"DPS_HKD_LY":null,"ORG_TYPE":"一般企业","PREMIUM_INCOME":null,"PREMIUM_INCOME_YOY":null,"NET_INTEREST_INCOME":null,"NET_INTEREST_INCOME_YOY":null,"FEE_COMMISSION_INCOME":null,"FEE_COMMISSION_INCOME_YOY":null,"ACCOUNTS_RECE_TDAYS":0.55250052372,"INVENTORY_TDAYS":null,"CURRENT_ASSETS_TDAYS":0.145285437778,"TOTAL_ASSETS_TDAYS":0.129766438303,"PREMIUM_EXPENSE":null,"LOAN_DEPOSIT":null,"LOAN_EQUITY":null,"LOAN_ASSETS":null,"DEPOSIT_EQUITY":null,"DEPOSIT_ASSETS":null,"EQUITY_MULTIPLIER":1.042822372784,"EQUITY_RATIO":0.042895984002},{"SECUCODE":"09600.HK","SECURITY_CODE":"09600","SECURITY_NAME_ABBR":"新纽科技","ORG_CODE":"10000076346","STD_REPORT_DATE":"2021-12-31 00:00:00","REPORT_DATE":"2021-12-31 00:00:00","DATE_TYPE_CODE":"001","REPORT_TYPE":"2021年年报","PER_NETCASH_OPERATE":-0.132504884844,"PER_OI":0.26159978762,"BPS":0.893267649927,"BASIC_EPS":0.0164,"DILUTED_EPS":0.0164,"OPERATE_INCOME":205752000,"OPERATE_INCOME_YOY":16.806985075,"GROSS_PROFIT":74598000,"GROSS_PROFIT_YOY":-19.267981212528,"HOLDER_PROFIT":13047000,"HOLDER_PROFIT_YOY":-59.2650410565,"GROSS_PROFIT_RATIO":36.256269683891,"EPS_TTM":0.016588380327,"OPERATE_INCOME_QOQ":11.340072295937,"NET_PROFIT_RATIO":6.3411291263,"ROE_AVG":2.51962573506,"GROSS_PROFIT_QOQ":-23.999021945107,"ROA":2.305494346264,"HOLDER_PROFIT_QOQ":-56.809454449153,"ROE_YEARLY":2.51962573506,"ROIC_YEARLY":4.873602719386,"TOTAL_ASSETS":873338000,"TOTAL_LIABILITIES":34067000,"TAX_EBT":23.320599471055,"OCF_SALES":-50.65175551149,"TOTAL_PARENT_EQUITY":837764000,"DEBT_ASSET_RATIO":3.9007806829,"OPERATE_PROFIT":18146000,"PRETAX_PROFIT":17015000,"NETCASH_OPERATE":-104217000,"NETCASH_INVEST":-49413000,"NETCASH_FINANCE":619901000,"END_CASH":524258000,"DIVI_RATIO":null,"DIVIDEND_RATE":null,"CURRENT_RATIO":25.094684020699,"COMMON_ACS":50000000000,"CURRENTDEBT_DEBT":93.594974608859,"ISSUED_COMMON_SHARES":937864480,"HK_COMMON_SHARES":937864480,"PER_SHARES":800,"TOTAL_MARKET_CAP":389213759.2,"HKSK_MARKET_CAP":389213759.2,"PE_TTM":-3.610406999436,"PB_TTM":0.461442432967,"REPORT_DATE_SQ":"2020-12-31 00:00:00","REPORT_TYPE_SQ":"2020年年报","OPERATE_INCOME_SQ":176147000,"DPS_HKD":null,"OPERATE_INCOME_QOQ_SQ":16.212650010226,"NET_PROFIT_RATIO_SQ":18.1831084265,"HOLDER_PROFIT_SQ":32029000,"HOLDER_PROFIT_QOQ_SQ":-5.116127503259,"ROE_AVG_SQ":16.714154507692,"PE_TTM_SQ":-19.800692657625,"PB_TTM_SQ":0.652711728591,"ROA_SQ":12.72006640217,"START_DATE":"2021-01-01 00:00:00","FISCAL_YEAR":"12-31","CURRENCY":"HKD","IS_CNY_CODE":0,"DPS_HKD_LY":null,"ORG_TYPE":"一般企业","PREMIUM_INCOME":null,"PREMIUM_INCOME_YOY":null,"NET_INTEREST_INCOME":null,"NET_INTEREST_INCOME_YOY":null,"FEE_COMMISSION_INCOME":null,"FEE_COMMISSION_INCOME_YOY":null,"ACCOUNTS_RECE_TDAYS":1.438966052621,"INVENTORY_TDAYS":null,"CURRENT_ASSETS_TDAYS":0.401219539543,"TOTAL_ASSETS_TDAYS":0.363577889731,"PREMIUM_EXPENSE":null,"LOAN_DEPOSIT":null,"LOAN_EQUITY":null,"LOAN_ASSETS":null,"DEPOSIT_EQUITY":null,"DEPOSIT_ASSETS":null,"EQUITY_MULTIPLIER":1.040591179727,"EQUITY_RATIO":0.0406641966},{"SECUCODE":"09600.HK","SECURITY_CODE":"09600","SECURITY_NAME_ABBR":"新纽科技","ORG_CODE":"10000076346","STD_REPORT_DATE":"2021-06-30 00:00:00","REPORT_DATE":"2021-06-30 00:00:00","DATE_TYPE_CODE":"002","REPORT_TYPE":"2021年中报","PER_NETCASH_OPERATE":-0.05858875,"PER_OI":0.084255,"BPS":0.914885911875,"BASIC_EPS":0.0016,"DILUTED_EPS":0.0016,"OPERATE_INCOME":67404000,"OPERATE_INCOME_YOY":14.7204493235,"GROSS_PROFIT":30301000,"GROSS_PROFIT_YOY":23.430689641126,"HOLDER_PROFIT":1232000,"HOLDER_PROFIT_YOY":-59.6462495906,"GROSS_PROFIT_RATIO":44.95430538247,"EPS_TTM":0.03776,"OPERATE_INCOME_QOQ":4.910103493105,"NET_PROFIT_RATIO":1.8263011097,"ROE_AVG":0.233354326384,"GROSS_PROFIT_QOQ":6.224973485422,"ROA":0.213999232243,"HOLDER_PROFIT_QOQ":-5.68547254051,"ROE_YEARLY":0.466708652767,"ROIC_YEARLY":1.194443703842,"TOTAL_ASSETS":892926000,"TOTAL_LIABILITIES":33381000,"TAX_EBT":47.28051391863,"OCF_SALES":-69.537416177082,"TOTAL_PARENT_EQUITY":858039000,"DEBT_ASSET_RATIO":3.7383836958,"OPERATE_PROFIT":2954000,"PRETAX_PROFIT":2335000,"NETCASH_OPERATE":-46871000,"NETCASH_INVEST":-18132000,"NETCASH_FINANCE":662463000,"END_CASH":666685000,"DIVI_RATIO":null,"DIVIDEND_RATE":null,"CURRENT_RATIO":29.339189611472,"COMMON_ACS":50000000000,"CURRENTDEBT_DEBT":86.279620143195,"ISSUED_COMMON_SHARES":937864480,"HK_COMMON_SHARES":937864480,"PER_SHARES":800,"TOTAL_MARKET_CAP":389213759.2,"HKSK_MARKET_CAP":389213759.2,"PE_TTM":-3.610406999436,"PB_TTM":0.461442432967,"REPORT_DATE_SQ":"2020-06-30 00:00:00","REPORT_TYPE_SQ":"2020年中报","OPERATE_INCOME_SQ":58755000,"DPS_HKD":null,"OPERATE_INCOME_QOQ_SQ":0.127493724402,"NET_PROFIT_RATIO_SQ":5.1978555017,"HOLDER_PROFIT_SQ":3053000,"HOLDER_PROFIT_QOQ_SQ":4.585450489528,"ROE_AVG_SQ":1.725936248336,"PE_TTM_SQ":-19.800692657625,"PB_TTM_SQ":0.652711728591,"ROA_SQ":1.410370123991,"START_DATE":"2021-01-01 00:00:00","FISCAL_YEAR":"12-31","CURRENCY":"HKD","IS_CNY_CODE":0,"DPS_HKD_LY":null,"ORG_TYPE":"一般企业","PREMIUM_INCOME":null,"PREMIUM_INCOME_YOY":null,"NET_INTEREST_INCOME":null,"NET_INTEREST_INCOME_YOY":null,"FEE_COMMISSION_INCOME":null,"FEE_COMMISSION_INCOME_YOY":null,"ACCOUNTS_RECE_TDAYS":0.555512974249,"INVENTORY_TDAYS":null,"CURRENT_ASSETS_TDAYS":0.125931468575,"TOTAL_ASSETS_TDAYS":0.117081203329,"PREMIUM_EXPENSE":null,"LOAN_DEPOSIT":null,"LOAN_EQUITY":null,"LOAN_ASSETS":null,"DEPOSIT_EQUITY":null,"DEPOSIT_ASSETS":null,"EQUITY_MULTIPLIER":1.038835663054,"EQUITY_RATIO":0.03890382605},{"SECUCODE":"09600.HK","SECURITY_CODE":"09600","SECURITY_NAME_ABBR":"新纽科技","ORG_CODE":"10000076346","STD_REPORT_DATE":"2020-12-31 00:00:00","REPORT_DATE":"2020-12-31 00:00:00","DATE_TYPE_CODE":"001","REPORT_TYPE":"2020年年报","PER_NETCASH_OPERATE":0.018761666667,"PER_OI":0.293578333333,"BPS":0.21097504407,"BASIC_EPS":0.0534,"DILUTED_EPS":0.0534,"OPERATE_INCOME":176147000,"OPERATE_INCOME_YOY":18.2432704571,"GROSS_PROFIT":92402000,"GROSS_PROFIT_YOY":26.304710352935,"HOLDER_PROFIT":32029000,"HOLDER_PROFIT_YOY":-3.2531867335,"GROSS_PROFIT_RATIO":52.457322577166,"EPS_TTM":0.053381666667,"OPERATE_INCOME_QOQ":16.212650010226,"NET_PROFIT_RATIO":18.1831084265,"ROE_AVG":16.714154507692,"GROSS_PROFIT_QOQ":20.693843963479,"ROA":12.72006640217,"HOLDER_PROFIT_QOQ":-5.116127503259,"ROE_YEARLY":16.714154507692,"ROIC_YEARLY":17.122588301961,"TOTAL_ASSETS":258480000,"TOTAL_LIABILITIES":59107000,"TAX_EBT":20.49200675206,"OCF_SALES":6.390685052825,"TOTAL_PARENT_EQUITY":197866000,"DEBT_ASSET_RATIO":22.8671463943,"OPERATE_PROFIT":42412000,"PRETAX_PROFIT":40284000,"NETCASH_OPERATE":11257000,"NETCASH_INVEST":-10337000,"NETCASH_FINANCE":11470000,"END_CASH":69131000,"DIVI_RATIO":null,"DIVIDEND_RATE":null,"CURRENT_RATIO":4.249538275979,"COMMON_ACS":50000000000,"CURRENTDEBT_DEBT":89.772784949329,"ISSUED_COMMON_SHARES":937864480,"HK_COMMON_SHARES":937864480,"PER_SHARES":800,"TOTAL_MARKET_CAP":389213759.2,"HKSK_MARKET_CAP":389213759.2,"PE_TTM":-3.610406999436,"PB_TTM":0.461442432967,"REPORT_DATE_SQ":"2019-12-31 00:00:00","REPORT_TYPE_SQ":"2019年年报","OPERATE_INCOME_SQ":148970000,"DPS_HKD":null,"OPERATE_INCOME_QOQ_SQ":7.342556564346,"NET_PROFIT_RATIO_SQ":22.2279653622,"HOLDER_PROFIT_SQ":33106000,"HOLDER_PROFIT_QOQ_SQ":-4.101732228724,"ROE_AVG_SQ":25.400308431221,"PE_TTM_SQ":-19.800692657625,"PB_TTM_SQ":0.652711728591,"ROA_SQ":17.953070177817,"START_DATE":"2020-01-01 00:00:00","FISCAL_YEAR":"12-31","CURRENCY":"HKD","IS_CNY_CODE":0,"DPS_HKD_LY":null,"ORG_TYPE":"一般企业","PREMIUM_INCOME":null,"PREMIUM_INCOME_YOY":null,"NET_INTEREST_INCOME":null,"NET_INTEREST_INCOME_YOY":null,"FEE_COMMISSION_INCOME":null,"FEE_COMMISSION_INCOME_YOY":null,"ACCOUNTS_RECE_TDAYS":1.962236196439,"INVENTORY_TDAYS":null,"CURRENT_ASSETS_TDAYS":0.799378275964,"TOTAL_ASSETS_TDAYS":0.699554009349,"PREMIUM_EXPENSE":null,"LOAN_DEPOSIT":null,"LOAN_EQUITY":null,"LOAN_ASSETS":null,"DEPOSIT_EQUITY":null,"DEPOSIT_ASSETS":null,"EQUITY_MULTIPLIER":1.296464415944,"EQUITY_RATIO":0.298722367663},{"SECUCODE":"09600.HK","SECURITY_CODE":"09600","SECURITY_NAME_ABBR":"新纽科技","ORG_CODE":"10000076346","STD_REPORT_DATE":"2020-06-30 00:00:00","REPORT_DATE":"2020-06-30 00:00:00","DATE_TYPE_CODE":"002","REPORT_TYPE":"2020年中报","PER_NETCASH_OPERATE":-0.049777734375,"PER_OI":0.103989005625,"BPS":0.179545130017,"BASIC_EPS":0.0051,"DILUTED_EPS":0.0051,"OPERATE_INCOME":58755000,"OPERATE_INCOME_YOY":4.6356318564,"GROSS_PROFIT":24549000,"GROSS_PROFIT_YOY":16.081898997541,"HOLDER_PROFIT":3053000,"HOLDER_PROFIT_YOY":27.0495214315,"GROSS_PROFIT_RATIO":41.781976002042,"EPS_TTM":0.0597439005,"OPERATE_INCOME_QOQ":0.127493724402,"NET_PROFIT_RATIO":5.1978555017,"ROE_AVG":1.725936248336,"GROSS_PROFIT_QOQ":1.908818635607,"ROA":1.410370123991,"HOLDER_PROFIT_QOQ":4.585450489528,"ROE_YEARLY":3.451872496672,"ROIC_YEARLY":3.490010374007,"TOTAL_ASSETS":187818000,"TOTAL_LIABILITIES":17921000,"TAX_EBT":34.053120276398,"OCF_SALES":-47.868266530508,"TOTAL_PARENT_EQUITY":168389000,"DEBT_ASSET_RATIO":9.5416839707,"OPERATE_PROFIT":6248000,"PRETAX_PROFIT":4631000,"NETCASH_OPERATE":-28125000,"NETCASH_INVEST":-3474000,"NETCASH_FINANCE":-2092000,"END_CASH":22669000,"DIVI_RATIO":null,"DIVIDEND_RATE":null,"CURRENT_RATIO":16.611841413398,"COMMON_ACS":50000000000,"CURRENTDEBT_DEBT":53.060655097372,"ISSUED_COMMON_SHARES":937864480,"HK_COMMON_SHARES":937864480,"PER_SHARES":800,"TOTAL_MARKET_CAP":389213759.2,"HKSK_MARKET_CAP":389213759.2,"PE_TTM":-3.610406999436,"PB_TTM":0.461442432967,"REPORT_DATE_SQ":"2019-06-30 00:00:00","REPORT_TYPE_SQ":"2019年中报","OPERATE_INCOME_SQ":56152000,"DPS_HKD":null,"OPERATE_INCOME_QOQ_SQ":0,"NET_PROFIT_RATIO_SQ":4.2776748825,"HOLDER_PROFIT_SQ":2403000,"HOLDER_PROFIT_QOQ_SQ":0,"ROE_AVG_SQ":null,"PE_TTM_SQ":-19.800692657625,"PB_TTM_SQ":0.652711728591,"ROA_SQ":null,"START_DATE":"2020-01-01 00:00:00","FISCAL_YEAR":"12-31","CURRENCY":"HKD","IS_CNY_CODE":0,"DPS_HKD_LY":null,"ORG_TYPE":"一般企业","PREMIUM_INCOME":null,"PREMIUM_INCOME_YOY":null,"NET_INTEREST_INCOME":null,"NET_INTEREST_INCOME_YOY":null,"FEE_COMMISSION_INCOME":null,"FEE_COMMISSION_INCOME_YOY":null,"ACCOUNTS_RECE_TDAYS":0.685813334578,"INVENTORY_TDAYS":null,"CURRENT_ASSETS_TDAYS":0.314885726306,"TOTAL_ASSETS_TDAYS":0.271425799656,"PREMIUM_EXPENSE":null,"LOAN_DEPOSIT":null,"LOAN_EQUITY":null,"LOAN_ASSETS":null,"DEPOSIT_EQUITY":null,"DEPOSIT_ASSETS":null,"EQUITY_MULTIPLIER":1.105481556473,"EQUITY_RATIO":0.106426191735}],"count":17},"success":true,"message":"ok","code":0}