{"version":"3bdf5ae5cdb3fc788b09dafa5b3e07b4","result":{"pages":2,"data":[{"SECUCODE":"09608.HK","SECURITY_CODE":"09608","SECURITY_NAME_ABBR":"宋都服务","ORG_CODE":"10000074121","STD_REPORT_DATE":"2024-06-30 00:00:00","REPORT_DATE":"2024-06-30 00:00:00","DATE_TYPE_CODE":"002","REPORT_TYPE":"2024年中报","PER_NETCASH_OPERATE":-0.006523697917,"PER_OI":0.030625520833,"BPS":0.101519791667,"BASIC_EPS":0.0014,"DILUTED_EPS":0.0014,"OPERATE_INCOME":117602000,"OPERATE_INCOME_YOY":-13.6422382141,"GROSS_PROFIT":21879000,"GROSS_PROFIT_YOY":-19.953901876852,"HOLDER_PROFIT":5310000,"HOLDER_PROFIT_YOY":18.1049822064,"GROSS_PROFIT_RATIO":18.604275437493,"EPS_TTM":0.002648958333,"OPERATE_INCOME_QOQ":-7.081055945602,"NET_PROFIT_RATIO":3.6895631027,"ROE_AVG":1.371823621201,"GROSS_PROFIT_QOQ":-12.142395974798,"ROA":0.952657753665,"HOLDER_PROFIT_QOQ":8.698439837572,"ROE_YEARLY":2.743647242402,"ROIC_YEARLY":2.622691716418,"TOTAL_ASSETS":552416000,"TOTAL_LIABILITIES":156176000,"TAX_EBT":13.582951603266,"OCF_SALES":-21.301508477747,"TOTAL_PARENT_EQUITY":389836000,"DEBT_ASSET_RATIO":28.2714476047,"OPERATE_PROFIT":3441000,"PRETAX_PROFIT":5021000,"NETCASH_OPERATE":-25051000,"NETCASH_INVEST":11499000,"NETCASH_FINANCE":null,"END_CASH":140836000,"DIVI_RATIO":null,"DIVIDEND_RATE":null,"CURRENT_RATIO":2.672126319025,"COMMON_ACS":5000000000,"CURRENTDEBT_DEBT":100,"ISSUED_COMMON_SHARES":3840000000,"HK_COMMON_SHARES":3840000000,"PER_SHARES":10000,"TOTAL_MARKET_CAP":798720000,"HKSK_MARKET_CAP":798720000,"PE_TTM":70.884046810181,"PB_TTM":1.869954980043,"REPORT_DATE_SQ":"2023-06-30 00:00:00","REPORT_TYPE_SQ":"2023年中报","OPERATE_INCOME_SQ":136180000,"DPS_HKD":null,"OPERATE_INCOME_QOQ_SQ":2.018013187828,"NET_PROFIT_RATIO_SQ":4.2451167572,"HOLDER_PROFIT_SQ":4496000,"HOLDER_PROFIT_QOQ_SQ":-44.595744680851,"ROE_AVG_SQ":1.302429598987,"PE_TTM_SQ":69.660050726053,"PB_TTM_SQ":3.560433179803,"ROA_SQ":0.849105332687,"START_DATE":"2024-01-01 00:00:00","FISCAL_YEAR":"12-31","CURRENCY":"HKD","IS_CNY_CODE":0,"DPS_HKD_LY":null,"ORG_TYPE":"一般企业","PREMIUM_INCOME":null,"PREMIUM_INCOME_YOY":null,"NET_INTEREST_INCOME":null,"NET_INTEREST_INCOME_YOY":null,"FEE_COMMISSION_INCOME":null,"FEE_COMMISSION_INCOME_YOY":null,"ACCOUNTS_RECE_TDAYS":0.49678111588,"INVENTORY_TDAYS":10.406370603903,"CURRENT_ASSETS_TDAYS":0.26644402958,"TOTAL_ASSETS_TDAYS":0.210987678242,"PREMIUM_EXPENSE":null,"LOAN_DEPOSIT":null,"LOAN_EQUITY":null,"LOAN_ASSETS":null,"DEPOSIT_EQUITY":null,"DEPOSIT_ASSETS":null,"EQUITY_MULTIPLIER":1.394144962649,"EQUITY_RATIO":0.400619747791},{"SECUCODE":"09608.HK","SECURITY_CODE":"09608","SECURITY_NAME_ABBR":"宋都服务","ORG_CODE":"10000074121","STD_REPORT_DATE":"2023-12-31 00:00:00","REPORT_DATE":"2023-12-31 00:00:00","DATE_TYPE_CODE":"001","REPORT_TYPE":"2023年年报","PER_NETCASH_OPERATE":-0.005084114583,"PER_OI":0.0683234375,"BPS":0.100082291667,"BASIC_EPS":0.0029,"DILUTED_EPS":0.0029,"OPERATE_INCOME":262362000,"OPERATE_INCOME_YOY":-2.3155025858,"GROSS_PROFIT":44917000,"GROSS_PROFIT_YOY":-22.635594825953,"HOLDER_PROFIT":9358000,"HOLDER_PROFIT_YOY":-71.556231003,"GROSS_PROFIT_RATIO":17.120238449166,"EPS_TTM":0.002436979167,"OPERATE_INCOME_QOQ":-4.247794716078,"NET_PROFIT_RATIO":4.5597304488,"ROE_AVG":2.575524262853,"GROSS_PROFIT_QOQ":-1.855088930647,"ROA":1.713392216314,"HOLDER_PROFIT_QOQ":-48.661400043889,"ROE_YEARLY":2.575524262853,"ROIC_YEARLY":2.296419176253,"TOTAL_ASSETS":562360000,"TOTAL_LIABILITIES":169811000,"TAX_EBT":30.134906266425,"OCF_SALES":-7.441245302292,"TOTAL_PARENT_EQUITY":384316000,"DEBT_ASSET_RATIO":30.1961377054,"OPERATE_PROFIT":14504000,"PRETAX_PROFIT":17123000,"NETCASH_OPERATE":-19523000,"NETCASH_INVEST":31925000,"NETCASH_FINANCE":31538000,"END_CASH":154178000,"DIVI_RATIO":null,"DIVIDEND_RATE":null,"CURRENT_RATIO":2.756682480736,"COMMON_ACS":5000000000,"CURRENTDEBT_DEBT":99.426421138796,"ISSUED_COMMON_SHARES":3840000000,"HK_COMMON_SHARES":3840000000,"PER_SHARES":10000,"TOTAL_MARKET_CAP":879360000,"HKSK_MARKET_CAP":879360000,"PE_TTM":78.040609228516,"PB_TTM":2.058748511682,"REPORT_DATE_SQ":"2022-12-31 00:00:00","REPORT_TYPE_SQ":"2022年年报","OPERATE_INCOME_SQ":268581000,"DPS_HKD":null,"OPERATE_INCOME_QOQ_SQ":-12.692644013692,"NET_PROFIT_RATIO_SQ":12.5846578872,"HOLDER_PROFIT_SQ":32900000,"HOLDER_PROFIT_QOQ_SQ":-34.670373312153,"ROE_AVG_SQ":10.110415571884,"PE_TTM_SQ":24.049303226851,"PB_TTM_SQ":1.229197169218,"ROA_SQ":6.463393910461,"START_DATE":"2023-01-01 00:00:00","FISCAL_YEAR":"12-31","CURRENCY":"HKD","IS_CNY_CODE":0,"DPS_HKD_LY":null,"ORG_TYPE":"一般企业","PREMIUM_INCOME":null,"PREMIUM_INCOME_YOY":null,"NET_INTEREST_INCOME":null,"NET_INTEREST_INCOME_YOY":null,"FEE_COMMISSION_INCOME":null,"FEE_COMMISSION_INCOME_YOY":null,"ACCOUNTS_RECE_TDAYS":1.199133427486,"INVENTORY_TDAYS":22.313494099538,"CURRENT_ASSETS_TDAYS":0.5655682046,"TOTAL_ASSETS_TDAYS":0.480368677769,"PREMIUM_EXPENSE":null,"LOAN_DEPOSIT":null,"LOAN_EQUITY":null,"LOAN_ASSETS":null,"DEPOSIT_EQUITY":null,"DEPOSIT_ASSETS":null,"EQUITY_MULTIPLIER":1.432585486143,"EQUITY_RATIO":0.441852538016},{"SECUCODE":"09608.HK","SECURITY_CODE":"09608","SECURITY_NAME_ABBR":"宋都服务","ORG_CODE":"10000074121","STD_REPORT_DATE":"2023-06-30 00:00:00","REPORT_DATE":"2023-06-30 00:00:00","DATE_TYPE_CODE":"002","REPORT_TYPE":"2023年中报","PER_NETCASH_OPERATE":-0.021084375,"PER_OI":0.04255625,"BPS":0.090633072917,"BASIC_EPS":0.0014,"DILUTED_EPS":0.0014,"OPERATE_INCOME":136180000,"OPERATE_INCOME_YOY":4.1449984705,"GROSS_PROFIT":27333000,"GROSS_PROFIT_YOY":-31.022560944834,"HOLDER_PROFIT":4496000,"HOLDER_PROFIT_YOY":-76.5442404007,"GROSS_PROFIT_RATIO":20.071229255397,"EPS_TTM":0.00569625,"OPERATE_INCOME_QOQ":2.018013187828,"NET_PROFIT_RATIO":4.2451167572,"ROE_AVG":1.302429598987,"GROSS_PROFIT_QOQ":-21.173289240256,"ROA":0.849105332687,"HOLDER_PROFIT_QOQ":-44.595744680851,"ROE_YEARLY":2.604859197975,"ROIC_YEARLY":2.372240147104,"TOTAL_ASSETS":529021000,"TOTAL_LIABILITIES":174077000,"TAX_EBT":14.797347089167,"OCF_SALES":-49.544720223234,"TOTAL_PARENT_EQUITY":348031000,"DEBT_ASSET_RATIO":32.9054990256,"OPERATE_PROFIT":4728000,"PRETAX_PROFIT":6785000,"NETCASH_OPERATE":-67470000,"NETCASH_INVEST":136151000,"NETCASH_FINANCE":-69000,"END_CASH":179065000,"DIVI_RATIO":null,"DIVIDEND_RATE":null,"CURRENT_RATIO":2.704849967328,"COMMON_ACS":5000000000,"CURRENTDEBT_DEBT":99.340521723146,"ISSUED_COMMON_SHARES":3840000000,"HK_COMMON_SHARES":3840000000,"PER_SHARES":10000,"TOTAL_MARKET_CAP":879360000,"HKSK_MARKET_CAP":879360000,"PE_TTM":78.040609228516,"PB_TTM":2.058748511682,"REPORT_DATE_SQ":"2022-06-30 00:00:00","REPORT_TYPE_SQ":"2022年中报","OPERATE_INCOME_SQ":130760000,"DPS_HKD":null,"OPERATE_INCOME_QOQ_SQ":-2.722641563131,"NET_PROFIT_RATIO_SQ":14.8753441419,"HOLDER_PROFIT_SQ":19168000,"HOLDER_PROFIT_QOQ_SQ":-7.809468018892,"ROE_AVG_SQ":6.017652996033,"PE_TTM_SQ":24.049303226851,"PB_TTM_SQ":1.229197169218,"ROA_SQ":3.778892966524,"START_DATE":"2023-01-01 00:00:00","FISCAL_YEAR":"12-31","CURRENCY":"HKD","IS_CNY_CODE":0,"DPS_HKD_LY":null,"ORG_TYPE":"一般企业","PREMIUM_INCOME":null,"PREMIUM_INCOME_YOY":null,"NET_INTEREST_INCOME":null,"NET_INTEREST_INCOME_YOY":null,"FEE_COMMISSION_INCOME":null,"FEE_COMMISSION_INCOME_YOY":null,"ACCOUNTS_RECE_TDAYS":0.560626083234,"INVENTORY_TDAYS":10.842954624695,"CURRENT_ASSETS_TDAYS":0.29282904293,"TOTAL_ASSETS_TDAYS":0.257186753126,"PREMIUM_EXPENSE":null,"LOAN_DEPOSIT":null,"LOAN_EQUITY":null,"LOAN_ASSETS":null,"DEPOSIT_EQUITY":null,"DEPOSIT_ASSETS":null,"EQUITY_MULTIPLIER":1.490435110892,"EQUITY_RATIO":0.500176708397},{"SECUCODE":"09608.HK","SECURITY_CODE":"09608","SECURITY_NAME_ABBR":"宋都服务","ORG_CODE":"10000074121","STD_REPORT_DATE":"2022-12-31 00:00:00","REPORT_DATE":"2022-12-31 00:00:00","DATE_TYPE_CODE":"001","REPORT_TYPE":"2022年年报","PER_NETCASH_OPERATE":-0.0141546875,"PER_OI":0.0839315625,"BPS":0.089159114583,"BASIC_EPS":0.0103,"DILUTED_EPS":0.0103,"OPERATE_INCOME":268581000,"OPERATE_INCOME_YOY":-15.0697103754,"GROSS_PROFIT":58059000,"GROSS_PROFIT_YOY":-49.311600213024,"HOLDER_PROFIT":32900000,"HOLDER_PROFIT_YOY":-39.7722696152,"GROSS_PROFIT_RATIO":21.616942374926,"EPS_TTM":0.01028125,"OPERATE_INCOME_QOQ":-12.692644013692,"NET_PROFIT_RATIO":12.5846578872,"ROE_AVG":10.110415571884,"GROSS_PROFIT_QOQ":-45.44813913501,"ROA":6.463393910461,"HOLDER_PROFIT_QOQ":-34.670373312153,"ROE_YEARLY":10.110415571884,"ROIC_YEARLY":11.278807668904,"TOTAL_ASSETS":529976000,"TOTAL_LIABILITIES":181977000,"TAX_EBT":16.19557671328,"OCF_SALES":-16.864558550307,"TOTAL_PARENT_EQUITY":342371000,"DEBT_ASSET_RATIO":34.3368378945,"OPERATE_PROFIT":37242000,"PRETAX_PROFIT":40332000,"NETCASH_OPERATE":-45295000,"NETCASH_INVEST":-164392000,"NETCASH_FINANCE":-189000,"END_CASH":109289000,"DIVI_RATIO":null,"DIVIDEND_RATE":null,"CURRENT_RATIO":2.559096695633,"COMMON_ACS":5000000000,"CURRENTDEBT_DEBT":99.28177736747,"ISSUED_COMMON_SHARES":3840000000,"HK_COMMON_SHARES":3840000000,"PER_SHARES":10000,"TOTAL_MARKET_CAP":879360000,"HKSK_MARKET_CAP":879360000,"PE_TTM":78.040609228516,"PB_TTM":2.058748511682,"REPORT_DATE_SQ":"2021-12-31 00:00:00","REPORT_TYPE_SQ":"2021年年报","OPERATE_INCOME_SQ":316237000,"DPS_HKD":null,"OPERATE_INCOME_QOQ_SQ":13.207013574661,"NET_PROFIT_RATIO_SQ":17.3629271717,"HOLDER_PROFIT_SQ":54626000,"HOLDER_PROFIT_QOQ_SQ":36.900405994687,"ROE_AVG_SQ":25.740390822688,"PE_TTM_SQ":24.049303226851,"PB_TTM_SQ":1.229197169218,"ROA_SQ":14.202848057658,"START_DATE":"2022-01-01 00:00:00","FISCAL_YEAR":"12-31","CURRENCY":"HKD","IS_CNY_CODE":0,"DPS_HKD_LY":null,"ORG_TYPE":"一般企业","PREMIUM_INCOME":null,"PREMIUM_INCOME_YOY":null,"NET_INTEREST_INCOME":null,"NET_INTEREST_INCOME_YOY":null,"FEE_COMMISSION_INCOME":null,"FEE_COMMISSION_INCOME_YOY":null,"ACCOUNTS_RECE_TDAYS":1.606513839666,"INVENTORY_TDAYS":34.134089987839,"CURRENT_ASSETS_TDAYS":0.581730717165,"TOTAL_ASSETS_TDAYS":0.527642796312,"PREMIUM_EXPENSE":null,"LOAN_DEPOSIT":null,"LOAN_EQUITY":null,"LOAN_ASSETS":null,"DEPOSIT_EQUITY":null,"DEPOSIT_ASSETS":null,"EQUITY_MULTIPLIER":1.522923916447,"EQUITY_RATIO":0.531519900926},{"SECUCODE":"09608.HK","SECURITY_CODE":"09608","SECURITY_NAME_ABBR":"宋都服务","ORG_CODE":"10000074121","STD_REPORT_DATE":"2022-06-30 00:00:00","REPORT_DATE":"2022-06-30 00:00:00","DATE_TYPE_CODE":"002","REPORT_TYPE":"2022年中报","PER_NETCASH_OPERATE":-0.0498784375,"PER_OI":0.0408625,"BPS":0.085577083333,"BASIC_EPS":0.006,"DILUTED_EPS":0.006,"OPERATE_INCOME":130760000,"OPERATE_INCOME_YOY":-6.1778001005,"GROSS_PROFIT":39626000,"GROSS_PROFIT_YOY":-16.992752105241,"HOLDER_PROFIT":19168000,"HOLDER_PROFIT_YOY":-18.2043185116,"GROSS_PROFIT_RATIO":30.30437442643,"EPS_TTM":0.0157375,"OPERATE_INCOME_QOQ":-2.722641563131,"NET_PROFIT_RATIO":14.8753441419,"ROE_AVG":6.017652996033,"GROSS_PROFIT_QOQ":-7.082180180023,"ROA":3.778892966524,"HOLDER_PROFIT_QOQ":-7.809468018892,"ROE_YEARLY":12.035305992067,"ROIC_YEARLY":14.152993057517,"TOTAL_ASSETS":526412000,"TOTAL_LIABILITIES":192785000,"TAX_EBT":24.588066529679,"OCF_SALES":-122.064086876721,"TOTAL_PARENT_EQUITY":328616000,"DEBT_ASSET_RATIO":36.6224554152,"OPERATE_PROFIT":24081000,"PRETAX_PROFIT":25793000,"NETCASH_OPERATE":-24611000,"NETCASH_INVEST":-146455000,"NETCASH_FINANCE":-118000,"END_CASH":148000000,"DIVI_RATIO":null,"DIVIDEND_RATE":null,"CURRENT_RATIO":2.536443527474,"COMMON_ACS":5000000000,"CURRENTDEBT_DEBT":99.811188629821,"ISSUED_COMMON_SHARES":3840000000,"HK_COMMON_SHARES":3840000000,"PER_SHARES":10000,"TOTAL_MARKET_CAP":883200000,"HKSK_MARKET_CAP":883200000,"PE_TTM":78.381397915104,"PB_TTM":2.067738679855,"REPORT_DATE_SQ":"2021-06-30 00:00:00","REPORT_TYPE_SQ":"2021年中报","OPERATE_INCOME_SQ":139370000,"DPS_HKD":null,"OPERATE_INCOME_QOQ_SQ":8.819920296997,"NET_PROFIT_RATIO_SQ":16.8350434096,"HOLDER_PROFIT_SQ":23434000,"HOLDER_PROFIT_QOQ_SQ":22.181395063997,"ROE_AVG_SQ":11.842979696522,"PE_TTM_SQ":24.049303226851,"PB_TTM_SQ":1.229197169218,"ROA_SQ":6.525777014138,"START_DATE":"2022-01-01 00:00:00","FISCAL_YEAR":"12-31","CURRENCY":"HKD","IS_CNY_CODE":0,"DPS_HKD_LY":null,"ORG_TYPE":"一般企业","PREMIUM_INCOME":null,"PREMIUM_INCOME_YOY":null,"NET_INTEREST_INCOME":null,"NET_INTEREST_INCOME_YOY":null,"FEE_COMMISSION_INCOME":null,"FEE_COMMISSION_INCOME_YOY":null,"ACCOUNTS_RECE_TDAYS":0.843436053731,"INVENTORY_TDAYS":14.81612745895,"CURRENT_ASSETS_TDAYS":0.275545543721,"TOTAL_ASSETS_TDAYS":0.257788003079,"PREMIUM_EXPENSE":null,"LOAN_DEPOSIT":null,"LOAN_EQUITY":null,"LOAN_ASSETS":null,"DEPOSIT_EQUITY":null,"DEPOSIT_ASSETS":null,"EQUITY_MULTIPLIER":1.577845917748,"EQUITY_RATIO":0.586657375173},{"SECUCODE":"09608.HK","SECURITY_CODE":"09608","SECURITY_NAME_ABBR":"宋都服务","ORG_CODE":"10000074121","STD_REPORT_DATE":"2021-12-31 00:00:00","REPORT_DATE":"2021-12-31 00:00:00","DATE_TYPE_CODE":"001","REPORT_TYPE":"2021年年报","PER_NETCASH_OPERATE":-0.002054375,"PER_OI":0.0988240625,"BPS":0.080323697917,"BASIC_EPS":0.0173,"DILUTED_EPS":0.0173,"OPERATE_INCOME":316237000,"OPERATE_INCOME_YOY":23.1917819426,"GROSS_PROFIT":114541000,"GROSS_PROFIT_YOY":47.115261116391,"HOLDER_PROFIT":54626000,"HOLDER_PROFIT_YOY":67.2668258926,"GROSS_PROFIT_RATIO":36.219986908553,"EPS_TTM":0.017070625,"OPERATE_INCOME_QOQ":13.207013574661,"NET_PROFIT_RATIO":17.3629271717,"ROE_AVG":25.740390822688,"GROSS_PROFIT_QOQ":22.617836917774,"ROA":14.202848057658,"HOLDER_PROFIT_QOQ":36.900405994687,"ROE_YEARLY":25.740390822688,"ROIC_YEARLY":42.672561947317,"TOTAL_ASSETS":488065000,"TOTAL_LIABILITIES":178062000,"TAX_EBT":28.124304582881,"OCF_SALES":-2.078820631362,"TOTAL_PARENT_EQUITY":308443000,"DEBT_ASSET_RATIO":36.4832553041,"OPERATE_PROFIT":75263000,"PRETAX_PROFIT":76393000,"NETCASH_OPERATE":-6574000,"NETCASH_INVEST":-4207000,"NETCASH_FINANCE":137183000,"END_CASH":318169000,"DIVI_RATIO":null,"DIVIDEND_RATE":null,"CURRENT_RATIO":2.591607408865,"COMMON_ACS":5000000000,"CURRENTDEBT_DEBT":99.906212442857,"ISSUED_COMMON_SHARES":3840000000,"HK_COMMON_SHARES":3840000000,"PER_SHARES":10000,"TOTAL_MARKET_CAP":883200000,"HKSK_MARKET_CAP":883200000,"PE_TTM":78.381397915104,"PB_TTM":2.067738679855,"REPORT_DATE_SQ":"2020-12-31 00:00:00","REPORT_TYPE_SQ":"2020年年报","OPERATE_INCOME_SQ":256703000,"DPS_HKD":null,"OPERATE_INCOME_QOQ_SQ":4.186063501211,"NET_PROFIT_RATIO_SQ":12.7976689014,"HOLDER_PROFIT_SQ":32658000,"HOLDER_PROFIT_QOQ_SQ":-12.74913171253,"ROE_AVG_SQ":32.766128223136,"PE_TTM_SQ":24.049303226851,"PB_TTM_SQ":1.229197169218,"ROA_SQ":13.146840197335,"START_DATE":"2021-01-01 00:00:00","FISCAL_YEAR":"12-31","CURRENCY":"HKD","IS_CNY_CODE":0,"DPS_HKD_LY":null,"ORG_TYPE":"一般企业","PREMIUM_INCOME":null,"PREMIUM_INCOME_YOY":null,"NET_INTEREST_INCOME":null,"NET_INTEREST_INCOME_YOY":null,"FEE_COMMISSION_INCOME":null,"FEE_COMMISSION_INCOME_YOY":null,"ACCOUNTS_RECE_TDAYS":3.549714888649,"INVENTORY_TDAYS":190.099905749293,"CURRENT_ASSETS_TDAYS":0.886371599066,"TOTAL_ASSETS_TDAYS":0.822221297772,"PREMIUM_EXPENSE":null,"LOAN_DEPOSIT":null,"LOAN_EQUITY":null,"LOAN_ASSETS":null,"DEPOSIT_EQUITY":null,"DEPOSIT_ASSETS":null,"EQUITY_MULTIPLIER":1.574387989793,"EQUITY_RATIO":0.577293049283},{"SECUCODE":"09608.HK","SECURITY_CODE":"09608","SECURITY_NAME_ABBR":"宋都服务","ORG_CODE":"10000074121","STD_REPORT_DATE":"2021-06-30 00:00:00","REPORT_DATE":"2021-06-30 00:00:00","DATE_TYPE_CODE":"002","REPORT_TYPE":"2021年中报","PER_NETCASH_OPERATE":-0.0104621875,"PER_OI":0.043553125,"BPS":0.0728515625,"BASIC_EPS":0.0075,"DILUTED_EPS":0.0075,"OPERATE_INCOME":139370000,"OPERATE_INCOME_YOY":19.3962083116,"GROSS_PROFIT":47738000,"GROSS_PROFIT_YOY":48.332970823105,"HOLDER_PROFIT":23434000,"HOLDER_PROFIT_YOY":44.7436689314,"GROSS_PROFIT_RATIO":34.25270861735,"EPS_TTM":0.012469375,"OPERATE_INCOME_QOQ":8.819920296997,"NET_PROFIT_RATIO":16.8350434096,"ROE_AVG":11.842979696522,"GROSS_PROFIT_QOQ":19.978679133808,"ROA":6.525777014138,"HOLDER_PROFIT_QOQ":22.181395063997,"ROE_YEARLY":23.685959393044,"ROIC_YEARLY":38.462737889096,"TOTAL_ASSETS":437037000,"TOTAL_LIABILITIES":155980000,"TAX_EBT":27.144853283652,"OCF_SALES":-24.021668938796,"TOTAL_PARENT_EQUITY":279750000,"DEBT_ASSET_RATIO":35.6903420077,"OPERATE_PROFIT":31629000,"PRETAX_PROFIT":32205000,"NETCASH_OPERATE":-22900000,"NETCASH_INVEST":-27148000,"NETCASH_FINANCE":137862000,"END_CASH":279712000,"DIVI_RATIO":null,"DIVIDEND_RATE":null,"CURRENT_RATIO":2.620592383639,"COMMON_ACS":5000000000,"CURRENTDEBT_DEBT":100,"ISSUED_COMMON_SHARES":3840000000,"HK_COMMON_SHARES":3840000000,"PER_SHARES":10000,"TOTAL_MARKET_CAP":883200000,"HKSK_MARKET_CAP":883200000,"PE_TTM":78.381397915104,"PB_TTM":2.067738679855,"REPORT_DATE_SQ":"2020-06-30 00:00:00","REPORT_TYPE_SQ":"2020年中报","OPERATE_INCOME_SQ":116729000,"DPS_HKD":null,"OPERATE_INCOME_QOQ_SQ":10.749570736356,"NET_PROFIT_RATIO_SQ":14.00680208,"HOLDER_PROFIT_SQ":16190000,"HOLDER_PROFIT_QOQ_SQ":6.510727903933,"ROE_AVG_SQ":17.705599300088,"PE_TTM_SQ":24.049303226851,"PB_TTM_SQ":1.229197169218,"ROA_SQ":6.914238248678,"START_DATE":"2021-01-01 00:00:00","FISCAL_YEAR":"12-31","CURRENCY":"HKD","IS_CNY_CODE":0,"DPS_HKD_LY":null,"ORG_TYPE":"一般企业","PREMIUM_INCOME":null,"PREMIUM_INCOME_YOY":null,"NET_INTEREST_INCOME":null,"NET_INTEREST_INCOME_YOY":null,"FEE_COMMISSION_INCOME":null,"FEE_COMMISSION_INCOME_YOY":null,"ACCOUNTS_RECE_TDAYS":1.677650783333,"INVENTORY_TDAYS":374.773006134969,"CURRENT_ASSETS_TDAYS":0.421515848052,"TOTAL_ASSETS_TDAYS":0.388110242579,"PREMIUM_EXPENSE":null,"LOAN_DEPOSIT":null,"LOAN_EQUITY":null,"LOAN_ASSETS":null,"DEPOSIT_EQUITY":null,"DEPOSIT_ASSETS":null,"EQUITY_MULTIPLIER":1.55497639269,"EQUITY_RATIO":0.557569258266},{"SECUCODE":"09608.HK","SECURITY_CODE":"09608","SECURITY_NAME_ABBR":"宋都服务","ORG_CODE":"10000074121","STD_REPORT_DATE":"2020-12-31 00:00:00","REPORT_DATE":"2020-12-31 00:00:00","DATE_TYPE_CODE":"001","REPORT_TYPE":"2020年年报","PER_NETCASH_OPERATE":0.54987,"PER_OI":2.56703,"BPS":0.03020703125,"BASIC_EPS":0.0136,"DILUTED_EPS":0.0136,"OPERATE_INCOME":256703000,"OPERATE_INCOME_YOY":15.3856180947,"GROSS_PROFIT":77858000,"GROSS_PROFIT_YOY":20.023431839554,"HOLDER_PROFIT":32658000,"HOLDER_PROFIT_YOY":-7.0684650845,"GROSS_PROFIT_RATIO":30.329992247851,"EPS_TTM":0.32658,"OPERATE_INCOME_QOQ":4.186063501211,"NET_PROFIT_RATIO":12.7976689014,"ROE_AVG":32.766128223136,"GROSS_PROFIT_QOQ":8.328695458593,"ROA":13.146840197335,"HOLDER_PROFIT_QOQ":-12.74913171253,"ROE_YEARLY":32.766128223136,"ROIC_YEARLY":39.539205656414,"TOTAL_ASSETS":281161000,"TOTAL_LIABILITIES":163888000,"TAX_EBT":24.519805164967,"OCF_SALES":21.420474244555,"TOTAL_PARENT_EQUITY":115995000,"DEBT_ASSET_RATIO":58.2897343515,"OPERATE_PROFIT":42407000,"PRETAX_PROFIT":43524000,"NETCASH_OPERATE":54987000,"NETCASH_INVEST":1125000,"NETCASH_FINANCE":-1468000,"END_CASH":192195000,"DIVI_RATIO":null,"DIVIDEND_RATE":null,"CURRENT_RATIO":1.540883573346,"COMMON_ACS":5000000000,"CURRENTDEBT_DEBT":99.995118617593,"ISSUED_COMMON_SHARES":3840000000,"HK_COMMON_SHARES":3840000000,"PER_SHARES":10000,"TOTAL_MARKET_CAP":883200000,"HKSK_MARKET_CAP":883200000,"PE_TTM":78.381397915104,"PB_TTM":2.067738679855,"REPORT_DATE_SQ":"2019-12-31 00:00:00","REPORT_TYPE_SQ":"2019年年报","OPERATE_INCOME_SQ":222474000,"DPS_HKD":null,"OPERATE_INCOME_QOQ_SQ":22.323146793934,"NET_PROFIT_RATIO_SQ":15.8382552568,"HOLDER_PROFIT_SQ":35142000,"HOLDER_PROFIT_QOQ_SQ":35.725320562336,"ROE_AVG_SQ":77.035380770748,"PE_TTM_SQ":24.049303226851,"PB_TTM_SQ":1.229197169218,"ROA_SQ":18.19193626455,"START_DATE":"2020-01-01 00:00:00","FISCAL_YEAR":"12-31","CURRENCY":"HKD","IS_CNY_CODE":0,"DPS_HKD_LY":null,"ORG_TYPE":"一般企业","PREMIUM_INCOME":null,"PREMIUM_INCOME_YOY":null,"NET_INTEREST_INCOME":null,"NET_INTEREST_INCOME_YOY":null,"FEE_COMMISSION_INCOME":null,"FEE_COMMISSION_INCOME_YOY":null,"ACCOUNTS_RECE_TDAYS":6.057673474685,"INVENTORY_TDAYS":735.987654320988,"CURRENT_ASSETS_TDAYS":1.173743567233,"TOTAL_ASSETS_TDAYS":1.033386404304,"PREMIUM_EXPENSE":null,"LOAN_DEPOSIT":null,"LOAN_EQUITY":null,"LOAN_ASSETS":null,"DEPOSIT_EQUITY":null,"DEPOSIT_ASSETS":null,"EQUITY_MULTIPLIER":2.397491323664,"EQUITY_RATIO":1.412888486573},{"SECUCODE":"09608.HK","SECURITY_CODE":"09608","SECURITY_NAME_ABBR":"宋都服务","ORG_CODE":"10000074121","STD_REPORT_DATE":"2020-06-30 00:00:00","REPORT_DATE":"2020-06-30 00:00:00","DATE_TYPE_CODE":"002","REPORT_TYPE":"2020年中报","PER_NETCASH_OPERATE":0.139557172143,"PER_OI":1.180547079286,"BPS":0.025920572917,"BASIC_EPS":0.0067,"DILUTED_EPS":0.0067,"OPERATE_INCOME":116729000,"OPERATE_INCOME_YOY":25.7665869373,"GROSS_PROFIT":32183000,"GROSS_PROFIT_YOY":27.811755361398,"HOLDER_PROFIT":16190000,"HOLDER_PROFIT_YOY":16.458063588,"GROSS_PROFIT_RATIO":27.570697941386,"EPS_TTM":0.378550978571,"OPERATE_INCOME_QOQ":10.749570736356,"NET_PROFIT_RATIO":14.00680208,"ROE_AVG":17.705599300088,"GROSS_PROFIT_QOQ":10.795603446947,"ROA":6.914238248678,"HOLDER_PROFIT_QOQ":6.510727903933,"ROE_YEARLY":35.411198600175,"ROIC_YEARLY":36.674595084381,"TOTAL_ASSETS":252651000,"TOTAL_LIABILITIES":152362000,"TAX_EBT":27.236315086782,"OCF_SALES":11.82139828149,"TOTAL_PARENT_EQUITY":99535000,"DEBT_ASSET_RATIO":60.3053223617,"OPERATE_PROFIT":21936000,"PRETAX_PROFIT":22470000,"NETCASH_OPERATE":13799000,"NETCASH_INVEST":2303000,"NETCASH_FINANCE":-839000,"END_CASH":152822000,"DIVI_RATIO":null,"DIVIDEND_RATE":null,"CURRENT_RATIO":1.464923515464,"COMMON_ACS":5000000000,"CURRENTDEBT_DEBT":99.928459852194,"ISSUED_COMMON_SHARES":3840000000,"HK_COMMON_SHARES":3840000000,"PER_SHARES":10000,"TOTAL_MARKET_CAP":879360000,"HKSK_MARKET_CAP":879360000,"PE_TTM":78.040609228516,"PB_TTM":2.058748511682,"REPORT_DATE_SQ":"2019-06-30 00:00:00","REPORT_TYPE_SQ":"2019年中报","OPERATE_INCOME_SQ":92814000,"DPS_HKD":null,"OPERATE_INCOME_QOQ_SQ":0,"NET_PROFIT_RATIO_SQ":14.9783437843,"HOLDER_PROFIT_SQ":13902000,"HOLDER_PROFIT_QOQ_SQ":0,"ROE_AVG_SQ":null,"PE_TTM_SQ":24.049303226851,"PB_TTM_SQ":1.229197169218,"ROA_SQ":null,"START_DATE":"2020-01-01 00:00:00","FISCAL_YEAR":"12-31","CURRENCY":"HKD","IS_CNY_CODE":0,"DPS_HKD_LY":null,"ORG_TYPE":"一般企业","PREMIUM_INCOME":null,"PREMIUM_INCOME_YOY":null,"NET_INTEREST_INCOME":null,"NET_INTEREST_INCOME_YOY":null,"FEE_COMMISSION_INCOME":null,"FEE_COMMISSION_INCOME_YOY":null,"ACCOUNTS_RECE_TDAYS":2.709335252066,"INVENTORY_TDAYS":350.086956521739,"CURRENT_ASSETS_TDAYS":0.572301974858,"TOTAL_ASSETS_TDAYS":0.498512734114,"PREMIUM_EXPENSE":null,"LOAN_DEPOSIT":null,"LOAN_EQUITY":null,"LOAN_ASSETS":null,"DEPOSIT_EQUITY":null,"DEPOSIT_ASSETS":null,"EQUITY_MULTIPLIER":2.519229426958,"EQUITY_RATIO":1.530737931381}],"count":15},"success":true,"message":"ok","code":0}