{"version":"ae150ac7ec16bc6a356d0ba3349b7c04","result":{"pages":2,"data":[{"SECUCODE":"09616.HK","SECURITY_CODE":"09616","SECURITY_NAME_ABBR":"东软睿新集团","ORG_CODE":"10000039808","STD_REPORT_DATE":"2024-06-30 00:00:00","REPORT_DATE":"2024-06-30 00:00:00","DATE_TYPE_CODE":"002","REPORT_TYPE":"2024年中报","PER_NETCASH_OPERATE":-0.773389087971,"PER_OI":1.498143464923,"BPS":3.277997783165,"BASIC_EPS":0.43,"DILUTED_EPS":0.43,"OPERATE_INCOME":968108000,"OPERATE_INCOME_YOY":5.4090132073,"GROSS_PROFIT":510656000,"GROSS_PROFIT_YOY":11.176521814857,"HOLDER_PROFIT":277414000,"HOLDER_PROFIT_YOY":1.1950185673,"GROSS_PROFIT_RATIO":52.747833919356,"EPS_TTM":0.669781121439,"OPERATE_INCOME_QOQ":2.750608640957,"NET_PROFIT_RATIO":28.6714911973,"ROE_AVG":13.28653426941,"GROSS_PROFIT_QOQ":5.9342762948,"ROA":4.290931842359,"HOLDER_PROFIT_QOQ":0.762676351446,"ROE_YEARLY":26.573068538821,"ROIC_YEARLY":10.742236981189,"TOTAL_ASSETS":6239013000,"TOTAL_LIABILITIES":4111996000,"TAX_EBT":22.960715851878,"OCF_SALES":-51.623166010404,"TOTAL_PARENT_EQUITY":2118259000,"DEBT_ASSET_RATIO":65.9077966339,"OPERATE_PROFIT":403127000,"PRETAX_PROFIT":360298000,"NETCASH_OPERATE":-499768000,"NETCASH_INVEST":-254842000,"NETCASH_FINANCE":-79976000,"END_CASH":874618000,"DIVI_RATIO":0.495201356657,"DIVIDEND_RATE":14.131274131274,"CURRENT_RATIO":0.806038486137,"COMMON_ACS":1900000000,"CURRENTDEBT_DEBT":40.19213540091,"ISSUED_COMMON_SHARES":646205135,"HK_COMMON_SHARES":646205135,"PER_SHARES":800,"TOTAL_MARKET_CAP":1673671299.65,"HKSK_MARKET_CAP":1673671299.65,"PE_TTM":3.482389094863,"PB_TTM":0.721123489509,"REPORT_DATE_SQ":"2023-06-30 00:00:00","REPORT_TYPE_SQ":"2023年中报","OPERATE_INCOME_SQ":918430000,"DPS_HKD":0.366,"OPERATE_INCOME_QOQ_SQ":11.284747562294,"NET_PROFIT_RATIO_SQ":29.8044488965,"HOLDER_PROFIT_SQ":274138000,"HOLDER_PROFIT_QOQ_SQ":10.628631033776,"ROE_AVG_SQ":15.102848759408,"PE_TTM_SQ":3.513539140821,"PB_TTM_SQ":0.776420289378,"ROA_SQ":4.794006940466,"START_DATE":"2024-01-01 00:00:00","FISCAL_YEAR":"12-31","CURRENCY":"HKD","IS_CNY_CODE":0,"DPS_HKD_LY":0.366,"ORG_TYPE":"一般企业","PREMIUM_INCOME":null,"PREMIUM_INCOME_YOY":null,"NET_INTEREST_INCOME":null,"NET_INTEREST_INCOME_YOY":null,"FEE_COMMISSION_INCOME":null,"FEE_COMMISSION_INCOME_YOY":null,"ACCOUNTS_RECE_TDAYS":12.223122861508,"INVENTORY_TDAYS":41.592217120516,"CURRENT_ASSETS_TDAYS":0.569872528792,"TOTAL_ASSETS_TDAYS":0.149743179654,"PREMIUM_EXPENSE":null,"LOAN_DEPOSIT":null,"LOAN_EQUITY":null,"LOAN_ASSETS":null,"DEPOSIT_EQUITY":null,"DEPOSIT_ASSETS":null,"EQUITY_MULTIPLIER":2.933221972371,"EQUITY_RATIO":1.941214931696},{"SECUCODE":"09616.HK","SECURITY_CODE":"09616","SECURITY_NAME_ABBR":"东软睿新集团","ORG_CODE":"10000039808","STD_REPORT_DATE":"2023-12-31 00:00:00","REPORT_DATE":"2023-12-31 00:00:00","DATE_TYPE_CODE":"001","REPORT_TYPE":"2023年年报","PER_NETCASH_OPERATE":1.138811473695,"PER_OI":2.794898050194,"BPS":3.184140590279,"BASIC_EPS":0.66,"DILUTED_EPS":0.66,"OPERATE_INCOME":1806073000,"OPERATE_INCOME_YOY":16.6425985319,"GROSS_PROFIT":865076000,"GROSS_PROFIT_YOY":29.747322415518,"HOLDER_PROFIT":429540000,"HOLDER_PROFIT_YOY":11.4550601594,"GROSS_PROFIT_RATIO":47.898174658499,"EPS_TTM":0.664713169667,"OPERATE_INCOME_QOQ":4.814542052669,"NET_PROFIT_RATIO":23.7886840676,"ROE_AVG":22.697801239676,"GROSS_PROFIT_QOQ":11.399192587775,"ROA":6.772487373128,"HOLDER_PROFIT_QOQ":0.747030057112,"ROE_YEARLY":22.697801239676,"ROIC_YEARLY":8.788080993806,"TOTAL_ASSETS":6691232000,"TOTAL_LIABILITIES":4625023000,"TAX_EBT":25.63947239525,"OCF_SALES":40.746082799533,"TOTAL_PARENT_EQUITY":2057608000,"DEBT_ASSET_RATIO":69.1206492317,"OPERATE_PROFIT":664672000,"PRETAX_PROFIT":577781000,"NETCASH_OPERATE":735904000,"NETCASH_INVEST":-320308000,"NETCASH_FINANCE":108092000,"END_CASH":1708427000,"DIVI_RATIO":0.49897690483,"DIVIDEND_RATE":14.296875,"CURRENT_RATIO":0.84421878257,"COMMON_ACS":1900000000,"CURRENTDEBT_DEBT":52.899845038609,"ISSUED_COMMON_SHARES":646205135,"HK_COMMON_SHARES":646205135,"PER_SHARES":800,"TOTAL_MARKET_CAP":1654285145.6,"HKSK_MARKET_CAP":1654285145.6,"PE_TTM":3.44205254164,"PB_TTM":0.712770707778,"REPORT_DATE_SQ":"2022-12-31 00:00:00","REPORT_TYPE_SQ":"2022年年报","OPERATE_INCOME_SQ":1548382000,"DPS_HKD":0.366,"OPERATE_INCOME_QOQ_SQ":2.614295920166,"NET_PROFIT_RATIO_SQ":24.8915319346,"HOLDER_PROFIT_SQ":385393000,"HOLDER_PROFIT_QOQ_SQ":-5.728319443459,"ROE_AVG_SQ":23.896436148264,"PE_TTM_SQ":3.754386581926,"PB_TTM_SQ":0.829642647924,"ROA_SQ":6.763840874857,"START_DATE":"2023-01-01 00:00:00","FISCAL_YEAR":"12-31","CURRENCY":"HKD","IS_CNY_CODE":0,"DPS_HKD_LY":0.165,"ORG_TYPE":"一般企业","PREMIUM_INCOME":null,"PREMIUM_INCOME_YOY":null,"NET_INTEREST_INCOME":null,"NET_INTEREST_INCOME_YOY":null,"FEE_COMMISSION_INCOME":null,"FEE_COMMISSION_INCOME_YOY":null,"ACCOUNTS_RECE_TDAYS":24.164259481011,"INVENTORY_TDAYS":137.653159742539,"CURRENT_ASSETS_TDAYS":0.938773738684,"TOTAL_ASSETS_TDAYS":0.284760594763,"PREMIUM_EXPENSE":null,"LOAN_DEPOSIT":null,"LOAN_EQUITY":null,"LOAN_ASSETS":null,"DEPOSIT_EQUITY":null,"DEPOSIT_ASSETS":null,"EQUITY_MULTIPLIER":3.238410054354,"EQUITY_RATIO":2.24776682439},{"SECUCODE":"09616.HK","SECURITY_CODE":"09616","SECURITY_NAME_ABBR":"东软睿新集团","ORG_CODE":"10000039808","STD_REPORT_DATE":"2023-06-30 00:00:00","REPORT_DATE":"2023-06-30 00:00:00","DATE_TYPE_CODE":"002","REPORT_TYPE":"2023年中报","PER_NETCASH_OPERATE":-0.640884763962,"PER_OI":1.421270467052,"BPS":2.944931720482,"BASIC_EPS":0.42,"DILUTED_EPS":0.42,"OPERATE_INCOME":918430000,"OPERATE_INCOME_YOY":23.4948547732,"GROSS_PROFIT":459320000,"GROSS_PROFIT_YOY":31.420527375939,"HOLDER_PROFIT":274138000,"HOLDER_PROFIT_YOY":17.5669880262,"GROSS_PROFIT_RATIO":50.011432553379,"EPS_TTM":0.659784382021,"OPERATE_INCOME_QOQ":11.284747562294,"NET_PROFIT_RATIO":29.8044488965,"ROE_AVG":15.102848759408,"GROSS_PROFIT_QOQ":16.470612938496,"ROA":4.794006940466,"HOLDER_PROFIT_QOQ":10.628631033776,"ROE_YEARLY":30.205697518815,"ROIC_YEARLY":11.689588295487,"TOTAL_ASSETS":5443076000,"TOTAL_LIABILITIES":3531951000,"TAX_EBT":23.14713429802,"OCF_SALES":-45.09238591945,"TOTAL_PARENT_EQUITY":1903030000,"DEBT_ASSET_RATIO":64.8888790089,"OPERATE_PROFIT":395895000,"PRETAX_PROFIT":356178000,"NETCASH_OPERATE":-414142000,"NETCASH_INVEST":36728000,"NETCASH_FINANCE":47424000,"END_CASH":855703000,"DIVI_RATIO":0.502704412287,"DIVIDEND_RATE":14.296875,"CURRENT_RATIO":0.818059487821,"COMMON_ACS":1900000000,"CURRENTDEBT_DEBT":39.85092092161,"ISSUED_COMMON_SHARES":646205135,"HK_COMMON_SHARES":646205135,"PER_SHARES":800,"TOTAL_MARKET_CAP":1654285145.6,"HKSK_MARKET_CAP":1654285145.6,"PE_TTM":3.44205254164,"PB_TTM":0.712770707778,"REPORT_DATE_SQ":"2022-06-30 00:00:00","REPORT_TYPE_SQ":"2022年中报","OPERATE_INCOME_SQ":743699000,"DPS_HKD":0.366,"OPERATE_INCOME_QOQ_SQ":10.696590043767,"NET_PROFIT_RATIO_SQ":31.327459093,"HOLDER_PROFIT_SQ":233176000,"HOLDER_PROFIT_QOQ_SQ":43.835100731119,"ROE_AVG_SQ":14.939857999077,"PE_TTM_SQ":3.754386581926,"PB_TTM_SQ":0.829642647924,"ROA_SQ":4.370914381807,"START_DATE":"2023-01-01 00:00:00","FISCAL_YEAR":"12-31","CURRENCY":"HKD","IS_CNY_CODE":0,"DPS_HKD_LY":0.165,"ORG_TYPE":"一般企业","PREMIUM_INCOME":null,"PREMIUM_INCOME_YOY":null,"NET_INTEREST_INCOME":null,"NET_INTEREST_INCOME_YOY":null,"FEE_COMMISSION_INCOME":null,"FEE_COMMISSION_INCOME_YOY":null,"ACCOUNTS_RECE_TDAYS":10.35305655443,"INVENTORY_TDAYS":97.610290209419,"CURRENT_ASSETS_TDAYS":0.626130836891,"TOTAL_ASSETS_TDAYS":0.160611071589,"PREMIUM_EXPENSE":null,"LOAN_DEPOSIT":null,"LOAN_EQUITY":null,"LOAN_ASSETS":null,"DEPOSIT_EQUITY":null,"DEPOSIT_ASSETS":null,"EQUITY_MULTIPLIER":2.84810046439,"EQUITY_RATIO":1.855961808274},{"SECUCODE":"09616.HK","SECURITY_CODE":"09616","SECURITY_NAME_ABBR":"东软睿新集团","ORG_CODE":"10000039808","STD_REPORT_DATE":"2022-12-31 00:00:00","REPORT_DATE":"2022-12-31 00:00:00","DATE_TYPE_CODE":"001","REPORT_TYPE":"2022年年报","PER_NETCASH_OPERATE":1.233722746503,"PER_OI":2.396121215895,"BPS":2.672915930945,"BASIC_EPS":0.59,"DILUTED_EPS":0.58,"OPERATE_INCOME":1548382000,"OPERATE_INCOME_YOY":13.590526481,"GROSS_PROFIT":666739000,"GROSS_PROFIT_YOY":12.733375040157,"HOLDER_PROFIT":385393000,"HOLDER_PROFIT_YOY":35.5957666894,"GROSS_PROFIT_RATIO":43.060368823714,"EPS_TTM":0.596395685146,"OPERATE_INCOME_QOQ":2.614295920166,"NET_PROFIT_RATIO":24.8915319346,"ROE_AVG":23.896436148264,"GROSS_PROFIT_QOQ":-2.443952815308,"ROA":6.763840874857,"HOLDER_PROFIT_QOQ":-5.728319443459,"ROE_YEARLY":23.896436148264,"ROIC_YEARLY":8.596504768091,"TOTAL_ASSETS":5993620000,"TOTAL_LIABILITIES":4257868000,"TAX_EBT":25.528514979663,"OCF_SALES":51.488327815746,"TOTAL_PARENT_EQUITY":1727252000,"DEBT_ASSET_RATIO":71.0400058729,"OPERATE_PROFIT":597788000,"PRETAX_PROFIT":517535000,"NETCASH_OPERATE":797236000,"NETCASH_INVEST":-790353000,"NETCASH_FINANCE":-60143000,"END_CASH":1183811000,"DIVI_RATIO":0.556135009459,"DIVIDEND_RATE":14.296875,"CURRENT_RATIO":0.887816709657,"COMMON_ACS":1900000000,"CURRENTDEBT_DEBT":47.14655315759,"ISSUED_COMMON_SHARES":646205135,"HK_COMMON_SHARES":646205135,"PER_SHARES":800,"TOTAL_MARKET_CAP":1654285145.6,"HKSK_MARKET_CAP":1654285145.6,"PE_TTM":3.44205254164,"PB_TTM":0.712770707778,"REPORT_DATE_SQ":"2021-12-31 00:00:00","REPORT_TYPE_SQ":"2021年年报","OPERATE_INCOME_SQ":1363126000,"DPS_HKD":0.366,"OPERATE_INCOME_QOQ_SQ":8.330935915022,"NET_PROFIT_RATIO_SQ":22.0977371131,"HOLDER_PROFIT_SQ":284222000,"HOLDER_PROFIT_QOQ_SQ":157.291317769108,"ROE_AVG_SQ":18.357499155504,"PE_TTM_SQ":3.754386581926,"PB_TTM_SQ":0.829642647924,"ROA_SQ":5.977866569497,"START_DATE":"2022-01-01 00:00:00","FISCAL_YEAR":"12-31","CURRENCY":"HKD","IS_CNY_CODE":0,"DPS_HKD_LY":0.141,"ORG_TYPE":"一般企业","PREMIUM_INCOME":null,"PREMIUM_INCOME_YOY":null,"NET_INTEREST_INCOME":null,"NET_INTEREST_INCOME_YOY":null,"FEE_COMMISSION_INCOME":null,"FEE_COMMISSION_INCOME_YOY":null,"ACCOUNTS_RECE_TDAYS":29.286035823041,"INVENTORY_TDAYS":191.349538795442,"CURRENT_ASSETS_TDAYS":0.944920110482,"TOTAL_ASSETS_TDAYS":0.271748824226,"PREMIUM_EXPENSE":null,"LOAN_DEPOSIT":null,"LOAN_EQUITY":null,"LOAN_ASSETS":null,"DEPOSIT_EQUITY":null,"DEPOSIT_ASSETS":null,"EQUITY_MULTIPLIER":3.453039374287,"EQUITY_RATIO":2.465111055017},{"SECUCODE":"09616.HK","SECURITY_CODE":"09616","SECURITY_NAME_ABBR":"东软睿新集团","ORG_CODE":"10000039808","STD_REPORT_DATE":"2022-06-30 00:00:00","REPORT_DATE":"2022-06-30 00:00:00","DATE_TYPE_CODE":"002","REPORT_TYPE":"2022年中报","PER_NETCASH_OPERATE":-0.437459628835,"PER_OI":1.11008543378,"BPS":2.511979419662,"BASIC_EPS":0.35,"DILUTED_EPS":0.34,"OPERATE_INCOME":743699000,"OPERATE_INCOME_YOY":24.3870538275,"GROSS_PROFIT":349504000,"GROSS_PROFIT_YOY":35.733925714197,"HOLDER_PROFIT":233176000,"HOLDER_PROFIT_YOY":114.736570676,"GROSS_PROFIT_RATIO":46.995356992547,"EPS_TTM":0.610213454998,"OPERATE_INCOME_QOQ":10.696590043767,"NET_PROFIT_RATIO":31.327459093,"ROE_AVG":14.939857999077,"GROSS_PROFIT_QOQ":15.557546962447,"ROA":4.370914381807,"HOLDER_PROFIT_QOQ":43.835100731119,"ROE_YEARLY":29.879715998154,"ROIC_YEARLY":10.919997981559,"TOTAL_ASSETS":5267373000,"TOTAL_LIABILITIES":3635836000,"TAX_EBT":24.501117988269,"OCF_SALES":-39.407744262128,"TOTAL_PARENT_EQUITY":1623254000,"DEBT_ASSET_RATIO":69.025603465,"OPERATE_PROFIT":345747000,"PRETAX_PROFIT":308590000,"NETCASH_OPERATE":-293075000,"NETCASH_INVEST":-273677000,"NETCASH_FINANCE":212649000,"END_CASH":882806000,"DIVI_RATIO":0.543541800469,"DIVIDEND_RATE":14.296875,"CURRENT_RATIO":0.791464073105,"COMMON_ACS":1900000000,"CURRENTDEBT_DEBT":40.24136402192,"ISSUED_COMMON_SHARES":646205135,"HK_COMMON_SHARES":646205135,"PER_SHARES":800,"TOTAL_MARKET_CAP":1654285145.6,"HKSK_MARKET_CAP":1654285145.6,"PE_TTM":3.44205254164,"PB_TTM":0.712770707778,"REPORT_DATE_SQ":"2021-06-30 00:00:00","REPORT_TYPE_SQ":"2021年中报","OPERATE_INCOME_SQ":597891000,"DPS_HKD":0.366,"OPERATE_INCOME_QOQ_SQ":14.389583376894,"NET_PROFIT_RATIO_SQ":21.2222629208,"HOLDER_PROFIT_SQ":108587000,"HOLDER_PROFIT_QOQ_SQ":48.78511973709,"ROE_AVG_SQ":7.484938720929,"PE_TTM_SQ":3.754386581926,"PB_TTM_SQ":0.829642647924,"ROA_SQ":2.672641038074,"START_DATE":"2022-01-01 00:00:00","FISCAL_YEAR":"12-31","CURRENCY":"HKD","IS_CNY_CODE":0,"DPS_HKD_LY":0.141,"ORG_TYPE":"一般企业","PREMIUM_INCOME":null,"PREMIUM_INCOME_YOY":null,"NET_INTEREST_INCOME":null,"NET_INTEREST_INCOME_YOY":null,"FEE_COMMISSION_INCOME":null,"FEE_COMMISSION_INCOME_YOY":null,"ACCOUNTS_RECE_TDAYS":15.815307077237,"INVENTORY_TDAYS":79.772336335121,"CURRENT_ASSETS_TDAYS":0.560639538521,"TOTAL_ASSETS_TDAYS":0.13940734273,"PREMIUM_EXPENSE":null,"LOAN_DEPOSIT":null,"LOAN_EQUITY":null,"LOAN_ASSETS":null,"DEPOSIT_EQUITY":null,"DEPOSIT_ASSETS":null,"EQUITY_MULTIPLIER":3.228472906228,"EQUITY_RATIO":2.239844164869},{"SECUCODE":"09616.HK","SECURITY_CODE":"09616","SECURITY_NAME_ABBR":"东软睿新集团","ORG_CODE":"10000039808","STD_REPORT_DATE":"2021-12-31 00:00:00","REPORT_DATE":"2021-12-31 00:00:00","DATE_TYPE_CODE":"001","REPORT_TYPE":"2021年年报","PER_NETCASH_OPERATE":1.079222306498,"PER_OI":2.03845459048,"BPS":2.318574890309,"BASIC_EPS":0.43,"DILUTED_EPS":0.41,"OPERATE_INCOME":1363126000,"OPERATE_INCOME_YOY":23.9193062615,"GROSS_PROFIT":591430000,"GROSS_PROFIT_YOY":40.452826962535,"HOLDER_PROFIT":284222000,"HOLDER_PROFIT_YOY":282.8111952159,"GROSS_PROFIT_RATIO":43.387771930108,"EPS_TTM":0.425033078832,"OPERATE_INCOME_QOQ":8.330935915022,"NET_PROFIT_RATIO":22.0977371131,"ROE_AVG":18.357499155504,"GROSS_PROFIT_QOQ":13.384392703431,"ROA":5.977866569497,"HOLDER_PROFIT_QOQ":157.291317769108,"ROE_YEARLY":18.357499155504,"ROIC_YEARLY":8.544259037553,"TOTAL_ASSETS":5402065000,"TOTAL_LIABILITIES":3895166000,"TAX_EBT":20.485712400185,"OCF_SALES":52.943161527254,"TOTAL_PARENT_EQUITY":1498275000,"DEBT_ASSET_RATIO":72.1051301678,"OPERATE_PROFIT":446175000,"PRETAX_PROFIT":378825000,"NETCASH_OPERATE":721682000,"NETCASH_INVEST":-1234015000,"NETCASH_FINANCE":323216000,"END_CASH":1228478000,"DIVI_RATIO":0.780354604191,"DIVIDEND_RATE":14.296875,"CURRENT_RATIO":0.808248023493,"COMMON_ACS":1900000000,"CURRENTDEBT_DEBT":47.487783575848,"ISSUED_COMMON_SHARES":646205135,"HK_COMMON_SHARES":646205135,"PER_SHARES":800,"TOTAL_MARKET_CAP":1654285145.6,"HKSK_MARKET_CAP":1654285145.6,"PE_TTM":3.44205254164,"PB_TTM":0.712770707778,"REPORT_DATE_SQ":"2020-12-31 00:00:00","REPORT_TYPE_SQ":"2020年年报","OPERATE_INCOME_SQ":1100011000,"DPS_HKD":0.366,"OPERATE_INCOME_QOQ_SQ":16.699784319737,"NET_PROFIT_RATIO_SQ":9.3577246046,"HOLDER_PROFIT_SQ":74246000,"HOLDER_PROFIT_QOQ_SQ":-47.232863082335,"ROE_AVG_SQ":6.832866894104,"PE_TTM_SQ":3.754386581926,"PB_TTM_SQ":0.829642647924,"ROA_SQ":2.228520110889,"START_DATE":"2021-01-01 00:00:00","FISCAL_YEAR":"12-31","CURRENCY":"HKD","IS_CNY_CODE":0,"DPS_HKD_LY":0.027,"ORG_TYPE":"一般企业","PREMIUM_INCOME":null,"PREMIUM_INCOME_YOY":null,"NET_INTEREST_INCOME":null,"NET_INTEREST_INCOME_YOY":null,"FEE_COMMISSION_INCOME":null,"FEE_COMMISSION_INCOME_YOY":null,"ACCOUNTS_RECE_TDAYS":50.729461677304,"INVENTORY_TDAYS":115.462856287873,"CURRENT_ASSETS_TDAYS":0.893947492161,"TOTAL_ASSETS_TDAYS":0.286697910275,"PREMIUM_EXPENSE":null,"LOAN_DEPOSIT":null,"LOAN_EQUITY":null,"LOAN_ASSETS":null,"DEPOSIT_EQUITY":null,"DEPOSIT_ASSETS":null,"EQUITY_MULTIPLIER":3.584888569172,"EQUITY_RATIO":2.599767065459},{"SECUCODE":"09616.HK","SECURITY_CODE":"09616","SECURITY_NAME_ABBR":"东软睿新集团","ORG_CODE":"10000039808","STD_REPORT_DATE":"2021-06-30 00:00:00","REPORT_DATE":"2021-06-30 00:00:00","DATE_TYPE_CODE":"002","REPORT_TYPE":"2021年中报","PER_NETCASH_OPERATE":-0.405521675583,"PER_OI":0.896835782531,"BPS":2.016748133702,"BASIC_EPS":0.16,"DILUTED_EPS":0.16,"OPERATE_INCOME":597891000,"OPERATE_INCOME_YOY":36.0067242336,"GROSS_PROFIT":257492000,"GROSS_PROFIT_YOY":64.044213678209,"HOLDER_PROFIT":108587000,"HOLDER_PROFIT_YOY":50.0525108476,"GROSS_PROFIT_RATIO":43.066712828927,"EPS_TTM":0.16570036744,"OPERATE_INCOME_QOQ":14.389583376894,"NET_PROFIT_RATIO":21.2222629208,"ROE_AVG":7.484938720929,"GROSS_PROFIT_QOQ":23.873157154799,"ROA":2.672641038074,"HOLDER_PROFIT_QOQ":48.78511973709,"ROE_YEARLY":14.969877441857,"ROIC_YEARLY":7.73151210454,"TOTAL_ASSETS":4018740000,"TOTAL_LIABILITIES":2705548000,"TAX_EBT":20.283217420259,"OCF_SALES":-45.216937535437,"TOTAL_PARENT_EQUITY":1303233000,"DEBT_ASSET_RATIO":67.3232903845,"OPERATE_PROFIT":186961000,"PRETAX_PROFIT":159171000,"NETCASH_OPERATE":-270348000,"NETCASH_INVEST":-566830000,"NETCASH_FINANCE":294674000,"END_CASH":878861000,"DIVI_RATIO":2.001664360344,"DIVIDEND_RATE":14.296875,"CURRENT_RATIO":1.060285241806,"COMMON_ACS":1900000000,"CURRENTDEBT_DEBT":36.185977849959,"ISSUED_COMMON_SHARES":646205135,"HK_COMMON_SHARES":646205135,"PER_SHARES":800,"TOTAL_MARKET_CAP":1654285145.6,"HKSK_MARKET_CAP":1654285145.6,"PE_TTM":3.44205254164,"PB_TTM":0.712770707778,"REPORT_DATE_SQ":"2020-06-30 00:00:00","REPORT_TYPE_SQ":"2020年中报","OPERATE_INCOME_SQ":439604000,"DPS_HKD":0.366,"OPERATE_INCOME_QOQ_SQ":-0.328010650301,"NET_PROFIT_RATIO_SQ":20.4989035587,"HOLDER_PROFIT_SQ":72366000,"HOLDER_PROFIT_QOQ_SQ":-3.134422888929,"ROE_AVG_SQ":11.841643423614,"PE_TTM_SQ":3.754386581926,"PB_TTM_SQ":0.829642647924,"ROA_SQ":2.752155410108,"START_DATE":"2021-01-01 00:00:00","FISCAL_YEAR":"12-31","CURRENCY":"HKD","IS_CNY_CODE":0,"DPS_HKD_LY":0.027,"ORG_TYPE":"一般企业","PREMIUM_INCOME":null,"PREMIUM_INCOME_YOY":null,"NET_INTEREST_INCOME":null,"NET_INTEREST_INCOME_YOY":null,"FEE_COMMISSION_INCOME":null,"FEE_COMMISSION_INCOME_YOY":null,"ACCOUNTS_RECE_TDAYS":21.963925573536,"INVENTORY_TDAYS":36.295676280855,"CURRENT_ASSETS_TDAYS":0.461213049463,"TOTAL_ASSETS_TDAYS":0.147158317561,"PREMIUM_EXPENSE":null,"LOAN_DEPOSIT":null,"LOAN_EQUITY":null,"LOAN_ASSETS":null,"DEPOSIT_EQUITY":null,"DEPOSIT_ASSETS":null,"EQUITY_MULTIPLIER":3.060283644733,"EQUITY_RATIO":2.076027847668},{"SECUCODE":"09616.HK","SECURITY_CODE":"09616","SECURITY_NAME_ABBR":"东软睿新集团","ORG_CODE":"10000039808","STD_REPORT_DATE":"2020-12-31 00:00:00","REPORT_DATE":"2020-12-31 00:00:00","DATE_TYPE_CODE":"001","REPORT_TYPE":"2020年年报","PER_NETCASH_OPERATE":0.862232310214,"PER_OI":1.650015179988,"BPS":2.473281181834,"BASIC_EPS":0.14,"DILUTED_EPS":0.14,"OPERATE_INCOME":1100011000,"OPERATE_INCOME_YOY":14.7963741406,"GROSS_PROFIT":421088000,"GROSS_PROFIT_YOY":30.366994631612,"HOLDER_PROFIT":74246000,"HOLDER_PROFIT_YOY":-46.6673371021,"GROSS_PROFIT_RATIO":38.280344469283,"EPS_TTM":0.111368910905,"OPERATE_INCOME_QOQ":16.699784319737,"NET_PROFIT_RATIO":9.3577246046,"ROE_AVG":6.832866894104,"GROSS_PROFIT_QOQ":32.356842455979,"ROA":2.228520110889,"HOLDER_PROFIT_QOQ":-47.232863082335,"ROE_YEARLY":6.832866894104,"ROIC_YEARLY":3.418879771897,"TOTAL_ASSETS":4107080000,"TOTAL_LIABILITIES":2315788000,"TAX_EBT":24.84558211527,"OCF_SALES":52.256022894317,"TOTAL_PARENT_EQUITY":1598247000,"DEBT_ASSET_RATIO":56.385266418,"OPERATE_PROFIT":206621000,"PRETAX_PROFIT":136966000,"NETCASH_OPERATE":574822000,"NETCASH_INVEST":-657467000,"NETCASH_FINANCE":978095000,"END_CASH":1426063000,"DIVI_RATIO":2.978178715273,"DIVIDEND_RATE":14.296875,"CURRENT_RATIO":0.91772987683,"COMMON_ACS":1900000000,"CURRENTDEBT_DEBT":73.150262459258,"ISSUED_COMMON_SHARES":646205135,"HK_COMMON_SHARES":646205135,"PER_SHARES":800,"TOTAL_MARKET_CAP":1654285145.6,"HKSK_MARKET_CAP":1654285145.6,"PE_TTM":3.44205254164,"PB_TTM":0.712770707778,"REPORT_DATE_SQ":"2019-12-31 00:00:00","REPORT_TYPE_SQ":"2019年年报","OPERATE_INCOME_SQ":958228000,"DPS_HKD":0.366,"OPERATE_INCOME_QOQ_SQ":12.314236251519,"NET_PROFIT_RATIO_SQ":18.264442283,"HOLDER_PROFIT_SQ":139213000,"HOLDER_PROFIT_QOQ_SQ":5.471585183838,"ROE_AVG_SQ":27.538301765491,"PE_TTM_SQ":3.754386581926,"PB_TTM_SQ":0.829642647924,"ROA_SQ":6.368616995483,"START_DATE":"2020-01-01 00:00:00","FISCAL_YEAR":"12-31","CURRENCY":"HKD","IS_CNY_CODE":0,"DPS_HKD_LY":null,"ORG_TYPE":"一般企业","PREMIUM_INCOME":null,"PREMIUM_INCOME_YOY":null,"NET_INTEREST_INCOME":null,"NET_INTEREST_INCOME_YOY":null,"FEE_COMMISSION_INCOME":null,"FEE_COMMISSION_INCOME_YOY":null,"ACCOUNTS_RECE_TDAYS":74.625080560361,"INVENTORY_TDAYS":117.950486448923,"CURRENT_ASSETS_TDAYS":1.007840923979,"TOTAL_ASSETS_TDAYS":0.330172216106,"PREMIUM_EXPENSE":null,"LOAN_DEPOSIT":null,"LOAN_EQUITY":null,"LOAN_ASSETS":null,"DEPOSIT_EQUITY":null,"DEPOSIT_ASSETS":null,"EQUITY_MULTIPLIER":2.292803183401,"EQUITY_RATIO":1.448955011334},{"SECUCODE":"09616.HK","SECURITY_CODE":"09616","SECURITY_NAME_ABBR":"东软睿新集团","ORG_CODE":"10000039808","STD_REPORT_DATE":"2020-06-30 00:00:00","REPORT_DATE":"2020-06-30 00:00:00","DATE_TYPE_CODE":"002","REPORT_TYPE":"2020年中报","PER_NETCASH_OPERATE":-0.367204956,"PER_OI":0.912617904,"BPS":1.001654064541,"BASIC_EPS":0.14,"DILUTED_EPS":0.14,"OPERATE_INCOME":439604000,"OPERATE_INCOME_YOY":-3.4331869614,"GROSS_PROFIT":156965000,"GROSS_PROFIT_YOY":-3.000846614469,"HOLDER_PROFIT":72366000,"HOLDER_PROFIT_YOY":2.1051443407,"GROSS_PROFIT_RATIO":35.705999035496,"EPS_TTM":0.29210358,"OPERATE_INCOME_QOQ":-0.328010650301,"NET_PROFIT_RATIO":20.4989035587,"ROE_AVG":11.841643423614,"GROSS_PROFIT_QOQ":-2.039898882597,"ROA":2.752155410108,"HOLDER_PROFIT_QOQ":-3.134422888929,"ROE_YEARLY":23.683286847228,"ROIC_YEARLY":7.040828016786,"TOTAL_ASSETS":2702684000,"TOTAL_LIABILITIES":1870923000,"TAX_EBT":12.958562735439,"OCF_SALES":-40.236440068789,"TOTAL_PARENT_EQUITY":647274000,"DEBT_ASSET_RATIO":69.2246300344,"OPERATE_PROFIT":120596000,"PRETAX_PROFIT":103530000,"NETCASH_OPERATE":-176881000,"NETCASH_INVEST":-169795000,"NETCASH_FINANCE":46067000,"END_CASH":262298000,"DIVI_RATIO":1.135475710363,"DIVIDEND_RATE":14.296875,"CURRENT_RATIO":0.319728868581,"COMMON_ACS":1900000000,"CURRENTDEBT_DEBT":67.704122510654,"ISSUED_COMMON_SHARES":646205135,"HK_COMMON_SHARES":646205135,"PER_SHARES":800,"TOTAL_MARKET_CAP":1654285145.6,"HKSK_MARKET_CAP":1654285145.6,"PE_TTM":3.44205254164,"PB_TTM":0.712770707778,"REPORT_DATE_SQ":"2019-06-30 00:00:00","REPORT_TYPE_SQ":"2019年中报","OPERATE_INCOME_SQ":455233000,"DPS_HKD":0.366,"OPERATE_INCOME_QOQ_SQ":0,"NET_PROFIT_RATIO_SQ":20.0910303076,"HOLDER_PROFIT_SQ":70874000,"HOLDER_PROFIT_QOQ_SQ":0,"ROE_AVG_SQ":null,"PE_TTM_SQ":3.754386581926,"PB_TTM_SQ":0.829642647924,"ROA_SQ":null,"START_DATE":"2020-01-01 00:00:00","FISCAL_YEAR":"12-31","CURRENCY":"HKD","IS_CNY_CODE":0,"DPS_HKD_LY":null,"ORG_TYPE":"一般企业","PREMIUM_INCOME":null,"PREMIUM_INCOME_YOY":null,"NET_INTEREST_INCOME":null,"NET_INTEREST_INCOME_YOY":null,"FEE_COMMISSION_INCOME":null,"FEE_COMMISSION_INCOME_YOY":null,"ACCOUNTS_RECE_TDAYS":31.843824701195,"INVENTORY_TDAYS":80.375088866771,"CURRENT_ASSETS_TDAYS":0.850902720986,"TOTAL_ASSETS_TDAYS":0.167186044124,"PREMIUM_EXPENSE":null,"LOAN_DEPOSIT":null,"LOAN_EQUITY":null,"LOAN_ASSETS":null,"DEPOSIT_EQUITY":null,"DEPOSIT_ASSETS":null,"EQUITY_MULTIPLIER":3.249351676739,"EQUITY_RATIO":2.890465243467}],"count":16},"success":true,"message":"ok","code":0}