{"version":"14a220192bcf12ba2c1eec91f4848c47","result":{"pages":2,"data":[{"SECUCODE":"09638.HK","SECURITY_CODE":"09638","SECURITY_NAME_ABBR":"法拉帝","ORG_CODE":"10000276613","STD_REPORT_DATE":"2024-06-30 00:00:00","REPORT_DATE":"2024-06-30 00:00:00","DATE_TYPE_CODE":"002","REPORT_TYPE":"2024年中报","PER_NETCASH_OPERATE":1.326775656575,"PER_OI":15.357481983996,"BPS":19.252948731311,"BASIC_EPS":0.996021,"DILUTED_EPS":0.996021,"OPERATE_INCOME":5198241260.7,"OPERATE_INCOME_YOY":10.6179872372,"GROSS_PROFIT":4952645467.2,"GROSS_PROFIT_YOY":8.246438697524,"HOLDER_PROFIT":336034500.3,"HOLDER_PROFIT_YOY":8.4330498418,"GROSS_PROFIT_RATIO":95.275406023249,"EPS_TTM":1.979754038149,"OPERATE_INCOME_QOQ":3.901713059671,"NET_PROFIT_RATIO":6.4920976726,"ROE_AVG":5.192236092309,"GROSS_PROFIT_QOQ":4.231685098518,"ROA":2.701995893932,"HOLDER_PROFIT_QOQ":2.669190126415,"ROE_YEARLY":10.384472184619,"ROIC_YEARLY":6.60332439646,"TOTAL_ASSETS":12597114303.9,"TOTAL_LIABILITIES":6072456554.1,"TAX_EBT":30.998668442077,"OCF_SALES":8.639278613235,"TOTAL_PARENT_EQUITY":6516789183.9,"DEBT_ASSET_RATIO":48.2051397455,"OPERATE_PROFIT":477147690.9,"PRETAX_PROFIT":489084619.5,"NETCASH_OPERATE":449090545.5,"NETCASH_INVEST":-449366366.7,"NETCASH_FINANCE":-310291188.3,"END_CASH":2096677836.9,"DIVI_RATIO":0.225510104019,"DIVIDEND_RATE":2.16552,"CURRENT_RATIO":1.222875890484,"COMMON_ACS":338482654,"CURRENTDEBT_DEBT":94.258320684656,"ISSUED_COMMON_SHARES":338482654,"HK_COMMON_SHARES":338482654,"PER_SHARES":100,"TOTAL_MARKET_CAP":7700480378.5,"HKSK_MARKET_CAP":7700480378.5,"PE_TTM":10.366213179875,"PB_TTM":1.078456618689,"REPORT_DATE_SQ":"2023-06-30 00:00:00","REPORT_TYPE_SQ":"2023年中报","OPERATE_INCOME_SQ":4831387776.6,"DPS_HKD":0.4926558,"OPERATE_INCOME_QOQ_SQ":11.773280601175,"NET_PROFIT_RATIO_SQ":6.6610037401,"HOLDER_PROFIT_SQ":318612940.8,"HOLDER_PROFIT_QOQ_SQ":24.833768001812,"ROE_AVG_SQ":5.137473914441,"PE_TTM_SQ":15.135902772728,"PB_TTM_SQ":1.34277937684,"ROA_SQ":2.796811131928,"START_DATE":"2024-01-01 00:00:00","FISCAL_YEAR":"12-31","CURRENCY":"HKD","IS_CNY_CODE":0,"DPS_HKD_LY":0.4926558,"ORG_TYPE":"一般企业","PREMIUM_INCOME":null,"PREMIUM_INCOME_YOY":null,"NET_INTEREST_INCOME":null,"NET_INTEREST_INCOME_YOY":null,"FEE_COMMISSION_INCOME":null,"FEE_COMMISSION_INCOME_YOY":null,"ACCOUNTS_RECE_TDAYS":10.182283420253,"INVENTORY_TDAYS":0.087500801852,"CURRENT_ASSETS_TDAYS":0.735942198137,"TOTAL_ASSETS_TDAYS":0.417981681332,"PREMIUM_EXPENSE":null,"LOAN_DEPOSIT":null,"LOAN_EQUITY":null,"LOAN_ASSETS":null,"DEPOSIT_EQUITY":null,"DEPOSIT_ASSETS":null,"EQUITY_MULTIPLIER":1.930693499483,"EQUITY_RATIO":0.931817246613},{"SECUCODE":"09638.HK","SECURITY_CODE":"09638","SECURITY_NAME_ABBR":"法拉帝","ORG_CODE":"10000276613","STD_REPORT_DATE":"2023-12-31 00:00:00","REPORT_DATE":"2023-12-31 00:00:00","DATE_TYPE_CODE":"001","REPORT_TYPE":"2023年年报","PER_NETCASH_OPERATE":2.174753243338,"PER_OI":27.777995496336,"BPS":19.476954727494,"BASIC_EPS":1.9648,"DILUTED_EPS":1.9648,"OPERATE_INCOME":9402369638.4,"OPERATE_INCOME_YOY":11.5532766593,"GROSS_PROFIT":8916136652.8,"GROSS_PROFIT_YOY":16.606870699018,"HOLDER_PROFIT":652690841.6,"HOLDER_PROFIT_YOY":37.784119189,"GROSS_PROFIT_RATIO":94.82861231477,"EPS_TTM":1.928284459741,"OPERATE_INCOME_QOQ":5.669356921118,"NET_PROFIT_RATIO":6.9798019312,"ROE_AVG":10.272833483935,"GROSS_PROFIT_QOQ":5.23576132385,"ROA":5.518498878997,"HOLDER_PROFIT_QOQ":16.861596651797,"ROE_YEARLY":10.272833483935,"ROIC_YEARLY":6.988475259739,"TOTAL_ASSETS":12592387481.6,"TOTAL_LIABILITIES":5993182284.8,"TAX_EBT":19.725634961835,"OCF_SALES":7.829050312951,"TOTAL_PARENT_EQUITY":6592611328,"DEBT_ASSET_RATIO":47.5936933608,"OPERATE_PROFIT":781903948.8,"PRETAX_PROFIT":817529702.4,"NETCASH_OPERATE":736116249.6,"NETCASH_INVEST":-437584537.6,"NETCASH_FINANCE":-308064921.6,"END_CASH":2468645452.8,"DIVI_RATIO":0.23152939745,"DIVIDEND_RATE":2.087524576271,"CURRENT_RATIO":1.29194333069,"COMMON_ACS":338482654,"CURRENTDEBT_DEBT":94.422537501525,"ISSUED_COMMON_SHARES":338482654,"HK_COMMON_SHARES":338482654,"PER_SHARES":100,"TOTAL_MARKET_CAP":7988190634.4,"HKSK_MARKET_CAP":7988190634.4,"PE_TTM":10.753522243738,"PB_TTM":1.118750602244,"REPORT_DATE_SQ":"2022-12-31 00:00:00","REPORT_TYPE_SQ":"2022年年报","OPERATE_INCOME_SQ":7960681682.1,"DPS_HKD":0.4926558,"OPERATE_INCOME_QOQ_SQ":14.596063000885,"NET_PROFIT_RATIO_SQ":5.6455831466,"HOLDER_PROFIT_SQ":447407874.6,"HOLDER_PROFIT_QOQ_SQ":49.852640491312,"ROE_AVG_SQ":9.445225792045,"PE_TTM_SQ":13.958665890405,"PB_TTM_SQ":1.238340980864,"ROA_SQ":4.913043194742,"START_DATE":"2023-01-01 00:00:00","FISCAL_YEAR":"12-31","CURRENCY":"HKD","IS_CNY_CODE":0,"DPS_HKD_LY":0.4926558,"ORG_TYPE":"一般企业","PREMIUM_INCOME":null,"PREMIUM_INCOME_YOY":null,"NET_INTEREST_INCOME":null,"NET_INTEREST_INCOME_YOY":null,"FEE_COMMISSION_INCOME":null,"FEE_COMMISSION_INCOME_YOY":null,"ACCOUNTS_RECE_TDAYS":18.447560966207,"INVENTORY_TDAYS":0.230914506244,"CURRENT_ASSETS_TDAYS":1.368111566633,"TOTAL_ASSETS_TDAYS":0.794970037916,"PREMIUM_EXPENSE":null,"LOAN_DEPOSIT":null,"LOAN_EQUITY":null,"LOAN_ASSETS":null,"DEPOSIT_EQUITY":null,"DEPOSIT_ASSETS":null,"EQUITY_MULTIPLIER":1.908167287736,"EQUITY_RATIO":0.909075628249},{"SECUCODE":"09638.HK","SECURITY_CODE":"09638","SECURITY_NAME_ABBR":"法拉帝","ORG_CODE":"10000276613","STD_REPORT_DATE":"2023-06-30 00:00:00","REPORT_DATE":"2023-06-30 00:00:00","DATE_TYPE_CODE":"002","REPORT_TYPE":"2023年中报","PER_NETCASH_OPERATE":1.444620141746,"PER_OI":14.273664306,"BPS":18.538756567715,"BASIC_EPS":0.945252,"DILUTED_EPS":0.945252,"OPERATE_INCOME":4831387776.6,"OPERATE_INCOME_YOY":10.3853027404,"GROSS_PROFIT":4575342641.1,"GROSS_PROFIT_YOY":22.037464002572,"HOLDER_PROFIT":318612940.8,"HOLDER_PROFIT_YOY":36.6117265604,"GROSS_PROFIT_RATIO":94.70038118778,"EPS_TTM":1.650058286886,"OPERATE_INCOME_QOQ":11.773280601175,"NET_PROFIT_RATIO":6.6610037401,"ROE_AVG":5.137473914441,"GROSS_PROFIT_QOQ":10.805366191227,"ROA":2.796811131928,"HOLDER_PROFIT_QOQ":24.833768001812,"ROE_YEARLY":10.274947828881,"ROIC_YEARLY":7.146785355698,"TOTAL_ASSETS":11696556125.1,"TOTAL_LIABILITIES":5415277814.1,"TAX_EBT":26.405101599654,"OCF_SALES":10.12087793839,"TOTAL_PARENT_EQUITY":6275047524.9,"DEBT_ASSET_RATIO":46.2980535141,"OPERATE_PROFIT":413437470.6,"PRETAX_PROFIT":437273575.2,"NETCASH_OPERATE":488978859.6,"NETCASH_INVEST":-288530295.9,"NETCASH_FINANCE":-248388594.3,"END_CASH":2439222786,"DIVI_RATIO":0.270568950578,"DIVIDEND_RATE":2.087524576271,"CURRENT_RATIO":1.317289349658,"COMMON_ACS":338482654,"CURRENTDEBT_DEBT":93.332227832156,"ISSUED_COMMON_SHARES":338482654,"HK_COMMON_SHARES":338482654,"PER_SHARES":100,"TOTAL_MARKET_CAP":7988190634.4,"HKSK_MARKET_CAP":7988190634.4,"PE_TTM":10.753522243738,"PB_TTM":1.118750602244,"REPORT_DATE_SQ":"2022-06-30 00:00:00","REPORT_TYPE_SQ":"2022年中报","OPERATE_INCOME_SQ":3894154384.4,"DPS_HKD":0.4926558,"OPERATE_INCOME_QOQ_SQ":3.742870539156,"NET_PROFIT_RATIO_SQ":5.3766730677,"HOLDER_PROFIT_SQ":207504707.2,"HOLDER_PROFIT_QOQ_SQ":10.145805521944,"ROE_AVG_SQ":4.750566384063,"PE_TTM_SQ":13.958665890405,"PB_TTM_SQ":1.238340980864,"ROA_SQ":2.457034264707,"START_DATE":"2023-01-01 00:00:00","FISCAL_YEAR":"12-31","CURRENCY":"HKD","IS_CNY_CODE":0,"DPS_HKD_LY":0.4926558,"ORG_TYPE":"一般企业","PREMIUM_INCOME":null,"PREMIUM_INCOME_YOY":null,"NET_INTEREST_INCOME":null,"NET_INTEREST_INCOME_YOY":null,"FEE_COMMISSION_INCOME":null,"FEE_COMMISSION_INCOME_YOY":null,"ACCOUNTS_RECE_TDAYS":11.222754885457,"INVENTORY_TDAYS":0.14105470996,"CURRENT_ASSETS_TDAYS":0.737248764633,"TOTAL_ASSETS_TDAYS":0.424103273468,"PREMIUM_EXPENSE":null,"LOAN_DEPOSIT":null,"LOAN_EQUITY":null,"LOAN_ASSETS":null,"DEPOSIT_EQUITY":null,"DEPOSIT_ASSETS":null,"EQUITY_MULTIPLIER":1.862129895538,"EQUITY_RATIO":0.862985944347},{"SECUCODE":"09638.HK","SECURITY_CODE":"09638","SECURITY_NAME_ABBR":"法拉帝","ORG_CODE":"10000276613","STD_REPORT_DATE":"2022-12-31 00:00:00","REPORT_DATE":"2022-12-31 00:00:00","DATE_TYPE_CODE":"001","REPORT_TYPE":"2022年年报","PER_NETCASH_OPERATE":3.195124620182,"PER_OI":23.518728620286,"BPS":17.061636961462,"BASIC_EPS":1.410351,"DILUTED_EPS":1.410351,"OPERATE_INCOME":7960681682.1,"OPERATE_INCOME_YOY":15.6307919226,"GROSS_PROFIT":7646321867.1,"GROSS_PROFIT_YOY":17.883637691006,"HOLDER_PROFIT":447407874.6,"HOLDER_PROFIT_YOY":60.5380210414,"GROSS_PROFIT_RATIO":96.05109427115,"EPS_TTM":1.321804439054,"OPERATE_INCOME_QOQ":14.596063000885,"NET_PROFIT_RATIO":5.6455831466,"ROE_AVG":9.445225792045,"GROSS_PROFIT_QOQ":13.768297637268,"ROA":4.913043194742,"HOLDER_PROFIT_QOQ":49.852640491312,"ROE_YEARLY":9.445225792045,"ROIC_YEARLY":6.141975481622,"TOTAL_ASSETS":10448147432.4,"TOTAL_LIABILITIES":4670228878.5,"TAX_EBT":12.739064639331,"OCF_SALES":13.5854478861,"TOTAL_PARENT_EQUITY":5775068160.3,"DEBT_ASSET_RATIO":44.6991096624,"OPERATE_PROFIT":460999204.5,"PRETAX_PROFIT":515037916.5,"NETCASH_OPERATE":1081494261.3,"NETCASH_INVEST":-1207201072.8,"NETCASH_FINANCE":1173144807.6,"END_CASH":2358693281.1,"DIVI_RATIO":0.33776141605,"DIVIDEND_RATE":2.087524576271,"CURRENT_RATIO":1.403242670652,"COMMON_ACS":338482654,"CURRENTDEBT_DEBT":92.727344973099,"ISSUED_COMMON_SHARES":338482654,"HK_COMMON_SHARES":338482654,"PER_SHARES":100,"TOTAL_MARKET_CAP":7988190634.4,"HKSK_MARKET_CAP":7988190634.4,"PE_TTM":10.753522243738,"PB_TTM":1.118750602244,"REPORT_DATE_SQ":"2021-12-31 00:00:00","REPORT_TYPE_SQ":"2021年年报","OPERATE_INCOME_SQ":6696105696.9,"DPS_HKD":0.4926558,"OPERATE_INCOME_QOQ_SQ":-3.45333240089,"NET_PROFIT_RATIO_SQ":4.0306120799,"HOLDER_PROFIT_SQ":271063636.5,"HOLDER_PROFIT_QOQ_SQ":-27.310316858976,"ROE_AVG_SQ":7.808429859835,"PE_TTM_SQ":13.958665890405,"PB_TTM_SQ":1.238340980864,"ROA_SQ":3.746035832038,"START_DATE":"2022-01-01 00:00:00","FISCAL_YEAR":"12-31","CURRENCY":"HKD","IS_CNY_CODE":0,"DPS_HKD_LY":0.1644687,"ORG_TYPE":"一般企业","PREMIUM_INCOME":null,"PREMIUM_INCOME_YOY":null,"NET_INTEREST_INCOME":null,"NET_INTEREST_INCOME_YOY":null,"FEE_COMMISSION_INCOME":null,"FEE_COMMISSION_INCOME_YOY":null,"ACCOUNTS_RECE_TDAYS":21.211202420862,"INVENTORY_TDAYS":0.247294215885,"CURRENT_ASSETS_TDAYS":1.620182466148,"TOTAL_ASSETS_TDAYS":0.874172655068,"PREMIUM_EXPENSE":null,"LOAN_DEPOSIT":null,"LOAN_EQUITY":null,"LOAN_ASSETS":null,"DEPOSIT_EQUITY":null,"DEPOSIT_ASSETS":null,"EQUITY_MULTIPLIER":1.808289150311,"EQUITY_RATIO":0.808688096637},{"SECUCODE":"09638.HK","SECURITY_CODE":"09638","SECURITY_NAME_ABBR":"法拉帝","ORG_CODE":"10000276613","STD_REPORT_DATE":"2022-06-30 00:00:00","REPORT_DATE":"2022-06-30 00:00:00","DATE_TYPE_CODE":"002","REPORT_TYPE":"2022年中报","PER_NETCASH_OPERATE":2.986021274815,"PER_OI":11.504738391705,"BPS":15.492277185938,"BASIC_EPS":0.70084,"DILUTED_EPS":0.70084,"OPERATE_INCOME":3894154384.4,"OPERATE_INCOME_YOY":17.2151845328,"GROSS_PROFIT":3749129563.2,"GROSS_PROFIT_YOY":6.676056730678,"HOLDER_PROFIT":207504707.2,"HOLDER_PROFIT_YOY":26.4272599172,"GROSS_PROFIT_RATIO":96.275832776919,"EPS_TTM":0.882069501559,"OPERATE_INCOME_QOQ":3.742870539156,"NET_PROFIT_RATIO":5.3766730677,"ROE_AVG":4.750566384063,"GROSS_PROFIT_QOQ":3.617299493097,"ROA":2.457034264707,"HOLDER_PROFIT_QOQ":10.145805521944,"ROE_YEARLY":9.501132768126,"ROIC_YEARLY":6.595039242132,"TOTAL_ASSETS":9559345465.6,"TOTAL_LIABILITIES":4315099913.6,"TAX_EBT":-2.483619772907,"OCF_SALES":25.954708165884,"TOTAL_PARENT_EQUITY":5243867098.4,"DEBT_ASSET_RATIO":45.1401189457,"OPERATE_PROFIT":143118536.4,"PRETAX_PROFIT":204301868.4,"NETCASH_OPERATE":1010716406,"NETCASH_INVEST":-553544457.2,"NETCASH_FINANCE":1401799142.8,"END_CASH":3093746045.6,"DIVI_RATIO":0.506144400512,"DIVIDEND_RATE":2.087524576271,"CURRENT_RATIO":1.376311960458,"COMMON_ACS":338482654,"CURRENTDEBT_DEBT":89.968881150683,"ISSUED_COMMON_SHARES":338482654,"HK_COMMON_SHARES":338482654,"PER_SHARES":100,"TOTAL_MARKET_CAP":7988190634.4,"HKSK_MARKET_CAP":7988190634.4,"PE_TTM":10.753522243738,"PB_TTM":1.118750602244,"REPORT_DATE_SQ":"2021-06-30 00:00:00","REPORT_TYPE_SQ":"2021年中报","OPERATE_INCOME_SQ":3643527817,"DPS_HKD":0.4926558,"OPERATE_INCOME_QOQ_SQ":0,"NET_PROFIT_RATIO_SQ":4.9401415507,"HOLDER_PROFIT_SQ":180003117.8,"HOLDER_PROFIT_QOQ_SQ":0,"ROE_AVG_SQ":null,"PE_TTM_SQ":13.958665890405,"PB_TTM_SQ":1.238340980864,"ROA_SQ":null,"START_DATE":"2022-01-01 00:00:00","FISCAL_YEAR":"12-31","CURRENCY":"HKD","IS_CNY_CODE":0,"DPS_HKD_LY":0.1644687,"ORG_TYPE":"一般企业","PREMIUM_INCOME":null,"PREMIUM_INCOME_YOY":null,"NET_INTEREST_INCOME":null,"NET_INTEREST_INCOME_YOY":null,"FEE_COMMISSION_INCOME":null,"FEE_COMMISSION_INCOME_YOY":null,"ACCOUNTS_RECE_TDAYS":11.732160766884,"INVENTORY_TDAYS":0.144255804146,"CURRENT_ASSETS_TDAYS":0.876684685026,"TOTAL_ASSETS_TDAYS":0.461101383368,"PREMIUM_EXPENSE":null,"LOAN_DEPOSIT":null,"LOAN_EQUITY":null,"LOAN_ASSETS":null,"DEPOSIT_EQUITY":null,"DEPOSIT_ASSETS":null,"EQUITY_MULTIPLIER":1.822825680227,"EQUITY_RATIO":0.822885064138},{"SECUCODE":"09638.HK","SECURITY_CODE":"09638","SECURITY_NAME_ABBR":"法拉帝","ORG_CODE":"10000276613","STD_REPORT_DATE":"2021-12-31 00:00:00","REPORT_DATE":"2021-12-31 00:00:00","DATE_TYPE_CODE":"001","REPORT_TYPE":"2021年年报","PER_NETCASH_OPERATE":null,"PER_OI":26.705907419786,"BPS":10.628070992967,"BASIC_EPS":1.082955,"DILUTED_EPS":1.082955,"OPERATE_INCOME":6696105696.9,"OPERATE_INCOME_YOY":45.3283797717,"GROSS_PROFIT":6486330093.7,"GROSS_PROFIT_YOY":32.20885283293,"HOLDER_PROFIT":271063636.5,"HOLDER_PROFIT_YOY":70.6125602109,"GROSS_PROFIT_RATIO":96.867199941346,"EPS_TTM":1.081076182025,"OPERATE_INCOME_QOQ":-3.45333240089,"NET_PROFIT_RATIO":4.0306120799,"ROE_AVG":7.808429859835,"GROSS_PROFIT_QOQ":-3.869920757514,"ROA":3.746035832038,"HOLDER_PROFIT_QOQ":-27.310316858976,"ROE_YEARLY":7.808429859835,"ROIC_YEARLY":4.174122442037,"TOTAL_ASSETS":7552354897.2,"TOTAL_LIABILITIES":3956467797,"TAX_EBT":8.091163888479,"OCF_SALES":29.286656165059,"TOTAL_PARENT_EQUITY":3597417676.6,"DEBT_ASSET_RATIO":52.3872070481,"OPERATE_PROFIT":345628698.1,"PRETAX_PROFIT":293654077.8,"NETCASH_OPERATE":1961065451.9,"NETCASH_INVEST":-535297436.8,"NETCASH_FINANCE":-419103585,"END_CASH":1249080297,"DIVI_RATIO":0.412972320082,"DIVIDEND_RATE":2.087524576271,"CURRENT_RATIO":1.067081361947,"COMMON_ACS":338482654,"CURRENTDEBT_DEBT":86.392584076933,"ISSUED_COMMON_SHARES":338482654,"HK_COMMON_SHARES":338482654,"PER_SHARES":100,"TOTAL_MARKET_CAP":7988190634.4,"HKSK_MARKET_CAP":7988190634.4,"PE_TTM":10.753522243738,"PB_TTM":1.118750602244,"REPORT_DATE_SQ":"2020-12-31 00:00:00","REPORT_TYPE_SQ":"2020年年报","OPERATE_INCOME_SQ":5121506850,"DPS_HKD":0.4926558,"OPERATE_INCOME_QOQ_SQ":-3.37141534532,"NET_PROFIT_RATIO_SQ":3.4444071865,"HOLDER_PROFIT_SQ":176598150,"HOLDER_PROFIT_QOQ_SQ":-15.142382531057,"ROE_AVG_SQ":4.822038596468,"PE_TTM_SQ":13.958665890405,"PB_TTM_SQ":1.238340980864,"ROA_SQ":2.344645650163,"START_DATE":"2021-01-01 00:00:00","FISCAL_YEAR":"12-31","CURRENCY":"HKD","IS_CNY_CODE":0,"DPS_HKD_LY":null,"ORG_TYPE":"一般企业","PREMIUM_INCOME":null,"PREMIUM_INCOME_YOY":null,"NET_INTEREST_INCOME":null,"NET_INTEREST_INCOME_YOY":null,"FEE_COMMISSION_INCOME":null,"FEE_COMMISSION_INCOME_YOY":null,"ACCOUNTS_RECE_TDAYS":23.747666781887,"INVENTORY_TDAYS":0.18084947468,"CURRENT_ASSETS_TDAYS":1.956137150233,"TOTAL_ASSETS_TDAYS":0.925386090129,"PREMIUM_EXPENSE":null,"LOAN_DEPOSIT":null,"LOAN_EQUITY":null,"LOAN_ASSETS":null,"DEPOSIT_EQUITY":null,"DEPOSIT_ASSETS":null,"EQUITY_MULTIPLIER":2.100275867056,"EQUITY_RATIO":1.099807737849},{"SECUCODE":"09638.HK","SECURITY_CODE":"09638","SECURITY_NAME_ABBR":"法拉帝","ORG_CODE":"10000276613","STD_REPORT_DATE":"2021-09-30 00:00:00","REPORT_DATE":"2021-09-30 00:00:00","DATE_TYPE_CODE":"004","REPORT_TYPE":"2021年三季报","PER_NETCASH_OPERATE":null,"PER_OI":20.805637194249,"BPS":10.9008367965,"BASIC_EPS":0.978211,"DILUTED_EPS":0.978211,"OPERATE_INCOME":5216701441.9,"OPERATE_INCOME_YOY":62.8794891434,"GROSS_PROFIT":5036033394.9,"GROSS_PROFIT_YOY":57.636825871499,"HOLDER_PROFIT":241625641.7,"HOLDER_PROFIT_YOY":466.431469395,"GROSS_PROFIT_RATIO":96.536737840719,"EPS_TTM":1.487248444772,"OPERATE_INCOME_QOQ":35.42138591692,"NET_PROFIT_RATIO":4.6285972274,"ROE_AVG":6.733799854466,"GROSS_PROFIT_QOQ":37.531201341711,"ROA":3.241590399296,"HOLDER_PROFIT_QOQ":111.160331407775,"ROE_YEARLY":8.978399805954,"ROIC_YEARLY":3.646867891186,"TOTAL_ASSETS":7695849301.5,"TOTAL_LIABILITIES":4006646910.2,"TAX_EBT":24.171747247034,"OCF_SALES":35.478315305426,"TOTAL_PARENT_EQUITY":3689744169.7,"DEBT_ASSET_RATIO":52.0624398066,"OPERATE_PROFIT":null,"PRETAX_PROFIT":318430254.6,"NETCASH_OPERATE":1850797786.1,"NETCASH_INVEST":-349815778.3,"NETCASH_FINANCE":-329002458.1,"END_CASH":1410595311.4,"DIVI_RATIO":0.300188270928,"DIVIDEND_RATE":2.12351637931,"CURRENT_RATIO":1.131435991143,"COMMON_ACS":338482654,"CURRENTDEBT_DEBT":83.456220678879,"ISSUED_COMMON_SHARES":338482654,"HK_COMMON_SHARES":338482654,"PER_SHARES":100,"TOTAL_MARKET_CAP":7852797572.8,"HKSK_MARKET_CAP":7852797572.8,"PE_TTM":10.571259154861,"PB_TTM":1.09978872763,"REPORT_DATE_SQ":"2020-09-30 00:00:00","REPORT_TYPE_SQ":"2020年三季报","OPERATE_INCOME_SQ":3402592735.8,"DPS_HKD":0.4926558,"OPERATE_INCOME_QOQ_SQ":0,"NET_PROFIT_RATIO_SQ":1.3363468487,"HOLDER_PROFIT_SQ":45318552.9,"HOLDER_PROFIT_QOQ_SQ":0,"ROE_AVG_SQ":null,"PE_TTM_SQ":13.874577541667,"PB_TTM_SQ":1.230881095437,"ROA_SQ":null,"START_DATE":"2021-01-01 00:00:00","FISCAL_YEAR":"12-31","CURRENCY":"HKD","IS_CNY_CODE":0,"DPS_HKD_LY":null,"ORG_TYPE":"一般企业","PREMIUM_INCOME":null,"PREMIUM_INCOME_YOY":null,"NET_INTEREST_INCOME":null,"NET_INTEREST_INCOME_YOY":null,"FEE_COMMISSION_INCOME":null,"FEE_COMMISSION_INCOME_YOY":null,"ACCOUNTS_RECE_TDAYS":19.247803212238,"INVENTORY_TDAYS":0.154446363499,"CURRENT_ASSETS_TDAYS":1.465921946,"TOTAL_ASSETS_TDAYS":0.699859882051,"PREMIUM_EXPENSE":null,"LOAN_DEPOSIT":null,"LOAN_EQUITY":null,"LOAN_ASSETS":null,"DEPOSIT_EQUITY":null,"DEPOSIT_ASSETS":null,"EQUITY_MULTIPLIER":2.086046924302,"EQUITY_RATIO":1.085887456128},{"SECUCODE":"09638.HK","SECURITY_CODE":"09638","SECURITY_NAME_ABBR":"法拉帝","ORG_CODE":"10000276613","STD_REPORT_DATE":"2021-06-30 00:00:00","REPORT_DATE":"2021-06-30 00:00:00","DATE_TYPE_CODE":"002","REPORT_TYPE":"2021年中报","PER_NETCASH_OPERATE":null,"PER_OI":null,"BPS":null,"BASIC_EPS":0.691758,"DILUTED_EPS":0.691758,"OPERATE_INCOME":3643527817,"OPERATE_INCOME_YOY":null,"GROSS_PROFIT":3514499577.6,"GROSS_PROFIT_YOY":null,"HOLDER_PROFIT":180003117.8,"HOLDER_PROFIT_YOY":null,"GROSS_PROFIT_RATIO":96.458700306939,"EPS_TTM":0.704321893633,"OPERATE_INCOME_QOQ":0,"NET_PROFIT_RATIO":4.9401415507,"ROE_AVG":null,"GROSS_PROFIT_QOQ":0,"ROA":null,"HOLDER_PROFIT_QOQ":0,"ROE_YEARLY":null,"ROIC_YEARLY":null,"TOTAL_ASSETS":null,"TOTAL_LIABILITIES":null,"TAX_EBT":2.485946283573,"OCF_SALES":40.474648496419,"TOTAL_PARENT_EQUITY":null,"DEBT_ASSET_RATIO":null,"OPERATE_PROFIT":203584379.4,"PRETAX_PROFIT":184584093,"NETCASH_OPERATE":1474705076.8,"NETCASH_INVEST":-179588063,"NETCASH_FINANCE":-306687066.2,"END_CASH":1226509992.6,"DIVI_RATIO":0.633878547738,"DIVIDEND_RATE":2.087524576271,"CURRENT_RATIO":null,"COMMON_ACS":338482654,"CURRENTDEBT_DEBT":null,"ISSUED_COMMON_SHARES":338482654,"HK_COMMON_SHARES":338482654,"PER_SHARES":100,"TOTAL_MARKET_CAP":7988190634.4,"HKSK_MARKET_CAP":7988190634.4,"PE_TTM":10.753522243738,"PB_TTM":1.118750602244,"REPORT_DATE_SQ":"2020-06-30 00:00:00","REPORT_TYPE_SQ":"2020年中报","OPERATE_INCOME_SQ":null,"DPS_HKD":0.4926558,"OPERATE_INCOME_QOQ_SQ":0,"NET_PROFIT_RATIO_SQ":null,"HOLDER_PROFIT_SQ":null,"HOLDER_PROFIT_QOQ_SQ":0,"ROE_AVG_SQ":null,"PE_TTM_SQ":13.958665890405,"PB_TTM_SQ":1.238340980864,"ROA_SQ":null,"START_DATE":"2021-01-01 00:00:00","FISCAL_YEAR":"12-31","CURRENCY":"HKD","IS_CNY_CODE":0,"DPS_HKD_LY":null,"ORG_TYPE":"一般企业","PREMIUM_INCOME":null,"PREMIUM_INCOME_YOY":null,"NET_INTEREST_INCOME":null,"NET_INTEREST_INCOME_YOY":null,"FEE_COMMISSION_INCOME":null,"FEE_COMMISSION_INCOME_YOY":null,"ACCOUNTS_RECE_TDAYS":null,"INVENTORY_TDAYS":null,"CURRENT_ASSETS_TDAYS":2.139750606556,"TOTAL_ASSETS_TDAYS":0.9891772385,"PREMIUM_EXPENSE":null,"LOAN_DEPOSIT":null,"LOAN_EQUITY":null,"LOAN_ASSETS":null,"DEPOSIT_EQUITY":null,"DEPOSIT_ASSETS":null,"EQUITY_MULTIPLIER":null,"EQUITY_RATIO":null},{"SECUCODE":"09638.HK","SECURITY_CODE":"09638","SECURITY_NAME_ABBR":"法拉帝","ORG_CODE":"10000276613","STD_REPORT_DATE":"2020-12-31 00:00:00","REPORT_DATE":"2020-12-31 00:00:00","DATE_TYPE_CODE":"001","REPORT_TYPE":"2020年年报","PER_NETCASH_OPERATE":null,"PER_OI":20.425975033402,"BPS":10.986041178347,"BASIC_EPS":0.72225,"DILUTED_EPS":0.72225,"OPERATE_INCOME":5121506850,"OPERATE_INCOME_YOY":-5.8939933497,"GROSS_PROFIT":4906123875,"GROSS_PROFIT_YOY":-3.312770752184,"HOLDER_PROFIT":176598150,"HOLDER_PROFIT_YOY":-17.3576686195,"GROSS_PROFIT_RATIO":95.794538964641,"EPS_TTM":0.704321893633,"OPERATE_INCOME_QOQ":-3.37141534532,"NET_PROFIT_RATIO":3.4444071865,"ROE_AVG":4.822038596468,"GROSS_PROFIT_QOQ":-3.312770752184,"ROA":2.344645650163,"HOLDER_PROFIT_QOQ":-15.142382531057,"ROE_YEARLY":4.822038596468,"ROIC_YEARLY":2.438054298392,"TOTAL_ASSETS":7691505075,"TOTAL_LIABILITIES":3973321950,"TAX_EBT":-523.249220300539,"OCF_SALES":8.984885473696,"TOTAL_PARENT_EQUITY":3718584375,"DEBT_ASSET_RATIO":51.6585754187,"OPERATE_PROFIT":87544725,"PRETAX_PROFIT":28304175,"NETCASH_OPERATE":460161525,"NETCASH_INVEST":-561220350,"NETCASH_FINANCE":61977075,"END_CASH":263460750,"DIVI_RATIO":0.633878547738,"DIVIDEND_RATE":2.114402575107,"CURRENT_RATIO":1.123338412431,"COMMON_ACS":338482654,"CURRENTDEBT_DEBT":79.663231795249,"ISSUED_COMMON_SHARES":338482654,"HK_COMMON_SHARES":338482654,"PER_SHARES":100,"TOTAL_MARKET_CAP":7886645838.2,"HKSK_MARKET_CAP":7886645838.2,"PE_TTM":10.616824927081,"PB_TTM":1.104529196284,"REPORT_DATE_SQ":"2019-12-31 00:00:00","REPORT_TYPE_SQ":"2019年年报","OPERATE_INCOME_SQ":5300198557.5,"DPS_HKD":0.4926558,"OPERATE_INCOME_QOQ_SQ":6.993506507395,"NET_PROFIT_RATIO_SQ":3.922201824,"HOLDER_PROFIT_SQ":208111134,"HOLDER_PROFIT_QOQ_SQ":-13.671568863654,"ROE_AVG_SQ":8.489284780627,"PE_TTM_SQ":13.958665890405,"PB_TTM_SQ":1.238340980864,"ROA_SQ":3.061236807268,"START_DATE":"2020-01-01 00:00:00","FISCAL_YEAR":"12-31","CURRENCY":"HKD","IS_CNY_CODE":0,"DPS_HKD_LY":null,"ORG_TYPE":"一般企业","PREMIUM_INCOME":null,"PREMIUM_INCOME_YOY":null,"NET_INTEREST_INCOME":null,"NET_INTEREST_INCOME_YOY":null,"FEE_COMMISSION_INCOME":null,"FEE_COMMISSION_INCOME_YOY":null,"ACCOUNTS_RECE_TDAYS":14.95948337494,"INVENTORY_TDAYS":0.147345189829,"CURRENT_ASSETS_TDAYS":1.427838868815,"TOTAL_ASSETS_TDAYS":0.679968547696,"PREMIUM_EXPENSE":null,"LOAN_DEPOSIT":null,"LOAN_EQUITY":null,"LOAN_ASSETS":null,"DEPOSIT_EQUITY":null,"DEPOSIT_ASSETS":null,"EQUITY_MULTIPLIER":2.068619219771,"EQUITY_RATIO":1.068503911519}],"count":12},"success":true,"message":"ok","code":0}