{"version":"64b7e80a6abfe55331a573886e2cb6c1","result":{"pages":2,"data":[{"SECUCODE":"09633.HK","SECURITY_CODE":"09633","SECURITY_NAME_ABBR":"农夫山泉","ORG_CODE":"10290125","STD_REPORT_DATE":"2024-06-30 00:00:00","REPORT_DATE":"2024-06-30 00:00:00","DATE_TYPE_CODE":"002","REPORT_TYPE":"2024年中报","PER_NETCASH_OPERATE":0.492337486555,"PER_OI":1.971560062634,"BPS":2.347535844681,"BASIC_EPS":0.55,"DILUTED_EPS":0.55,"OPERATE_INCOME":22173084000,"OPERATE_INCOME_YOY":8.3600013195,"GROSS_PROFIT":13032468000,"GROSS_PROFIT_YOY":5.869562692035,"HOLDER_PROFIT":6239579000,"HOLDER_PROFIT_YOY":8.0367820805,"GROSS_PROFIT_RATIO":58.776072827758,"EPS_TTM":1.115341970879,"OPERATE_INCOME_QOQ":4.009304941608,"NET_PROFIT_RATIO":28.1403299604,"ROE_AVG":22.700774796249,"GROSS_PROFIT_QOQ":2.843877132404,"ROA":11.861914952126,"HOLDER_PROFIT_QOQ":3.84252723085,"ROE_YEARLY":45.401549592497,"ROIC_YEARLY":38.708844514676,"TOTAL_ASSETS":56066440000,"TOTAL_LIABILITIES":29664957000,"TAX_EBT":23.368489182745,"OCF_SALES":24.971975030627,"TOTAL_PARENT_EQUITY":26401483000,"DEBT_ASSET_RATIO":52.9103631335,"OPERATE_PROFIT":8181753000,"PRETAX_PROFIT":8142315000,"NETCASH_OPERATE":5537057000,"NETCASH_INVEST":-2760521000,"NETCASH_FINANCE":643112000,"END_CASH":7326117000,"DIVI_RATIO":0.666253417698,"DIVIDEND_RATE":2.35632183908,"CURRENT_RATIO":0.829271797228,"COMMON_ACS":null,"CURRENTDEBT_DEBT":97.7372392618,"ISSUED_COMMON_SHARES":11246466400,"HK_COMMON_SHARES":5034666400,"PER_SHARES":200,"TOTAL_MARKET_CAP":391377030720,"HKSK_MARKET_CAP":175206390720,"PE_TTM":28.15269426404,"PB_TTM":13.529618332331,"REPORT_DATE_SQ":"2023-06-30 00:00:00","REPORT_TYPE_SQ":"2023年中报","OPERATE_INCOME_SQ":20462425000,"DPS_HKD":0.82,"OPERATE_INCOME_QOQ_SQ":11.623822207204,"NET_PROFIT_RATIO_SQ":28.2245188437,"HOLDER_PROFIT_SQ":5775421000,"HOLDER_PROFIT_QOQ_SQ":13.738218416174,"ROE_AVG_SQ":24.925555705506,"PE_TTM_SQ":47.917087097783,"PB_TTM_SQ":20.614777843877,"ROA_SQ":13.073273309464,"START_DATE":"2024-01-01 00:00:00","FISCAL_YEAR":"12-31","CURRENCY":"HKD","IS_CNY_CODE":0,"DPS_HKD_LY":0.82,"ORG_TYPE":"一般企业","PREMIUM_INCOME":null,"PREMIUM_INCOME_YOY":null,"NET_INTEREST_INCOME":null,"NET_INTEREST_INCOME_YOY":null,"FEE_COMMISSION_INCOME":null,"FEE_COMMISSION_INCOME_YOY":null,"ACCOUNTS_RECE_TDAYS":35.470833416652,"INVENTORY_TDAYS":2.843879661595,"CURRENT_ASSETS_TDAYS":0.844607172399,"TOTAL_ASSETS_TDAYS":0.421527216234,"PREMIUM_EXPENSE":null,"LOAN_DEPOSIT":null,"LOAN_EQUITY":null,"LOAN_ASSETS":null,"DEPOSIT_EQUITY":null,"DEPOSIT_ASSETS":null,"EQUITY_MULTIPLIER":2.123609495726,"EQUITY_RATIO":1.123609495724},{"SECUCODE":"09633.HK","SECURITY_CODE":"09633","SECURITY_NAME_ABBR":"农夫山泉","ORG_CODE":"10290125","STD_REPORT_DATE":"2023-12-31 00:00:00","REPORT_DATE":"2023-12-31 00:00:00","DATE_TYPE_CODE":"001","REPORT_TYPE":"2023年年报","PER_NETCASH_OPERATE":1.538699924449,"PER_OI":3.793833501339,"BPS":2.540433944657,"BASIC_EPS":1.07,"DILUTED_EPS":1.07,"OPERATE_INCOME":42667221000,"OPERATE_INCOME_YOY":28.3642136013,"GROSS_PROFIT":25406829000,"GROSS_PROFIT_YOY":33.052014434253,"HOLDER_PROFIT":12079498000,"HOLDER_PROFIT_YOY":42.1912009652,"GROSS_PROFIT_RATIO":59.546481829693,"EPS_TTM":1.074070518719,"OPERATE_INCOME_QOQ":14.997149410432,"NET_PROFIT_RATIO":28.3109556163,"ROE_AVG":45.881691610524,"GROSS_PROFIT_QOQ":17.800571058653,"ROA":27.331663415448,"HOLDER_PROFIT_QOQ":25.016202069353,"ROE_YEARLY":45.881691610524,"ROIC_YEARLY":49.248186827988,"TOTAL_ASSETS":49137130000,"TOTAL_LIABILITIES":20566225000,"TAX_EBT":23.002661490463,"OCF_SALES":40.55791915766,"TOTAL_PARENT_EQUITY":28570905000,"DEBT_ASSET_RATIO":41.8547542357,"OPERATE_PROFIT":15787937000,"PRETAX_PROFIT":15688202000,"NETCASH_OPERATE":17304937000,"NETCASH_INVEST":-14283814000,"NETCASH_FINANCE":-7022054000,"END_CASH":3875720000,"DIVI_RATIO":0.691854386699,"DIVIDEND_RATE":2.249657064472,"CURRENT_RATIO":1.431908633275,"COMMON_ACS":null,"CURRENTDEBT_DEBT":96.646603837116,"ISSUED_COMMON_SHARES":11246466400,"HK_COMMON_SHARES":5034666400,"PER_SHARES":200,"TOTAL_MARKET_CAP":409933700280,"HKSK_MARKET_CAP":183513590280,"PE_TTM":29.487520285179,"PB_TTM":14.171108856709,"REPORT_DATE_SQ":"2022-12-31 00:00:00","REPORT_TYPE_SQ":"2022年年报","OPERATE_INCOME_SQ":33239187000,"DPS_HKD":0.82,"OPERATE_INCOME_QOQ_SQ":6.808319684734,"NET_PROFIT_RATIO_SQ":25.5579355777,"HOLDER_PROFIT_SQ":8495250000,"HOLDER_PROFIT_QOQ_SQ":9.514372516582,"ROE_AVG_SQ":37.903471021429,"PE_TTM_SQ":48.241948705225,"PB_TTM_SQ":20.754539049598,"ROA_SQ":23.548550727761,"START_DATE":"2023-01-01 00:00:00","FISCAL_YEAR":"12-31","CURRENCY":"HKD","IS_CNY_CODE":0,"DPS_HKD_LY":0.77,"ORG_TYPE":"一般企业","PREMIUM_INCOME":null,"PREMIUM_INCOME_YOY":null,"NET_INTEREST_INCOME":null,"NET_INTEREST_INCOME_YOY":null,"FEE_COMMISSION_INCOME":null,"FEE_COMMISSION_INCOME_YOY":null,"ACCOUNTS_RECE_TDAYS":83.203760111076,"INVENTORY_TDAYS":6.638483367919,"CURRENT_ASSETS_TDAYS":1.822493892731,"TOTAL_ASSETS_TDAYS":0.965409426157,"PREMIUM_EXPENSE":null,"LOAN_DEPOSIT":null,"LOAN_EQUITY":null,"LOAN_ASSETS":null,"DEPOSIT_EQUITY":null,"DEPOSIT_ASSETS":null,"EQUITY_MULTIPLIER":1.719831065903,"EQUITY_RATIO":0.719831065904},{"SECUCODE":"09633.HK","SECURITY_CODE":"09633","SECURITY_NAME_ABBR":"农夫山泉","ORG_CODE":"10290125","STD_REPORT_DATE":"2023-06-30 00:00:00","REPORT_DATE":"2023-06-30 00:00:00","DATE_TYPE_CODE":"002","REPORT_TYPE":"2023年中报","PER_NETCASH_OPERATE":0.710635742441,"PER_OI":1.819453708589,"BPS":1.979047036499,"BASIC_EPS":0.51,"DILUTED_EPS":0.51,"OPERATE_INCOME":20462425000,"OPERATE_INCOME_YOY":23.2768216857,"GROSS_PROFIT":12309929000,"GROSS_PROFIT_YOY":25.130432201583,"HOLDER_PROFIT":5775421000,"HOLDER_PROFIT_YOY":25.325817949,"GROSS_PROFIT_RATIO":60.158700642764,"EPS_TTM":0.859145055553,"OPERATE_INCOME_QOQ":11.623822207204,"NET_PROFIT_RATIO":28.2245188437,"ROE_AVG":24.925555705506,"GROSS_PROFIT_QOQ":12.946833142266,"ROA":13.073273309464,"HOLDER_PROFIT_QOQ":13.738218416174,"ROE_YEARLY":49.851111411011,"ROIC_YEARLY":47.634495937888,"TOTAL_ASSETS":49099787000,"TOTAL_LIABILITIES":26842501000,"TAX_EBT":23.243119895209,"OCF_SALES":39.057643461125,"TOTAL_PARENT_EQUITY":22257286000,"DEBT_ASSET_RATIO":54.6692819665,"OPERATE_PROFIT":7553974000,"PRETAX_PROFIT":7524304000,"NETCASH_OPERATE":7992141000,"NETCASH_INVEST":-12644721000,"NETCASH_FINANCE":1449991000,"END_CASH":4619715000,"DIVI_RATIO":0.864930078102,"DIVIDEND_RATE":2.249657064472,"CURRENT_RATIO":1.077903936972,"COMMON_ACS":null,"CURRENTDEBT_DEBT":97.980978002013,"ISSUED_COMMON_SHARES":11246466400,"HK_COMMON_SHARES":5034666400,"PER_SHARES":200,"TOTAL_MARKET_CAP":409933700280,"HKSK_MARKET_CAP":183513590280,"PE_TTM":29.487520285179,"PB_TTM":14.171108856709,"REPORT_DATE_SQ":"2022-06-30 00:00:00","REPORT_TYPE_SQ":"2022年中报","OPERATE_INCOME_SQ":16598761000,"DPS_HKD":0.82,"OPERATE_INCOME_QOQ_SQ":4.795206531053,"NET_PROFIT_RATIO_SQ":27.763066171,"HOLDER_PROFIT_SQ":4608325000,"HOLDER_PROFIT_QOQ_SQ":8.313657164671,"ROE_AVG_SQ":22.530371994552,"PE_TTM_SQ":48.241948705225,"PB_TTM_SQ":20.754539049598,"ROA_SQ":12.907993226471,"START_DATE":"2023-01-01 00:00:00","FISCAL_YEAR":"12-31","CURRENCY":"HKD","IS_CNY_CODE":0,"DPS_HKD_LY":0.77,"ORG_TYPE":"一般企业","PREMIUM_INCOME":null,"PREMIUM_INCOME_YOY":null,"NET_INTEREST_INCOME":null,"NET_INTEREST_INCOME_YOY":null,"FEE_COMMISSION_INCOME":null,"FEE_COMMISSION_INCOME_YOY":null,"ACCOUNTS_RECE_TDAYS":37.852933069664,"INVENTORY_TDAYS":3.622056591635,"CURRENT_ASSETS_TDAYS":0.876129836988,"TOTAL_ASSETS_TDAYS":0.463188527034,"PREMIUM_EXPENSE":null,"LOAN_DEPOSIT":null,"LOAN_EQUITY":null,"LOAN_ASSETS":null,"DEPOSIT_EQUITY":null,"DEPOSIT_ASSETS":null,"EQUITY_MULTIPLIER":2.206009618601,"EQUITY_RATIO":1.206009618603},{"SECUCODE":"09633.HK","SECURITY_CODE":"09633","SECURITY_NAME_ABBR":"农夫山泉","ORG_CODE":"10290125","STD_REPORT_DATE":"2022-12-31 00:00:00","REPORT_DATE":"2022-12-31 00:00:00","DATE_TYPE_CODE":"001","REPORT_TYPE":"2022年年报","PER_NETCASH_OPERATE":1.070692746657,"PER_OI":2.95552272312,"BPS":2.141479389473,"BASIC_EPS":0.76,"DILUTED_EPS":0.76,"OPERATE_INCOME":33239187000,"OPERATE_INCOME_YOY":11.929999206,"GROSS_PROFIT":19095411000,"GROSS_PROFIT_YOY":8.151196366062,"HOLDER_PROFIT":8495250000,"HOLDER_PROFIT_YOY":18.6190219937,"GROSS_PROFIT_RATIO":57.448489940503,"EPS_TTM":0.755370593558,"OPERATE_INCOME_QOQ":6.808319684734,"NET_PROFIT_RATIO":25.5579355777,"ROE_AVG":37.903471021429,"GROSS_PROFIT_QOQ":4.615742240248,"ROA":23.548550727761,"HOLDER_PROFIT_QOQ":9.514372516582,"ROE_YEARLY":37.903471021429,"ROIC_YEARLY":40.303676298748,"TOTAL_ASSETS":39254841000,"TOTAL_LIABILITIES":15170765000,"TAX_EBT":23.122219314316,"OCF_SALES":36.226848749339,"TOTAL_PARENT_EQUITY":24084076000,"DEBT_ASSET_RATIO":38.6468639626,"OPERATE_PROFIT":11126360000,"PRETAX_PROFIT":11050332000,"NETCASH_OPERATE":12041510000,"NETCASH_INVEST":-9426326000,"NETCASH_FINANCE":-5369782000,"END_CASH":7821114000,"DIVI_RATIO":0.983756061379,"DIVIDEND_RATE":2.249657064472,"CURRENT_RATIO":1.257512603732,"COMMON_ACS":null,"CURRENTDEBT_DEBT":96.247150357942,"ISSUED_COMMON_SHARES":11246466400,"HK_COMMON_SHARES":5034666400,"PER_SHARES":200,"TOTAL_MARKET_CAP":409933700280,"HKSK_MARKET_CAP":183513590280,"PE_TTM":29.487520285179,"PB_TTM":14.171108856709,"REPORT_DATE_SQ":"2021-12-31 00:00:00","REPORT_TYPE_SQ":"2021年年报","OPERATE_INCOME_SQ":29696406000,"DPS_HKD":0.82,"OPERATE_INCOME_QOQ_SQ":12.030367601031,"NET_PROFIT_RATIO_SQ":24.1167028764,"HOLDER_PROFIT_SQ":7161794000,"HOLDER_PROFIT_QOQ_SQ":11.452935535648,"ROE_AVG_SQ":39.530885924668,"PE_TTM_SQ":48.241948705225,"PB_TTM_SQ":20.754539049598,"ROA_SQ":24.378289776679,"START_DATE":"2022-01-01 00:00:00","FISCAL_YEAR":"12-31","CURRENCY":"HKD","IS_CNY_CODE":0,"DPS_HKD_LY":0.52969,"ORG_TYPE":"一般企业","PREMIUM_INCOME":null,"PREMIUM_INCOME_YOY":null,"NET_INTEREST_INCOME":null,"NET_INTEREST_INCOME_YOY":null,"FEE_COMMISSION_INCOME":null,"FEE_COMMISSION_INCOME_YOY":null,"ACCOUNTS_RECE_TDAYS":69.620850320936,"INVENTORY_TDAYS":7.220629354386,"CURRENT_ASSETS_TDAYS":1.836564523684,"TOTAL_ASSETS_TDAYS":0.921379219233,"PREMIUM_EXPENSE":null,"LOAN_DEPOSIT":null,"LOAN_EQUITY":null,"LOAN_ASSETS":null,"DEPOSIT_EQUITY":null,"DEPOSIT_ASSETS":null,"EQUITY_MULTIPLIER":1.629908533755,"EQUITY_RATIO":0.629908533755},{"SECUCODE":"09633.HK","SECURITY_CODE":"09633","SECURITY_NAME_ABBR":"农夫山泉","ORG_CODE":"10290125","STD_REPORT_DATE":"2022-06-30 00:00:00","REPORT_DATE":"2022-06-30 00:00:00","DATE_TYPE_CODE":"002","REPORT_TYPE":"2022年中报","PER_NETCASH_OPERATE":0.531517970836,"PER_OI":1.47590900196,"BPS":1.793099653061,"BASIC_EPS":0.41,"DILUTED_EPS":0.41,"OPERATE_INCOME":16598761000,"OPERATE_INCOME_YOY":9.384031652,"GROSS_PROFIT":9837678000,"GROSS_PROFIT_YOY":6.456947479232,"HOLDER_PROFIT":4608325000,"HOLDER_PROFIT_YOY":14.837258075,"GROSS_PROFIT_RATIO":59.267544125733,"EPS_TTM":0.689745625346,"OPERATE_INCOME_QOQ":4.795206531053,"NET_PROFIT_RATIO":27.763066171,"ROE_AVG":22.530371994552,"GROSS_PROFIT_QOQ":3.379466655883,"ROA":12.907993226471,"HOLDER_PROFIT_QOQ":8.313657164671,"ROE_YEARLY":45.060743989104,"ROIC_YEARLY":48.62807894119,"TOTAL_ASSETS":38506560000,"TOTAL_LIABILITIES":18340525000,"TAX_EBT":24.0709938864,"OCF_SALES":36.012922892257,"TOTAL_PARENT_EQUITY":20166035000,"DEBT_ASSET_RATIO":47.6296116817,"OPERATE_PROFIT":6091596000,"PRETAX_PROFIT":6069255000,"NETCASH_OPERATE":5977699000,"NETCASH_INVEST":-7722201000,"NETCASH_FINANCE":142437000,"END_CASH":8631234000,"DIVI_RATIO":1.077354277713,"DIVIDEND_RATE":2.249657064472,"CURRENT_RATIO":1.204379080771,"COMMON_ACS":null,"CURRENTDEBT_DEBT":97.248770141531,"ISSUED_COMMON_SHARES":11246466400,"HK_COMMON_SHARES":5034666400,"PER_SHARES":200,"TOTAL_MARKET_CAP":409933700280,"HKSK_MARKET_CAP":183513590280,"PE_TTM":29.487520285179,"PB_TTM":14.171108856709,"REPORT_DATE_SQ":"2021-06-30 00:00:00","REPORT_TYPE_SQ":"2021年中报","OPERATE_INCOME_SQ":15174757000,"DPS_HKD":0.82,"OPERATE_INCOME_QOQ_SQ":15.867976011327,"NET_PROFIT_RATIO_SQ":26.4446936448,"HOLDER_PROFIT_SQ":4012918000,"HOLDER_PROFIT_QOQ_SQ":21.760987269173,"ROE_AVG_SQ":24.25796274226,"PE_TTM_SQ":48.241948705225,"PB_TTM_SQ":20.754539049598,"ROA_SQ":14.284332657261,"START_DATE":"2022-01-01 00:00:00","FISCAL_YEAR":"12-31","CURRENCY":"HKD","IS_CNY_CODE":0,"DPS_HKD_LY":0.52969,"ORG_TYPE":"一般企业","PREMIUM_INCOME":null,"PREMIUM_INCOME_YOY":null,"NET_INTEREST_INCOME":null,"NET_INTEREST_INCOME_YOY":null,"FEE_COMMISSION_INCOME":null,"FEE_COMMISSION_INCOME_YOY":null,"ACCOUNTS_RECE_TDAYS":29.596830763031,"INVENTORY_TDAYS":3.828777431047,"CURRENT_ASSETS_TDAYS":0.844357974377,"TOTAL_ASSETS_TDAYS":0.464933993492,"PREMIUM_EXPENSE":null,"LOAN_DEPOSIT":null,"LOAN_EQUITY":null,"LOAN_ASSETS":null,"DEPOSIT_EQUITY":null,"DEPOSIT_ASSETS":null,"EQUITY_MULTIPLIER":1.909476007552,"EQUITY_RATIO":0.909476007554},{"SECUCODE":"09633.HK","SECURITY_CODE":"09633","SECURITY_NAME_ABBR":"农夫山泉","ORG_CODE":"10290125","STD_REPORT_DATE":"2021-12-31 00:00:00","REPORT_DATE":"2021-12-31 00:00:00","DATE_TYPE_CODE":"001","REPORT_TYPE":"2021年年报","PER_NETCASH_OPERATE":1.013675726626,"PER_OI":2.640509911629,"BPS":1.844280084276,"BASIC_EPS":0.64,"DILUTED_EPS":0.64,"OPERATE_INCOME":29696406000,"OPERATE_INCOME_YOY":29.8073194574,"GROSS_PROFIT":17656218000,"GROSS_PROFIT_YOY":30.706178492718,"HOLDER_PROFIT":7161794000,"HOLDER_PROFIT_YOY":35.7061946487,"GROSS_PROFIT_RATIO":59.455740199673,"EPS_TTM":0.63680392981,"OPERATE_INCOME_QOQ":12.030367601031,"NET_PROFIT_RATIO":24.1167028764,"ROE_AVG":39.530885924668,"GROSS_PROFIT_QOQ":11.473222039529,"ROA":24.378289776679,"HOLDER_PROFIT_QOQ":11.452935535648,"ROE_YEARLY":39.530885924668,"ROIC_YEARLY":41.097085015599,"TOTAL_ASSETS":32896096000,"TOTAL_LIABILITIES":12154462000,"TAX_EBT":23.43848283677,"OCF_SALES":38.38939297907,"TOTAL_PARENT_EQUITY":20741634000,"DEBT_ASSET_RATIO":36.9480378462,"OPERATE_PROFIT":9407245000,"PRETAX_PROFIT":9354300000,"NETCASH_OPERATE":11400270000,"NETCASH_INVEST":-5315751000,"NETCASH_FINANCE":-1893459000,"END_CASH":10187896000,"DIVI_RATIO":1.166921818811,"DIVIDEND_RATE":2.249657064472,"CURRENT_RATIO":1.539027610101,"COMMON_ACS":null,"CURRENTDEBT_DEBT":95.346968051733,"ISSUED_COMMON_SHARES":11246466400,"HK_COMMON_SHARES":5034666400,"PER_SHARES":200,"TOTAL_MARKET_CAP":409933700280,"HKSK_MARKET_CAP":183513590280,"PE_TTM":29.487520285179,"PB_TTM":14.171108856709,"REPORT_DATE_SQ":"2020-12-31 00:00:00","REPORT_TYPE_SQ":"2020年年报","OPERATE_INCOME_SQ":22877297000,"DPS_HKD":0.82,"OPERATE_INCOME_QOQ_SQ":-1.628600219857,"NET_PROFIT_RATIO_SQ":23.0683983339,"HOLDER_PROFIT_SQ":5277426000,"HOLDER_PROFIT_QOQ_SQ":6.910105724486,"ROE_AVG_SQ":41.596869254734,"PE_TTM_SQ":48.241948705225,"PB_TTM_SQ":20.754539049598,"ROA_SQ":24.177387501245,"START_DATE":"2021-01-01 00:00:00","FISCAL_YEAR":"12-31","CURRENCY":"HKD","IS_CNY_CODE":0,"DPS_HKD_LY":0.20435,"ORG_TYPE":"一般企业","PREMIUM_INCOME":null,"PREMIUM_INCOME_YOY":null,"NET_INTEREST_INCOME":null,"NET_INTEREST_INCOME_YOY":null,"FEE_COMMISSION_INCOME":null,"FEE_COMMISSION_INCOME_YOY":null,"ACCOUNTS_RECE_TDAYS":71.228067734817,"INVENTORY_TDAYS":6.661820507685,"CURRENT_ASSETS_TDAYS":1.97796091709,"TOTAL_ASSETS_TDAYS":1.010846710746,"PREMIUM_EXPENSE":null,"LOAN_DEPOSIT":null,"LOAN_EQUITY":null,"LOAN_ASSETS":null,"DEPOSIT_EQUITY":null,"DEPOSIT_ASSETS":null,"EQUITY_MULTIPLIER":1.585993466089,"EQUITY_RATIO":0.585993466089},{"SECUCODE":"09633.HK","SECURITY_CODE":"09633","SECURITY_NAME_ABBR":"农夫山泉","ORG_CODE":"10290125","STD_REPORT_DATE":"2021-06-30 00:00:00","REPORT_DATE":"2021-06-30 00:00:00","DATE_TYPE_CODE":"002","REPORT_TYPE":"2021年中报","PER_NETCASH_OPERATE":0.585542228624,"PER_OI":1.349291098224,"BPS":1.564321127568,"BASIC_EPS":0.36,"DILUTED_EPS":0.36,"OPERATE_INCOME":15174757000,"OPERATE_INCOME_YOY":31.4447118231,"GROSS_PROFIT":9240992000,"GROSS_PROFIT_YOY":33.726984858347,"HOLDER_PROFIT":4012918000,"HOLDER_PROFIT_YOY":40.0914924709,"GROSS_PROFIT_RATIO":60.897133311591,"EPS_TTM":0.571365775832,"OPERATE_INCOME_QOQ":15.867976011327,"NET_PROFIT_RATIO":26.4446936448,"ROE_AVG":24.25796274226,"GROSS_PROFIT_QOQ":17.253431901671,"ROA":14.284332657261,"HOLDER_PROFIT_QOQ":21.760987269173,"ROE_YEARLY":48.51592548452,"ROIC_YEARLY":46.810472707073,"TOTAL_ASSETS":30326874000,"TOTAL_LIABILITIES":12733789000,"TAX_EBT":24.66519160363,"OCF_SALES":43.396286345804,"TOTAL_PARENT_EQUITY":17593085000,"DEBT_ASSET_RATIO":41.9884654119,"OPERATE_PROFIT":5406465000,"PRETAX_PROFIT":5326778000,"NETCASH_OPERATE":6585281000,"NETCASH_INVEST":-4708201000,"NETCASH_FINANCE":-676087000,"END_CASH":7215036000,"DIVI_RATIO":1.30056862247,"DIVIDEND_RATE":2.249657064472,"CURRENT_RATIO":1.283880069477,"COMMON_ACS":null,"CURRENTDEBT_DEBT":95.828233057733,"ISSUED_COMMON_SHARES":11246466400,"HK_COMMON_SHARES":5034666400,"PER_SHARES":200,"TOTAL_MARKET_CAP":409933700280,"HKSK_MARKET_CAP":183513590280,"PE_TTM":29.487520285179,"PB_TTM":14.171108856709,"REPORT_DATE_SQ":"2020-06-30 00:00:00","REPORT_TYPE_SQ":"2020年中报","OPERATE_INCOME_SQ":11544593000,"DPS_HKD":0.82,"OPERATE_INCOME_QOQ_SQ":-3.184691287942,"NET_PROFIT_RATIO_SQ":24.8124641553,"HOLDER_PROFIT_SQ":2864498000,"HOLDER_PROFIT_QOQ_SQ":-0.247485737288,"ROE_AVG_SQ":25.520436409122,"PE_TTM_SQ":48.241948705225,"PB_TTM_SQ":20.754539049598,"ROA_SQ":14.140549209541,"START_DATE":"2021-01-01 00:00:00","FISCAL_YEAR":"12-31","CURRENCY":"HKD","IS_CNY_CODE":0,"DPS_HKD_LY":0.20435,"ORG_TYPE":"一般企业","PREMIUM_INCOME":null,"PREMIUM_INCOME_YOY":null,"NET_INTEREST_INCOME":null,"NET_INTEREST_INCOME_YOY":null,"FEE_COMMISSION_INCOME":null,"FEE_COMMISSION_INCOME_YOY":null,"ACCOUNTS_RECE_TDAYS":37.484779206792,"INVENTORY_TDAYS":3.541159402646,"CURRENT_ASSETS_TDAYS":1.089425692601,"TOTAL_ASSETS_TDAYS":0.54015874977,"PREMIUM_EXPENSE":null,"LOAN_DEPOSIT":null,"LOAN_EQUITY":null,"LOAN_ASSETS":null,"DEPOSIT_EQUITY":null,"DEPOSIT_ASSETS":null,"EQUITY_MULTIPLIER":1.723795116093,"EQUITY_RATIO":0.723795116092},{"SECUCODE":"09633.HK","SECURITY_CODE":"09633","SECURITY_NAME_ABBR":"农夫山泉","ORG_CODE":"10290125","STD_REPORT_DATE":"2020-12-31 00:00:00","REPORT_DATE":"2020-12-31 00:00:00","DATE_TYPE_CODE":"001","REPORT_TYPE":"2020年年报","PER_NETCASH_OPERATE":0.749495237011,"PER_OI":2.034176441411,"BPS":1.37752441069,"BASIC_EPS":0.48,"DILUTED_EPS":0.48,"OPERATE_INCOME":22877297000,"OPERATE_INCOME_YOY":-4.7614256185,"GROSS_PROFIT":13508327000,"GROSS_PROFIT_YOY":1.485248896164,"HOLDER_PROFIT":5277426000,"HOLDER_PROFIT_YOY":6.6455184611,"GROSS_PROFIT_RATIO":59.046866419577,"EPS_TTM":0.46925192432,"OPERATE_INCOME_QOQ":-1.628600219857,"NET_PROFIT_RATIO":23.0683983339,"ROE_AVG":41.596869254734,"GROSS_PROFIT_QOQ":1.459225952744,"ROA":24.177387501245,"HOLDER_PROFIT_QOQ":6.910105724486,"ROE_YEARLY":41.596869254734,"ROIC_YEARLY":31.550474846536,"TOTAL_ASSETS":25859412000,"TOTAL_LIABILITIES":10367130000,"TAX_EBT":24.459849936726,"OCF_SALES":36.845143899649,"TOTAL_PARENT_EQUITY":15492282000,"DEBT_ASSET_RATIO":40.0903547227,"OPERATE_PROFIT":null,"PRETAX_PROFIT":6986253000,"NETCASH_OPERATE":8429173000,"NETCASH_INVEST":-4656694000,"NETCASH_FINANCE":1715804000,"END_CASH":6055981000,"DIVI_RATIO":1.583585194833,"DIVIDEND_RATE":2.249657064472,"CURRENT_RATIO":1.240923998687,"COMMON_ACS":null,"CURRENTDEBT_DEBT":94.767269244236,"ISSUED_COMMON_SHARES":11246466400,"HK_COMMON_SHARES":5034666400,"PER_SHARES":200,"TOTAL_MARKET_CAP":409933700280,"HKSK_MARKET_CAP":183513590280,"PE_TTM":29.487520285179,"PB_TTM":14.171108856709,"REPORT_DATE_SQ":"2019-12-31 00:00:00","REPORT_TYPE_SQ":"2019年年报","OPERATE_INCOME_SQ":24021041000,"DPS_HKD":0.82,"OPERATE_INCOME_QOQ_SQ":17.318623719753,"NET_PROFIT_RATIO_SQ":20.6246015733,"HOLDER_PROFIT_SQ":4948568000,"HOLDER_PROFIT_QOQ_SQ":37.229257757569,"ROE_AVG_SQ":40.807186979944,"PE_TTM_SQ":48.241948705225,"PB_TTM_SQ":20.754539049598,"ROA_SQ":25.543323702606,"START_DATE":"2020-01-01 00:00:00","FISCAL_YEAR":"12-31","CURRENCY":"HKD","IS_CNY_CODE":0,"DPS_HKD_LY":null,"ORG_TYPE":"一般企业","PREMIUM_INCOME":null,"PREMIUM_INCOME_YOY":null,"NET_INTEREST_INCOME":null,"NET_INTEREST_INCOME_YOY":null,"FEE_COMMISSION_INCOME":null,"FEE_COMMISSION_INCOME_YOY":null,"ACCOUNTS_RECE_TDAYS":68.952485581712,"INVENTORY_TDAYS":5.252316921636,"CURRENT_ASSETS_TDAYS":2.76229552387,"TOTAL_ASSETS_TDAYS":1.048073956035,"PREMIUM_EXPENSE":null,"LOAN_DEPOSIT":null,"LOAN_EQUITY":null,"LOAN_ASSETS":null,"DEPOSIT_EQUITY":null,"DEPOSIT_ASSETS":null,"EQUITY_MULTIPLIER":1.669180305394,"EQUITY_RATIO":0.669180305393},{"SECUCODE":"09633.HK","SECURITY_CODE":"09633","SECURITY_NAME_ABBR":"农夫山泉","ORG_CODE":"10290125","STD_REPORT_DATE":"2020-06-30 00:00:00","REPORT_DATE":"2020-06-30 00:00:00","DATE_TYPE_CODE":"002","REPORT_TYPE":"2020年中报","PER_NETCASH_OPERATE":0.417059444444,"PER_OI":1.068943796296,"BPS":1.117399150368,"BASIC_EPS":0.27,"DILUTED_EPS":0.27,"OPERATE_INCOME":11544593000,"OPERATE_INCOME_YOY":-6.2146347859,"GROSS_PROFIT":6910342000,"GROSS_PROFIT_YOY":0.049428631658,"HOLDER_PROFIT":2864498000,"HOLDER_PROFIT_YOY":-0.4257242126,"GROSS_PROFIT_RATIO":59.857822618779,"EPS_TTM":0.457066759259,"OPERATE_INCOME_QOQ":-3.184691287942,"NET_PROFIT_RATIO":24.8124641553,"ROE_AVG":25.520436409122,"GROSS_PROFIT_QOQ":0.025648671351,"ROA":14.140549209541,"HOLDER_PROFIT_QOQ":-0.247485737288,"ROE_YEARLY":51.040872818244,"ROIC_YEARLY":33.930323448778,"TOTAL_ASSETS":22718193000,"TOTAL_LIABILITIES":10151401000,"TAX_EBT":24.525023746507,"OCF_SALES":39.016031141159,"TOTAL_PARENT_EQUITY":12566792000,"DEBT_ASSET_RATIO":44.6840160219,"OPERATE_PROFIT":3824420000,"PRETAX_PROFIT":3795295000,"NETCASH_OPERATE":4504242000,"NETCASH_INVEST":-693762000,"NETCASH_FINANCE":1067926000,"END_CASH":5662342000,"DIVI_RATIO":1.625802762827,"DIVIDEND_RATE":2.249657064472,"CURRENT_RATIO":0.900469863677,"COMMON_ACS":null,"CURRENTDEBT_DEBT":95.438471990221,"ISSUED_COMMON_SHARES":11246466400,"HK_COMMON_SHARES":5034666400,"PER_SHARES":200,"TOTAL_MARKET_CAP":409933700280,"HKSK_MARKET_CAP":183513590280,"PE_TTM":29.487520285179,"PB_TTM":14.171108856709,"REPORT_DATE_SQ":"2019-06-30 00:00:00","REPORT_TYPE_SQ":"2019年中报","OPERATE_INCOME_SQ":12309589000,"DPS_HKD":0.82,"OPERATE_INCOME_QOQ_SQ":0,"NET_PROFIT_RATIO_SQ":23.4180036393,"HOLDER_PROFIT_SQ":2876745000,"HOLDER_PROFIT_QOQ_SQ":0,"ROE_AVG_SQ":null,"PE_TTM_SQ":48.241948705225,"PB_TTM_SQ":20.754539049598,"ROA_SQ":null,"START_DATE":"2020-01-01 00:00:00","FISCAL_YEAR":"12-31","CURRENCY":"HKD","IS_CNY_CODE":0,"DPS_HKD_LY":null,"ORG_TYPE":"一般企业","PREMIUM_INCOME":null,"PREMIUM_INCOME_YOY":null,"NET_INTEREST_INCOME":null,"NET_INTEREST_INCOME_YOY":null,"FEE_COMMISSION_INCOME":null,"FEE_COMMISSION_INCOME_YOY":null,"ACCOUNTS_RECE_TDAYS":29.268126533018,"INVENTORY_TDAYS":2.69044725247,"CURRENT_ASSETS_TDAYS":1.763018314352,"TOTAL_ASSETS_TDAYS":0.569897013091,"PREMIUM_EXPENSE":null,"LOAN_DEPOSIT":null,"LOAN_EQUITY":null,"LOAN_ASSETS":null,"DEPOSIT_EQUITY":null,"DEPOSIT_ASSETS":null,"EQUITY_MULTIPLIER":1.807795736574,"EQUITY_RATIO":0.807795736573}],"count":13},"success":true,"message":"ok","code":0}