{"version":"76672d11832d53b6ffe0e2468b6007d3","result":{"pages":2,"data":[{"SECUCODE":"09636.HK","SECURITY_CODE":"09636","SECURITY_NAME_ABBR":"九方智投控股","ORG_CODE":"10000251796","STD_REPORT_DATE":"2024-06-30 00:00:00","REPORT_DATE":"2024-06-30 00:00:00","DATE_TYPE_CODE":"002","REPORT_TYPE":"2024年中报","PER_NETCASH_OPERATE":-0.3658624712,"PER_OI":2.003187192349,"BPS":2.44091427144,"BASIC_EPS":-0.4,"DILUTED_EPS":-0.4,"OPERATE_INCOME":898143000,"OPERATE_INCOME_YOY":4.355267301,"GROSS_PROFIT":717865000,"GROSS_PROFIT_YOY":0.428650771334,"HOLDER_PROFIT":-174182000,"HOLDER_PROFIT_YOY":-361.2015780973,"GROSS_PROFIT_RATIO":79.927695255655,"EPS_TTM":0.121117769991,"OPERATE_INCOME_QOQ":1.907207079318,"NET_PROFIT_RATIO":-19.393570957,"ROE_AVG":-13.351382302148,"GROSS_PROFIT_QOQ":0.186458171055,"ROA":-7.783113768308,"HOLDER_PROFIT_QOQ":-71.526696343836,"ROE_YEARLY":-26.702764604296,"ROIC_YEARLY":-23.374580804292,"TOTAL_ASSETS":2017289000,"TOTAL_LIABILITIES":922888000,"TAX_EBT":19.6529312182,"OCF_SALES":-18.26401809066,"TOTAL_PARENT_EQUITY":1094401000,"DEBT_ASSET_RATIO":45.7489234314,"OPERATE_PROFIT":-215517000,"PRETAX_PROFIT":-216787000,"NETCASH_OPERATE":-164037000,"NETCASH_INVEST":365569000,"NETCASH_FINANCE":-221775000,"END_CASH":721457000,"DIVI_RATIO":1.646070597356,"DIVIDEND_RATE":0.774647887324,"CURRENT_RATIO":1.943309123449,"COMMON_ACS":2000000000,"CURRENTDEBT_DEBT":99.777654493286,"ISSUED_COMMON_SHARES":448357000,"HK_COMMON_SHARES":448357000,"PER_SHARES":500,"TOTAL_MARKET_CAP":12733338800,"HKSK_MARKET_CAP":12733338800,"PE_TTM":210.219242581461,"PB_TTM":10.619017760386,"REPORT_DATE_SQ":"2023-06-30 00:00:00","REPORT_TYPE_SQ":"2023年中报","OPERATE_INCOME_SQ":860659000,"DPS_HKD":0.22,"OPERATE_INCOME_QOQ_SQ":-2.636393658645,"NET_PROFIT_RATIO_SQ":-4.3881490811,"HOLDER_PROFIT_SQ":-37767000,"HOLDER_PROFIT_QOQ_SQ":-56.004507614742,"ROE_AVG_SQ":-4.304515370176,"PE_TTM_SQ":20.753169260805,"PB_TTM_SQ":3.391241418215,"ROA_SQ":-1.867716403037,"START_DATE":"2024-01-01 00:00:00","FISCAL_YEAR":"12-31","CURRENCY":"HKD","IS_CNY_CODE":0,"DPS_HKD_LY":0.22,"ORG_TYPE":"一般企业","PREMIUM_INCOME":null,"PREMIUM_INCOME_YOY":null,"NET_INTEREST_INCOME":null,"NET_INTEREST_INCOME_YOY":null,"FEE_COMMISSION_INCOME":null,"FEE_COMMISSION_INCOME_YOY":null,"ACCOUNTS_RECE_TDAYS":null,"INVENTORY_TDAYS":null,"CURRENT_ASSETS_TDAYS":0.436379405005,"TOTAL_ASSETS_TDAYS":0.401324427852,"PREMIUM_EXPENSE":null,"LOAN_DEPOSIT":null,"LOAN_EQUITY":null,"LOAN_ASSETS":null,"DEPOSIT_EQUITY":null,"DEPOSIT_ASSETS":null,"EQUITY_MULTIPLIER":1.843281393201,"EQUITY_RATIO":0.8432813932},{"SECUCODE":"09636.HK","SECURITY_CODE":"09636","SECURITY_NAME_ABBR":"九方智投控股","ORG_CODE":"10000251796","STD_REPORT_DATE":"2023-12-31 00:00:00","REPORT_DATE":"2023-12-31 00:00:00","DATE_TYPE_CODE":"001","REPORT_TYPE":"2023年年报","PER_NETCASH_OPERATE":0.952573232036,"PER_OI":4.216781416345,"BPS":3.378551020727,"BASIC_EPS":0.45,"DILUTED_EPS":0.44,"OPERATE_INCOME":1965387000,"OPERATE_INCOME_YOY":6.2290387597,"GROSS_PROFIT":1643264000,"GROSS_PROFIT_YOY":1.758599016017,"HOLDER_PROFIT":190719000,"HOLDER_PROFIT_YOY":-58.589220808,"GROSS_PROFIT_RATIO":83.610199925002,"EPS_TTM":0.409191846157,"OPERATE_INCOME_QOQ":9.105488951705,"NET_PROFIT_RATIO":9.7038903788,"ROE_AVG":18.659341949497,"GROSS_PROFIT_QOQ":8.292644993604,"ROA":9.980663409886,"HOLDER_PROFIT_QOQ":-5.874950030352,"ROE_YEARLY":18.659341949497,"ROIC_YEARLY":14.008453446732,"TOTAL_ASSETS":2458606000,"TOTAL_LIABILITIES":943809000,"TAX_EBT":7.749793219536,"OCF_SALES":22.590054783104,"TOTAL_PARENT_EQUITY":1514797000,"DEBT_ASSET_RATIO":38.3879726967,"OPERATE_PROFIT":208401000,"PRETAX_PROFIT":206741000,"NETCASH_OPERATE":443982000,"NETCASH_INVEST":-632340000,"NETCASH_FINANCE":580673000,"END_CASH":745870000,"DIVI_RATIO":0.487224762351,"DIVIDEND_RATE":0.8014571949,"CURRENT_RATIO":2.465493364414,"COMMON_ACS":2000000000,"CURRENTDEBT_DEBT":99.996397576205,"ISSUED_COMMON_SHARES":448357000,"HK_COMMON_SHARES":448357000,"PER_SHARES":500,"TOTAL_MARKET_CAP":12307399650,"HKSK_MARKET_CAP":12307399650,"PE_TTM":203.187260875391,"PB_TTM":10.263804138119,"REPORT_DATE_SQ":"2022-12-31 00:00:00","REPORT_TYPE_SQ":"2022年年报","OPERATE_INCOME_SQ":1850141000,"DPS_HKD":0.22,"OPERATE_INCOME_QOQ_SQ":0.435585796125,"NET_PROFIT_RATIO_SQ":24.8929135671,"HOLDER_PROFIT_SQ":460554000,"HOLDER_PROFIT_QOQ_SQ":1.660592762968,"ROE_AVG_SQ":153.865479541297,"PE_TTM_SQ":28.972883662965,"PB_TTM_SQ":4.734411493889,"ROA_SQ":36.168845116149,"START_DATE":"2023-01-01 00:00:00","FISCAL_YEAR":"12-31","CURRENCY":"HKD","IS_CNY_CODE":0,"DPS_HKD_LY":0.5,"ORG_TYPE":"一般企业","PREMIUM_INCOME":null,"PREMIUM_INCOME_YOY":null,"NET_INTEREST_INCOME":null,"NET_INTEREST_INCOME_YOY":null,"FEE_COMMISSION_INCOME":null,"FEE_COMMISSION_INCOME_YOY":null,"ACCOUNTS_RECE_TDAYS":null,"INVENTORY_TDAYS":null,"CURRENT_ASSETS_TDAYS":1.110239162824,"TOTAL_ASSETS_TDAYS":1.028521862906,"PREMIUM_EXPENSE":null,"LOAN_DEPOSIT":null,"LOAN_EQUITY":null,"LOAN_ASSETS":null,"DEPOSIT_EQUITY":null,"DEPOSIT_ASSETS":null,"EQUITY_MULTIPLIER":1.623059723513,"EQUITY_RATIO":0.623059723514},{"SECUCODE":"09636.HK","SECURITY_CODE":"09636","SECURITY_NAME_ABBR":"九方智投控股","ORG_CODE":"10000251796","STD_REPORT_DATE":"2023-06-30 00:00:00","REPORT_DATE":"2023-06-30 00:00:00","DATE_TYPE_CODE":"002","REPORT_TYPE":"2023年中报","PER_NETCASH_OPERATE":0.457277289433,"PER_OI":1.846562980731,"BPS":2.73295387381,"BASIC_EPS":-0.09,"DILUTED_EPS":-0.09,"OPERATE_INCOME":860659000,"OPERATE_INCOME_YOY":-5.3634340404,"GROSS_PROFIT":714801000,"GROSS_PROFIT_YOY":-11.996006091818,"HOLDER_PROFIT":-37767000,"HOLDER_PROFIT_YOY":-117.1540306317,"GROSS_PROFIT_RATIO":83.052753761943,"EPS_TTM":0.434732142282,"OPERATE_INCOME_QOQ":-2.636393658645,"NET_PROFIT_RATIO":-4.3881490811,"ROE_AVG":-4.304515370176,"GROSS_PROFIT_QOQ":-6.033693218938,"ROA":-1.867716403037,"HOLDER_PROFIT_QOQ":-56.004507614742,"ROE_YEARLY":-8.609030740351,"ROIC_YEARLY":-5.250614410307,"TOTAL_ASSETS":2681026000,"TOTAL_LIABILITIES":1455687000,"TAX_EBT":34.298836177653,"OCF_SALES":24.763698514743,"TOTAL_PARENT_EQUITY":1225339000,"DEBT_ASSET_RATIO":54.2958926918,"OPERATE_PROFIT":-56484000,"PRETAX_PROFIT":-57483000,"NETCASH_OPERATE":213131000,"NETCASH_INVEST":-583596000,"NETCASH_FINANCE":831532000,"END_CASH":814054000,"DIVI_RATIO":0.458600551027,"DIVIDEND_RATE":0.8014571949,"CURRENT_RATIO":1.719669079116,"COMMON_ACS":2000000000,"CURRENTDEBT_DEBT":99.959057132474,"ISSUED_COMMON_SHARES":448357000,"HK_COMMON_SHARES":448357000,"PER_SHARES":500,"TOTAL_MARKET_CAP":12307399650,"HKSK_MARKET_CAP":12307399650,"PE_TTM":203.187260875391,"PB_TTM":10.263804138119,"REPORT_DATE_SQ":"2022-06-30 00:00:00","REPORT_TYPE_SQ":"2022年中报","OPERATE_INCOME_SQ":909436000,"DPS_HKD":0.22,"OPERATE_INCOME_QOQ_SQ":26.874377549207,"NET_PROFIT_RATIO_SQ":24.2088503204,"HOLDER_PROFIT_SQ":220164000,"HOLDER_PROFIT_QOQ_SQ":95.122276873778,"ROE_AVG_SQ":122.816882551796,"PE_TTM_SQ":28.972883662965,"PB_TTM_SQ":4.734411493889,"ROA_SQ":17.948974022316,"START_DATE":"2023-01-01 00:00:00","FISCAL_YEAR":"12-31","CURRENCY":"HKD","IS_CNY_CODE":0,"DPS_HKD_LY":0.5,"ORG_TYPE":"一般企业","PREMIUM_INCOME":null,"PREMIUM_INCOME_YOY":null,"NET_INTEREST_INCOME":null,"NET_INTEREST_INCOME_YOY":null,"FEE_COMMISSION_INCOME":null,"FEE_COMMISSION_INCOME_YOY":null,"ACCOUNTS_RECE_TDAYS":null,"INVENTORY_TDAYS":null,"CURRENT_ASSETS_TDAYS":0.463233060065,"TOTAL_ASSETS_TDAYS":0.425627381503,"PREMIUM_EXPENSE":null,"LOAN_DEPOSIT":null,"LOAN_EQUITY":null,"LOAN_ASSETS":null,"DEPOSIT_EQUITY":null,"DEPOSIT_ASSETS":null,"EQUITY_MULTIPLIER":2.187987161103,"EQUITY_RATIO":1.187987161104},{"SECUCODE":"09636.HK","SECURITY_CODE":"09636","SECURITY_NAME_ABBR":"九方智投控股","ORG_CODE":"10000251796","STD_REPORT_DATE":"2022-12-31 00:00:00","REPORT_DATE":"2022-12-31 00:00:00","DATE_TYPE_CODE":"001","REPORT_TYPE":"2022年年报","PER_NETCASH_OPERATE":null,"PER_OI":null,"BPS":1.180806812428,"BASIC_EPS":1.22,"DILUTED_EPS":1.22,"OPERATE_INCOME":1850141000,"OPERATE_INCOME_YOY":27.4270243167,"GROSS_PROFIT":1614865000,"GROSS_PROFIT_YOY":28.284843169592,"HOLDER_PROFIT":460554000,"HOLDER_PROFIT_YOY":98.3624632825,"GROSS_PROFIT_RATIO":87.283347593508,"EPS_TTM":null,"OPERATE_INCOME_QOQ":0.435585796125,"NET_PROFIT_RATIO":24.8929135671,"ROE_AVG":153.865479541297,"GROSS_PROFIT_QOQ":-0.076480368492,"ROA":36.168845116149,"HOLDER_PROFIT_QOQ":1.660592762968,"ROE_YEARLY":153.865479541297,"ROIC_YEARLY":42.833008519561,"TOTAL_ASSETS":1363164000,"TOTAL_LIABILITIES":833741000,"TAX_EBT":4.336248260391,"OCF_SALES":12.859668533371,"TOTAL_PARENT_EQUITY":529423000,"DEBT_ASSET_RATIO":61.1621932504,"OPERATE_PROFIT":483760000,"PRETAX_PROFIT":481430000,"NETCASH_OPERATE":237922000,"NETCASH_INVEST":104532000,"NETCASH_FINANCE":-32733000,"END_CASH":352987000,"DIVI_RATIO":null,"DIVIDEND_RATE":0.8014571949,"CURRENT_RATIO":1.472845412422,"COMMON_ACS":2000000000,"CURRENTDEBT_DEBT":98.829972377513,"ISSUED_COMMON_SHARES":448357000,"HK_COMMON_SHARES":448357000,"PER_SHARES":500,"TOTAL_MARKET_CAP":12307399650,"HKSK_MARKET_CAP":12307399650,"PE_TTM":203.187260875391,"PB_TTM":10.263804138119,"REPORT_DATE_SQ":"2021-12-31 00:00:00","REPORT_TYPE_SQ":"2021年年报","OPERATE_INCOME_SQ":1451922000,"DPS_HKD":0.22,"OPERATE_INCOME_QOQ_SQ":63.643494990685,"NET_PROFIT_RATIO_SQ":16.0016171668,"HOLDER_PROFIT_SQ":232178000,"HOLDER_PROFIT_QOQ_SQ":52.406771650442,"ROE_AVG_SQ":693.058312562499,"PE_TTM_SQ":28.972883662965,"PB_TTM_SQ":4.734411493889,"ROA_SQ":25.937155088052,"START_DATE":"2022-01-01 00:00:00","FISCAL_YEAR":"12-31","CURRENCY":"HKD","IS_CNY_CODE":0,"DPS_HKD_LY":null,"ORG_TYPE":"一般企业","PREMIUM_INCOME":null,"PREMIUM_INCOME_YOY":null,"NET_INTEREST_INCOME":null,"NET_INTEREST_INCOME_YOY":null,"FEE_COMMISSION_INCOME":null,"FEE_COMMISSION_INCOME_YOY":null,"ACCOUNTS_RECE_TDAYS":null,"INVENTORY_TDAYS":null,"CURRENT_ASSETS_TDAYS":1.670428757354,"TOTAL_ASSETS_TDAYS":1.452977572055,"PREMIUM_EXPENSE":null,"LOAN_DEPOSIT":null,"LOAN_EQUITY":null,"LOAN_ASSETS":null,"DEPOSIT_EQUITY":null,"DEPOSIT_ASSETS":null,"EQUITY_MULTIPLIER":2.574810690128,"EQUITY_RATIO":1.574810690129},{"SECUCODE":"09636.HK","SECURITY_CODE":"09636","SECURITY_NAME_ABBR":"九方智投控股","ORG_CODE":"10000251796","STD_REPORT_DATE":"2022-06-30 00:00:00","REPORT_DATE":"2022-06-30 00:00:00","DATE_TYPE_CODE":"002","REPORT_TYPE":"2022年中报","PER_NETCASH_OPERATE":null,"PER_OI":null,"BPS":0.645249209893,"BASIC_EPS":0.58,"DILUTED_EPS":0.58,"OPERATE_INCOME":909436000,"OPERATE_INCOME_YOY":75.1471859888,"GROSS_PROFIT":812237000,"GROSS_PROFIT_YOY":78.534030262799,"HOLDER_PROFIT":220164000,"HOLDER_PROFIT_YOY":32054.1364296081,"GROSS_PROFIT_RATIO":89.312167101368,"EPS_TTM":null,"OPERATE_INCOME_QOQ":26.874377549207,"NET_PROFIT_RATIO":24.2088503204,"ROE_AVG":122.816882551796,"GROSS_PROFIT_QOQ":28.38303098477,"ROA":17.948974022316,"HOLDER_PROFIT_QOQ":95.122276873778,"ROE_YEARLY":245.633765103591,"ROIC_YEARLY":37.426944326392,"TOTAL_ASSETS":1269696000,"TOTAL_LIABILITIES":980394000,"TAX_EBT":4.089705164843,"OCF_SALES":5.428309413747,"TOTAL_PARENT_EQUITY":289302000,"DEBT_ASSET_RATIO":77.2148608801,"OPERATE_PROFIT":230702000,"PRETAX_PROFIT":229552000,"NETCASH_OPERATE":49367000,"NETCASH_INVEST":-22922000,"NETCASH_FINANCE":-12662000,"END_CASH":56982000,"DIVI_RATIO":null,"DIVIDEND_RATE":0.8014571949,"CURRENT_RATIO":1.131455659793,"COMMON_ACS":2000000000,"CURRENTDEBT_DEBT":97.342190996681,"ISSUED_COMMON_SHARES":448357000,"HK_COMMON_SHARES":448357000,"PER_SHARES":500,"TOTAL_MARKET_CAP":12307399650,"HKSK_MARKET_CAP":12307399650,"PE_TTM":203.187260875391,"PB_TTM":10.263804138119,"REPORT_DATE_SQ":"2021-06-30 00:00:00","REPORT_TYPE_SQ":"2021年中报","OPERATE_INCOME_SQ":519241000,"DPS_HKD":0.22,"OPERATE_INCOME_QOQ_SQ":0,"NET_PROFIT_RATIO_SQ":-0.1032275957,"HOLDER_PROFIT_SQ":-689000,"HOLDER_PROFIT_QOQ_SQ":0,"ROE_AVG_SQ":null,"PE_TTM_SQ":28.972883662965,"PB_TTM_SQ":4.734411493889,"ROA_SQ":null,"START_DATE":"2022-01-01 00:00:00","FISCAL_YEAR":"12-31","CURRENCY":"HKD","IS_CNY_CODE":0,"DPS_HKD_LY":null,"ORG_TYPE":"一般企业","PREMIUM_INCOME":null,"PREMIUM_INCOME_YOY":null,"NET_INTEREST_INCOME":null,"NET_INTEREST_INCOME_YOY":null,"FEE_COMMISSION_INCOME":null,"FEE_COMMISSION_INCOME_YOY":null,"ACCOUNTS_RECE_TDAYS":null,"INVENTORY_TDAYS":null,"CURRENT_ASSETS_TDAYS":0.873888404429,"TOTAL_ASSETS_TDAYS":0.741421991741,"PREMIUM_EXPENSE":null,"LOAN_DEPOSIT":null,"LOAN_EQUITY":null,"LOAN_ASSETS":null,"DEPOSIT_EQUITY":null,"DEPOSIT_ASSETS":null,"EQUITY_MULTIPLIER":4.388825517974,"EQUITY_RATIO":3.388825517971},{"SECUCODE":"09636.HK","SECURITY_CODE":"09636","SECURITY_NAME_ABBR":"九方智投控股","ORG_CODE":"10000251796","STD_REPORT_DATE":"2021-12-31 00:00:00","REPORT_DATE":"2021-12-31 00:00:00","DATE_TYPE_CODE":"001","REPORT_TYPE":"2021年年报","PER_NETCASH_OPERATE":null,"PER_OI":null,"BPS":0.154390363037,"BASIC_EPS":0.61,"DILUTED_EPS":0.61,"OPERATE_INCOME":1451922000,"OPERATE_INCOME_YOY":104.8783998307,"GROSS_PROFIT":1258812000,"GROSS_PROFIT_YOY":98.041627991127,"HOLDER_PROFIT":232178000,"HOLDER_PROFIT_YOY":169.5231240713,"GROSS_PROFIT_RATIO":86.699698744147,"EPS_TTM":null,"OPERATE_INCOME_QOQ":63.643494990685,"NET_PROFIT_RATIO":16.0016171668,"ROE_AVG":693.058312562499,"GROSS_PROFIT_QOQ":57.298018673651,"ROA":25.937155088052,"HOLDER_PROFIT_QOQ":52.406771650442,"ROE_YEARLY":693.058312562499,"ROIC_YEARLY":26.813117268267,"TOTAL_ASSETS":1183525000,"TOTAL_LIABILITIES":1114303000,"TAX_EBT":22.782323732543,"OCF_SALES":41.059092706082,"TOTAL_PARENT_EQUITY":69222000,"DEBT_ASSET_RATIO":94.1512008618,"OPERATE_PROFIT":302643000,"PRETAX_PROFIT":300878000,"NETCASH_OPERATE":596146000,"NETCASH_INVEST":-379644000,"NETCASH_FINANCE":-189400000,"END_CASH":43239000,"DIVI_RATIO":null,"DIVIDEND_RATE":0.8014571949,"CURRENT_RATIO":0.90031066118,"COMMON_ACS":2000000000,"CURRENTDEBT_DEBT":99.835143583029,"ISSUED_COMMON_SHARES":448357000,"HK_COMMON_SHARES":448357000,"PER_SHARES":500,"TOTAL_MARKET_CAP":12307399650,"HKSK_MARKET_CAP":12307399650,"PE_TTM":203.187260875391,"PB_TTM":10.263804138119,"REPORT_DATE_SQ":"2020-12-31 00:00:00","REPORT_TYPE_SQ":"2020年年报","OPERATE_INCOME_SQ":708675000,"DPS_HKD":0.22,"OPERATE_INCOME_QOQ_SQ":158.431125146779,"NET_PROFIT_RATIO_SQ":12.2315588951,"HOLDER_PROFIT_SQ":86144000,"HOLDER_PROFIT_QOQ_SQ":249.623093757599,"ROE_AVG_SQ":-264.830300049188,"PE_TTM_SQ":28.972883662965,"PB_TTM_SQ":4.734411493889,"ROA_SQ":20.372163750158,"START_DATE":"2021-01-01 00:00:00","FISCAL_YEAR":"12-31","CURRENCY":"HKD","IS_CNY_CODE":0,"DPS_HKD_LY":null,"ORG_TYPE":"一般企业","PREMIUM_INCOME":null,"PREMIUM_INCOME_YOY":null,"NET_INTEREST_INCOME":null,"NET_INTEREST_INCOME_YOY":null,"FEE_COMMISSION_INCOME":null,"FEE_COMMISSION_INCOME_YOY":null,"ACCOUNTS_RECE_TDAYS":null,"INVENTORY_TDAYS":null,"CURRENT_ASSETS_TDAYS":1.947432590667,"TOTAL_ASSETS_TDAYS":1.621976504654,"PREMIUM_EXPENSE":null,"LOAN_DEPOSIT":null,"LOAN_EQUITY":null,"LOAN_ASSETS":null,"DEPOSIT_EQUITY":null,"DEPOSIT_ASSETS":null,"EQUITY_MULTIPLIER":17.097526797745,"EQUITY_RATIO":16.097526797839},{"SECUCODE":"09636.HK","SECURITY_CODE":"09636","SECURITY_NAME_ABBR":"九方智投控股","ORG_CODE":"10000251796","STD_REPORT_DATE":"2021-06-30 00:00:00","REPORT_DATE":"2021-06-30 00:00:00","DATE_TYPE_CODE":"002","REPORT_TYPE":"2021年中报","PER_NETCASH_OPERATE":null,"PER_OI":null,"BPS":null,"BASIC_EPS":null,"DILUTED_EPS":null,"OPERATE_INCOME":519241000,"OPERATE_INCOME_YOY":null,"GROSS_PROFIT":454948000,"GROSS_PROFIT_YOY":null,"HOLDER_PROFIT":-689000,"HOLDER_PROFIT_YOY":null,"GROSS_PROFIT_RATIO":87.617888417902,"EPS_TTM":null,"OPERATE_INCOME_QOQ":0,"NET_PROFIT_RATIO":-0.1032275957,"ROE_AVG":null,"GROSS_PROFIT_QOQ":0,"ROA":null,"HOLDER_PROFIT_QOQ":0,"ROE_YEARLY":null,"ROIC_YEARLY":null,"TOTAL_ASSETS":null,"TOTAL_LIABILITIES":null,"TAX_EBT":101.217545374009,"OCF_SALES":18.483902465329,"TOTAL_PARENT_EQUITY":null,"DEBT_ASSET_RATIO":null,"OPERATE_PROFIT":44648000,"PRETAX_PROFIT":44023000,"NETCASH_OPERATE":95976000,"NETCASH_INVEST":-30853000,"NETCASH_FINANCE":-34954000,"END_CASH":46306000,"DIVI_RATIO":null,"DIVIDEND_RATE":0.8014571949,"CURRENT_RATIO":null,"COMMON_ACS":2000000000,"CURRENTDEBT_DEBT":null,"ISSUED_COMMON_SHARES":448357000,"HK_COMMON_SHARES":448357000,"PER_SHARES":500,"TOTAL_MARKET_CAP":12307399650,"HKSK_MARKET_CAP":12307399650,"PE_TTM":203.187260875391,"PB_TTM":10.263804138119,"REPORT_DATE_SQ":"2020-06-30 00:00:00","REPORT_TYPE_SQ":"2020年中报","OPERATE_INCOME_SQ":null,"DPS_HKD":0.22,"OPERATE_INCOME_QOQ_SQ":0,"NET_PROFIT_RATIO_SQ":null,"HOLDER_PROFIT_SQ":null,"HOLDER_PROFIT_QOQ_SQ":0,"ROE_AVG_SQ":null,"PE_TTM_SQ":28.972883662965,"PB_TTM_SQ":4.734411493889,"ROA_SQ":null,"START_DATE":"2021-01-01 00:00:00","FISCAL_YEAR":"12-31","CURRENCY":"HKD","IS_CNY_CODE":0,"DPS_HKD_LY":null,"ORG_TYPE":"一般企业","PREMIUM_INCOME":null,"PREMIUM_INCOME_YOY":null,"NET_INTEREST_INCOME":null,"NET_INTEREST_INCOME_YOY":null,"FEE_COMMISSION_INCOME":null,"FEE_COMMISSION_INCOME_YOY":null,"ACCOUNTS_RECE_TDAYS":null,"INVENTORY_TDAYS":null,"CURRENT_ASSETS_TDAYS":2.121303485453,"TOTAL_ASSETS_TDAYS":1.711444048735,"PREMIUM_EXPENSE":null,"LOAN_DEPOSIT":null,"LOAN_EQUITY":null,"LOAN_ASSETS":null,"DEPOSIT_EQUITY":null,"DEPOSIT_ASSETS":null,"EQUITY_MULTIPLIER":null,"EQUITY_RATIO":null},{"SECUCODE":"09636.HK","SECURITY_CODE":"09636","SECURITY_NAME_ABBR":"九方智投控股","ORG_CODE":"10000251796","STD_REPORT_DATE":"2021-03-31 00:00:00","REPORT_DATE":"2021-03-31 00:00:00","DATE_TYPE_CODE":"003","REPORT_TYPE":"2021年一季报","PER_NETCASH_OPERATE":null,"PER_OI":null,"BPS":0.078165390526,"BASIC_EPS":null,"DILUTED_EPS":null,"OPERATE_INCOME":278329000,"OPERATE_INCOME_YOY":179.0069869784,"GROSS_PROFIT":252202000,"GROSS_PROFIT_YOY":188.033348560987,"HOLDER_PROFIT":37267000,"HOLDER_PROFIT_YOY":228.8178361562,"GROSS_PROFIT_RATIO":90.612907745869,"EPS_TTM":null,"OPERATE_INCOME_QOQ":25.198010371468,"NET_PROFIT_RATIO":13.4445206931,"ROE_AVG":227.064737242955,"GROSS_PROFIT_QOQ":25.902175794094,"ROA":6.708151230857,"HOLDER_PROFIT_QOQ":76.844585809807,"ROE_YEARLY":908.25894897182,"ROIC_YEARLY":27.974631639889,"TOTAL_ASSETS":504309000,"TOTAL_LIABILITIES":469998000,"TAX_EBT":28.784851080027,"OCF_SALES":-35.872295017767,"TOTAL_PARENT_EQUITY":35046000,"DEBT_ASSET_RATIO":93.1964331392,"OPERATE_PROFIT":null,"PRETAX_PROFIT":52545000,"NETCASH_OPERATE":-99843000,"NETCASH_INVEST":114551000,"NETCASH_FINANCE":null,"END_CASH":30845000,"DIVI_RATIO":null,"DIVIDEND_RATE":0.8014571949,"CURRENT_RATIO":0.862533457589,"COMMON_ACS":2000000000,"CURRENTDEBT_DEBT":100,"ISSUED_COMMON_SHARES":448357000,"HK_COMMON_SHARES":448357000,"PER_SHARES":500,"TOTAL_MARKET_CAP":12307399650,"HKSK_MARKET_CAP":12307399650,"PE_TTM":203.187260875391,"PB_TTM":10.263804138119,"REPORT_DATE_SQ":"2020-03-31 00:00:00","REPORT_TYPE_SQ":"2020年一季报","OPERATE_INCOME_SQ":99757000,"DPS_HKD":0.22,"OPERATE_INCOME_QOQ_SQ":0,"NET_PROFIT_RATIO_SQ":-29.1307878144,"HOLDER_PROFIT_SQ":-28930000,"HOLDER_PROFIT_QOQ_SQ":0,"ROE_AVG_SQ":null,"PE_TTM_SQ":28.972883662965,"PB_TTM_SQ":4.734411493889,"ROA_SQ":null,"START_DATE":"2021-01-01 00:00:00","FISCAL_YEAR":"12-31","CURRENCY":"HKD","IS_CNY_CODE":0,"DPS_HKD_LY":null,"ORG_TYPE":"一般企业","PREMIUM_INCOME":null,"PREMIUM_INCOME_YOY":null,"NET_INTEREST_INCOME":null,"NET_INTEREST_INCOME_YOY":null,"FEE_COMMISSION_INCOME":null,"FEE_COMMISSION_INCOME_YOY":null,"ACCOUNTS_RECE_TDAYS":null,"INVENTORY_TDAYS":null,"CURRENT_ASSETS_TDAYS":0.622007334586,"TOTAL_ASSETS_TDAYS":0.500999013587,"PREMIUM_EXPENSE":null,"LOAN_DEPOSIT":null,"LOAN_EQUITY":null,"LOAN_ASSETS":null,"DEPOSIT_EQUITY":null,"DEPOSIT_ASSETS":null,"EQUITY_MULTIPLIER":14.698172597696,"EQUITY_RATIO":13.410888546482},{"SECUCODE":"09636.HK","SECURITY_CODE":"09636","SECURITY_NAME_ABBR":"九方智投控股","ORG_CODE":"10000251796","STD_REPORT_DATE":"2020-12-31 00:00:00","REPORT_DATE":"2020-12-31 00:00:00","DATE_TYPE_CODE":"001","REPORT_TYPE":"2020年年报","PER_NETCASH_OPERATE":null,"PER_OI":null,"BPS":-0.004953641852,"BASIC_EPS":null,"DILUTED_EPS":null,"OPERATE_INCOME":708675000,"OPERATE_INCOME_YOY":158.4311251468,"GROSS_PROFIT":635630000,"GROSS_PROFIT_YOY":180.968757183019,"HOLDER_PROFIT":86144000,"HOLDER_PROFIT_YOY":249.6230937576,"GROSS_PROFIT_RATIO":89.692736444774,"EPS_TTM":null,"OPERATE_INCOME_QOQ":158.431125146779,"NET_PROFIT_RATIO":12.2315588951,"ROE_AVG":-264.830300049188,"GROSS_PROFIT_QOQ":180.968757183019,"ROA":20.372163750158,"HOLDER_PROFIT_QOQ":249.623093757599,"ROE_YEARLY":-264.830300049188,"ROIC_YEARLY":21.11978189824,"TOTAL_ASSETS":606787000,"TOTAL_LIABILITIES":609896000,"TAX_EBT":-55.466676232154,"OCF_SALES":43.958655236886,"TOTAL_PARENT_EQUITY":-2221000,"DEBT_ASSET_RATIO":100.5123708979,"OPERATE_PROFIT":55756000,"PRETAX_PROFIT":55756000,"NETCASH_OPERATE":311524000,"NETCASH_INVEST":-285065000,"NETCASH_FINANCE":-26038000,"END_CASH":16137000,"DIVI_RATIO":null,"DIVIDEND_RATE":0.8014571949,"CURRENT_RATIO":0.802676193974,"COMMON_ACS":2000000000,"CURRENTDEBT_DEBT":100,"ISSUED_COMMON_SHARES":448357000,"HK_COMMON_SHARES":448357000,"PER_SHARES":500,"TOTAL_MARKET_CAP":12307399650,"HKSK_MARKET_CAP":12307399650,"PE_TTM":203.187260875391,"PB_TTM":10.263804138119,"REPORT_DATE_SQ":"2019-12-31 00:00:00","REPORT_TYPE_SQ":"2019年年报","OPERATE_INCOME_SQ":274222000,"DPS_HKD":0.22,"OPERATE_INCOME_QOQ_SQ":2726.73951139058,"NET_PROFIT_RATIO_SQ":-21.0923995887,"HOLDER_PROFIT_SQ":-57574000,"HOLDER_PROFIT_QOQ_SQ":-505.659583420997,"ROE_AVG_SQ":157.078547458598,"PE_TTM_SQ":28.972883662965,"PB_TTM_SQ":4.734411493889,"ROA_SQ":-43.884796121759,"START_DATE":"2020-01-01 00:00:00","FISCAL_YEAR":"12-31","CURRENCY":"HKD","IS_CNY_CODE":0,"DPS_HKD_LY":null,"ORG_TYPE":"一般企业","PREMIUM_INCOME":null,"PREMIUM_INCOME_YOY":null,"NET_INTEREST_INCOME":null,"NET_INTEREST_INCOME_YOY":null,"FEE_COMMISSION_INCOME":null,"FEE_COMMISSION_INCOME_YOY":null,"ACCOUNTS_RECE_TDAYS":null,"INVENTORY_TDAYS":null,"CURRENT_ASSETS_TDAYS":2.144325748097,"TOTAL_ASSETS_TDAYS":1.675942972888,"PREMIUM_EXPENSE":null,"LOAN_DEPOSIT":null,"LOAN_EQUITY":null,"LOAN_ASSETS":null,"DEPOSIT_EQUITY":null,"DEPOSIT_ASSETS":null,"EQUITY_MULTIPLIER":-195.171116099413,"EQUITY_RATIO":-274.60423232778}],"count":12},"success":true,"message":"ok","code":0}