{"version":"43becd96aa21a87c5be07b6fe214807a","result":{"pages":2,"data":[{"SECUCODE":"09658.HK","SECURITY_CODE":"09658","SECURITY_NAME_ABBR":"特海国际","ORG_CODE":"10000383965","STD_REPORT_DATE":"2024-09-30 00:00:00","REPORT_DATE":"2024-09-30 00:00:00","DATE_TYPE_CODE":"004","REPORT_TYPE":"2024年三季报","PER_NETCASH_OPERATE":0.955811691853,"PER_OI":6.137233242555,"BPS":3.86852608477,"BASIC_EPS":0.35037,"DILUTED_EPS":0.35037,"OPERATE_INCOME":3991036640.4,"OPERATE_INCOME_YOY":14.5546006199,"GROSS_PROFIT":2659357351.8,"GROSS_PROFIT_YOY":12.841851340011,"HOLDER_PROFIT":232232243.4,"HOLDER_PROFIT_YOY":1440.7252440725,"GROSS_PROFIT_RATIO":66.633248236315,"EPS_TTM":0.612765814956,"OPERATE_INCOME_QOQ":2.294243144334,"NET_PROFIT_RATIO":5.7953176741,"ROE_AVG":10.536137798605,"GROSS_PROFIT_QOQ":2.870789388482,"ROA":5.331061989822,"HOLDER_PROFIT_QOQ":222.803518065763,"ROE_YEARLY":14.048183731473,"ROIC_YEARLY":7.607157490265,"TOTAL_ASSETS":4669969611.6,"TOTAL_LIABILITIES":2140949899.8,"TAX_EBT":21.12645765628,"OCF_SALES":15.573983488603,"TOTAL_PARENT_EQUITY":2515698644.4,"DEBT_ASSET_RATIO":45.8450499224,"OPERATE_PROFIT":null,"PRETAX_PROFIT":293245675.2,"NETCASH_OPERATE":621563387.4,"NETCASH_INVEST":-357118126.2,"NETCASH_FINANCE":149888286,"END_CASH":1507726198.8,"DIVI_RATIO":null,"DIVIDEND_RATE":null,"CURRENT_RATIO":2.444461061348,"COMMON_ACS":10000000000,"CURRENTDEBT_DEBT":41.582576989922,"ISSUED_COMMON_SHARES":650299000,"HK_COMMON_SHARES":650299000,"PER_SHARES":1000,"TOTAL_MARKET_CAP":11770411900,"HKSK_MARKET_CAP":11770411900,"PE_TTM":26.678871876656,"PB_TTM":4.219281100866,"REPORT_DATE_SQ":"2023-09-30 00:00:00","REPORT_TYPE_SQ":"2023年三季报","OPERATE_INCOME_SQ":3569674503.4,"DPS_HKD":null,"OPERATE_INCOME_QOQ_SQ":0,"NET_PROFIT_RATIO_SQ":0.4006573032,"HOLDER_PROFIT_SQ":15443749.8,"HOLDER_PROFIT_QOQ_SQ":0,"ROE_AVG_SQ":null,"PE_TTM_SQ":40.408992896468,"PB_TTM_SQ":2.901640801214,"ROA_SQ":null,"START_DATE":"2024-01-01 00:00:00","FISCAL_YEAR":"12-31","CURRENCY":"HKD","IS_CNY_CODE":0,"DPS_HKD_LY":null,"ORG_TYPE":"一般企业","PREMIUM_INCOME":null,"PREMIUM_INCOME_YOY":null,"NET_INTEREST_INCOME":null,"NET_INTEREST_INCOME_YOY":null,"FEE_COMMISSION_INCOME":null,"FEE_COMMISSION_INCOME_YOY":null,"ACCOUNTS_RECE_TDAYS":19.797212277104,"INVENTORY_TDAYS":6.094118778861,"CURRENT_ASSETS_TDAYS":2.151174363245,"TOTAL_ASSETS_TDAYS":0.916171821024,"PREMIUM_EXPENSE":null,"LOAN_DEPOSIT":null,"LOAN_EQUITY":null,"LOAN_ASSETS":null,"DEPOSIT_EQUITY":null,"DEPOSIT_ASSETS":null,"EQUITY_MULTIPLIER":1.846553267184,"EQUITY_RATIO":0.851035915834},{"SECUCODE":"09658.HK","SECURITY_CODE":"09658","SECURITY_NAME_ABBR":"特海国际","ORG_CODE":"10000383965","STD_REPORT_DATE":"2024-06-30 00:00:00","REPORT_DATE":"2024-06-30 00:00:00","DATE_TYPE_CODE":"002","REPORT_TYPE":"2024年中报","PER_NETCASH_OPERATE":0.526066707161,"PER_OI":4.065120696787,"BPS":3.669907630798,"BASIC_EPS":-0.071268,"DILUTED_EPS":-0.071268,"OPERATE_INCOME":2643543924,"OPERATE_INCOME_YOY":14.5089540674,"GROSS_PROFIT":1755694306.8,"GROSS_PROFIT_YOY":13.21471860315,"HOLDER_PROFIT":-32662124.4,"HOLDER_PROFIT_YOY":-229.4267156171,"GROSS_PROFIT_RATIO":66.414417814682,"EPS_TTM":0.18982625054,"OPERATE_INCOME_QOQ":1.522499399315,"NET_PROFIT_RATIO":-1.253336209,"ROE_AVG":-1.515156524298,"GROSS_PROFIT_QOQ":1.642134171152,"ROA":-0.763197335554,"HOLDER_PROFIT_QOQ":10.733179064651,"ROE_YEARLY":-3.030313048595,"ROIC_YEARLY":-2.02915779768,"TOTAL_ASSETS":4447957035.6,"TOTAL_LIABILITIES":2047387104,"TAX_EBT":840.286624203822,"OCF_SALES":12.940986169897,"TOTAL_PARENT_EQUITY":2386537262.4,"DEBT_ASSET_RATIO":46.0298309452,"OPERATE_PROFIT":32455447.2,"PRETAX_PROFIT":4475630.4,"NETCASH_OPERATE":342100653.6,"NETCASH_INVEST":-657618343.2,"NETCASH_FINANCE":233972844,"END_CASH":1002448561.2,"DIVI_RATIO":null,"DIVIDEND_RATE":null,"CURRENT_RATIO":2.327580040093,"COMMON_ACS":10000000000,"CURRENTDEBT_DEBT":41.848022834865,"ISSUED_COMMON_SHARES":650299000,"HK_COMMON_SHARES":650299000,"PER_SHARES":1000,"TOTAL_MARKET_CAP":13396159400,"HKSK_MARKET_CAP":13396159400,"PE_TTM":30.363798931443,"PB_TTM":4.802054733582,"REPORT_DATE_SQ":"2023-06-30 00:00:00","REPORT_TYPE_SQ":"2023年中报","OPERATE_INCOME_SQ":2340660619.8,"DPS_HKD":null,"OPERATE_INCOME_QOQ_SQ":6.445700465115,"NET_PROFIT_RATIO_SQ":1.047753997,"HOLDER_PROFIT_SQ":25586557.8,"HOLDER_PROFIT_QOQ_SQ":265.700231996984,"ROE_AVG_SQ":1.43151971119,"PE_TTM_SQ":47.057481043964,"PB_TTM_SQ":3.379047514235,"ROA_SQ":0.592666236519,"START_DATE":"2024-01-01 00:00:00","FISCAL_YEAR":"12-31","CURRENCY":"HKD","IS_CNY_CODE":0,"DPS_HKD_LY":null,"ORG_TYPE":"一般企业","PREMIUM_INCOME":null,"PREMIUM_INCOME_YOY":null,"NET_INTEREST_INCOME":null,"NET_INTEREST_INCOME_YOY":null,"FEE_COMMISSION_INCOME":null,"FEE_COMMISSION_INCOME_YOY":null,"ACCOUNTS_RECE_TDAYS":12.613877884141,"INVENTORY_TDAYS":4.41816505302,"CURRENT_ASSETS_TDAYS":1.487331240251,"TOTAL_ASSETS_TDAYS":0.617701915071,"PREMIUM_EXPENSE":null,"LOAN_DEPOSIT":null,"LOAN_EQUITY":null,"LOAN_ASSETS":null,"DEPOSIT_EQUITY":null,"DEPOSIT_ASSETS":null,"EQUITY_MULTIPLIER":1.852875426395,"EQUITY_RATIO":0.857890273182},{"SECUCODE":"09658.HK","SECURITY_CODE":"09658","SECURITY_NAME_ABBR":"特海国际","ORG_CODE":"10000383965","STD_REPORT_DATE":"2024-03-31 00:00:00","REPORT_DATE":"2024-03-31 00:00:00","DATE_TYPE_CODE":"003","REPORT_TYPE":"2024年一季报","PER_NETCASH_OPERATE":0.275147150241,"PER_OI":2.149660142444,"BPS":2.964760994558,"BASIC_EPS":-0.07095,"DILUTED_EPS":-0.07095,"OPERATE_INCOME":1331355465,"OPERATE_INCOME_YOY":16.5958319353,"GROSS_PROFIT":885470190,"GROSS_PROFIT_YOY":20.384831188449,"HOLDER_PROFIT":-31622415,"HOLDER_PROFIT_YOY":-179.3625356125,"GROSS_PROFIT_RATIO":66.508923670509,"EPS_TTM":0.179997870128,"OPERATE_INCOME_QOQ":4.63740130262,"NET_PROFIT_RATIO":-2.4221010728,"ROE_AVG":-1.64518367588,"GROSS_PROFIT_QOQ":4.687176627514,"ROA":-0.7791862687,"HOLDER_PROFIT_QOQ":-38.644347456293,"ROE_YEARLY":-6.58073470352,"ROIC_YEARLY":-3.974615786769,"TOTAL_ASSETS":4023794445,"TOTAL_LIABILITIES":2081999370,"TAX_EBT":-204.624664879357,"OCF_SALES":12.79956514093,"TOTAL_PARENT_EQUITY":1927981110,"DEBT_ASSET_RATIO":51.742190076,"OPERATE_PROFIT":3526215,"PRETAX_PROFIT":-10585740,"NETCASH_OPERATE":170407710,"NETCASH_INVEST":-521823060,"NETCASH_FINANCE":-88815210,"END_CASH":638769945,"DIVI_RATIO":null,"DIVIDEND_RATE":null,"CURRENT_RATIO":1.788019215839,"COMMON_ACS":10000000000,"CURRENTDEBT_DEBT":42.136543009617,"ISSUED_COMMON_SHARES":650299000,"HK_COMMON_SHARES":650299000,"PER_SHARES":1000,"TOTAL_MARKET_CAP":13396159400,"HKSK_MARKET_CAP":13396159400,"PE_TTM":30.363798931443,"PB_TTM":4.802054733582,"REPORT_DATE_SQ":"2023-03-31 00:00:00","REPORT_TYPE_SQ":"2023年一季报","OPERATE_INCOME_SQ":1105917654.6,"DPS_HKD":null,"OPERATE_INCOME_QOQ_SQ":10.635481973894,"NET_PROFIT_RATIO_SQ":3.4559892629,"HOLDER_PROFIT_SQ":38591467.2,"HOLDER_PROFIT_QOQ_SQ":76.410474918744,"ROE_AVG_SQ":null,"PE_TTM_SQ":47.057481043964,"PB_TTM_SQ":3.379047514235,"ROA_SQ":null,"START_DATE":"2024-01-01 00:00:00","FISCAL_YEAR":"12-31","CURRENCY":"HKD","IS_CNY_CODE":0,"DPS_HKD_LY":null,"ORG_TYPE":"一般企业","PREMIUM_INCOME":null,"PREMIUM_INCOME_YOY":null,"NET_INTEREST_INCOME":null,"NET_INTEREST_INCOME_YOY":null,"FEE_COMMISSION_INCOME":null,"FEE_COMMISSION_INCOME_YOY":null,"ACCOUNTS_RECE_TDAYS":6.365878481528,"INVENTORY_TDAYS":2.124290156842,"CURRENT_ASSETS_TDAYS":0.852849809225,"TOTAL_ASSETS_TDAYS":0.328050181204,"PREMIUM_EXPENSE":null,"LOAN_DEPOSIT":null,"LOAN_EQUITY":null,"LOAN_ASSETS":null,"DEPOSIT_EQUITY":null,"DEPOSIT_ASSETS":null,"EQUITY_MULTIPLIER":2.072203445566,"EQUITY_RATIO":1.079885772325},{"SECUCODE":"09658.HK","SECURITY_CODE":"09658","SECURITY_NAME_ABBR":"特海国际","ORG_CODE":"10000383965","STD_REPORT_DATE":"2023-12-31 00:00:00","REPORT_DATE":"2023-12-31 00:00:00","DATE_TYPE_CODE":"001","REPORT_TYPE":"2023年年报","PER_NETCASH_OPERATE":1.304220058515,"PER_OI":7.849244489475,"BPS":2.941628561938,"BASIC_EPS":0.354135,"DILUTED_EPS":0.354135,"OPERATE_INCOME":4861296137.4,"OPERATE_INCOME_YOY":22.9543642796,"GROSS_PROFIT":3198880206.9,"GROSS_PROFIT_YOY":27.027748028229,"HOLDER_PROFIT":181692503.1,"HOLDER_PROFIT_YOY":162.1921062839,"GROSS_PROFIT_RATIO":65.803031053584,"EPS_TTM":0.293368031576,"OPERATE_INCOME_QOQ":6.1754378734,"NET_PROFIT_RATIO":3.6798365877,"ROE_AVG":10.06213080417,"GROSS_PROFIT_QOQ":6.604077153155,"ROA":4.449802470956,"HOLDER_PROFIT_QOQ":61.806371849099,"ROE_YEARLY":10.06213080417,"ROIC_YEARLY":5.688386073178,"TOTAL_ASSETS":4085889224.1,"TOTAL_LIABILITIES":2158537817.4,"TAX_EBT":23.710997674208,"OCF_SALES":16.615867428558,"TOTAL_PARENT_EQUITY":1912938112.2,"DEBT_ASSET_RATIO":52.8290831936,"OPERATE_PROFIT":294151613.7,"PRETAX_PROFIT":234486948.9,"NETCASH_OPERATE":807746521.5,"NETCASH_INVEST":-83398792.5,"NETCASH_FINANCE":-310130184.9,"END_CASH":1083001491.6,"DIVI_RATIO":null,"DIVIDEND_RATE":null,"CURRENT_RATIO":1.703043454589,"COMMON_ACS":10000000000,"CURRENTDEBT_DEBT":42.187346191454,"ISSUED_COMMON_SHARES":650299000,"HK_COMMON_SHARES":650299000,"PER_SHARES":1000,"TOTAL_MARKET_CAP":13396159400,"HKSK_MARKET_CAP":13396159400,"PE_TTM":30.363798931443,"PB_TTM":4.802054733582,"REPORT_DATE_SQ":"2022-12-31 00:00:00","REPORT_TYPE_SQ":"2022年年报","OPERATE_INCOME_SQ":3887813835,"DPS_HKD":null,"OPERATE_INCOME_QOQ_SQ":40.325428692848,"NET_PROFIT_RATIO_SQ":-7.3918222939,"HOLDER_PROFIT_SQ":-287275820.8,"HOLDER_PROFIT_QOQ_SQ":71.34290174393,"ROE_AVG_SQ":-156.764974156279,"PE_TTM_SQ":47.057481043964,"PB_TTM_SQ":3.379047514235,"ROA_SQ":-6.858463546538,"START_DATE":"2023-01-01 00:00:00","FISCAL_YEAR":"12-31","CURRENCY":"HKD","IS_CNY_CODE":0,"DPS_HKD_LY":null,"ORG_TYPE":"一般企业","PREMIUM_INCOME":null,"PREMIUM_INCOME_YOY":null,"NET_INTEREST_INCOME":null,"NET_INTEREST_INCOME_YOY":null,"FEE_COMMISSION_INCOME":null,"FEE_COMMISSION_INCOME_YOY":null,"ACCOUNTS_RECE_TDAYS":24.471414564578,"INVENTORY_TDAYS":8.420873246511,"CURRENT_ASSETS_TDAYS":3.686570451018,"TOTAL_ASSETS_TDAYS":1.190572378891,"PREMIUM_EXPENSE":null,"LOAN_DEPOSIT":null,"LOAN_EQUITY":null,"LOAN_ASSETS":null,"DEPOSIT_EQUITY":null,"DEPOSIT_ASSETS":null,"EQUITY_MULTIPLIER":2.119950316218,"EQUITY_RATIO":1.12838873544},{"SECUCODE":"09658.HK","SECURITY_CODE":"09658","SECURITY_NAME_ABBR":"特海国际","ORG_CODE":"10000383965","STD_REPORT_DATE":"2023-09-30 00:00:00","REPORT_DATE":"2023-09-30 00:00:00","DATE_TYPE_CODE":"004","REPORT_TYPE":"2023年三季报","PER_NETCASH_OPERATE":0.96978360462,"PER_OI":5.763740190495,"BPS":null,"BASIC_EPS":0.071798,"DILUTED_EPS":0.071798,"OPERATE_INCOME":3569674503.4,"OPERATE_INCOME_YOY":null,"GROSS_PROFIT":2356711911.6,"GROSS_PROFIT_YOY":null,"HOLDER_PROFIT":15443749.8,"HOLDER_PROFIT_YOY":null,"GROSS_PROFIT_RATIO":66.020358700921,"EPS_TTM":0.181308083374,"OPERATE_INCOME_QOQ":0,"NET_PROFIT_RATIO":0.4006573032,"ROE_AVG":null,"GROSS_PROFIT_QOQ":0,"ROA":null,"HOLDER_PROFIT_QOQ":0,"ROE_YEARLY":null,"ROIC_YEARLY":null,"TOTAL_ASSETS":null,"TOTAL_LIABILITIES":null,"TAX_EBT":74.055743683251,"OCF_SALES":16.825595404509,"TOTAL_PARENT_EQUITY":null,"DEBT_ASSET_RATIO":null,"OPERATE_PROFIT":null,"PRETAX_PROFIT":55126504.4,"NETCASH_OPERATE":600618989.2,"NETCASH_INVEST":-495779549.6,"NETCASH_FINANCE":-236674927.2,"END_CASH":540430725.8,"DIVI_RATIO":null,"DIVIDEND_RATE":null,"CURRENT_RATIO":null,"COMMON_ACS":10000000000,"CURRENTDEBT_DEBT":null,"ISSUED_COMMON_SHARES":650299000,"HK_COMMON_SHARES":650299000,"PER_SHARES":1000,"TOTAL_MARKET_CAP":13396159400,"HKSK_MARKET_CAP":13396159400,"PE_TTM":30.363798931443,"PB_TTM":4.802054733582,"REPORT_DATE_SQ":"2022-09-30 00:00:00","REPORT_TYPE_SQ":"2022年三季报","OPERATE_INCOME_SQ":null,"DPS_HKD":null,"OPERATE_INCOME_QOQ_SQ":0,"NET_PROFIT_RATIO_SQ":null,"HOLDER_PROFIT_SQ":null,"HOLDER_PROFIT_QOQ_SQ":0,"ROE_AVG_SQ":null,"PE_TTM_SQ":47.057481043964,"PB_TTM_SQ":3.379047514235,"ROA_SQ":null,"START_DATE":"2023-01-01 00:00:00","FISCAL_YEAR":"12-31","CURRENCY":"HKD","IS_CNY_CODE":0,"DPS_HKD_LY":null,"ORG_TYPE":"一般企业","PREMIUM_INCOME":null,"PREMIUM_INCOME_YOY":null,"NET_INTEREST_INCOME":null,"NET_INTEREST_INCOME_YOY":null,"FEE_COMMISSION_INCOME":null,"FEE_COMMISSION_INCOME_YOY":null,"ACCOUNTS_RECE_TDAYS":null,"INVENTORY_TDAYS":null,"CURRENT_ASSETS_TDAYS":6.482346345407,"TOTAL_ASSETS_TDAYS":1.725994251118,"PREMIUM_EXPENSE":null,"LOAN_DEPOSIT":null,"LOAN_EQUITY":null,"LOAN_ASSETS":null,"DEPOSIT_EQUITY":null,"DEPOSIT_ASSETS":null,"EQUITY_MULTIPLIER":null,"EQUITY_RATIO":null},{"SECUCODE":"09658.HK","SECURITY_CODE":"09658","SECURITY_NAME_ABBR":"特海国际","ORG_CODE":"10000383965","STD_REPORT_DATE":"2023-06-30 00:00:00","REPORT_DATE":"2023-06-30 00:00:00","DATE_TYPE_CODE":"002","REPORT_TYPE":"2023年中报","PER_NETCASH_OPERATE":0.7436938923,"PER_OI":3.779324886289,"BPS":2.832466842791,"BASIC_EPS":0.072258,"DILUTED_EPS":0.072258,"OPERATE_INCOME":2340660619.8,"OPERATE_INCOME_YOY":31.7655050663,"GROSS_PROFIT":1550765067,"GROSS_PROFIT_YOY":45.160963495612,"HOLDER_PROFIT":25586557.8,"HOLDER_PROFIT_YOY":106.3546470937,"GROSS_PROFIT_RATIO":66.253307031436,"EPS_TTM":0.181308083374,"OPERATE_INCOME_QOQ":6.445700465115,"NET_PROFIT_RATIO":1.047753997,"ROE_AVG":1.43151971119,"GROSS_PROFIT_QOQ":6.587872223039,"ROA":0.592666236519,"HOLDER_PROFIT_QOQ":265.700231996984,"ROE_YEARLY":2.863039422379,"ROIC_YEARLY":1.448839516781,"TOTAL_ASSETS":4471520136.6,"TOTAL_LIABILITIES":2613066054,"TAX_EBT":53.633879781421,"OCF_SALES":19.677956107937,"TOTAL_PARENT_EQUITY":1841950355.4,"DEBT_ASSET_RATIO":58.4379802433,"OPERATE_PROFIT":84252828,"PRETAX_PROFIT":52892856,"NETCASH_OPERATE":460594169.4,"NETCASH_INVEST":-116559379.8,"NETCASH_FINANCE":-165774303.6,"END_CASH":859407748.8,"DIVI_RATIO":null,"DIVIDEND_RATE":null,"CURRENT_RATIO":1.478629310781,"COMMON_ACS":10000000000,"CURRENTDEBT_DEBT":32.827475596604,"ISSUED_COMMON_SHARES":650299000,"HK_COMMON_SHARES":650299000,"PER_SHARES":1000,"TOTAL_MARKET_CAP":13396159400,"HKSK_MARKET_CAP":13396159400,"PE_TTM":30.363798931443,"PB_TTM":4.802054733582,"REPORT_DATE_SQ":"2022-06-30 00:00:00","REPORT_TYPE_SQ":"2022年中报","OPERATE_INCOME_SQ":1649923864.6,"DPS_HKD":null,"OPERATE_INCOME_QOQ_SQ":23.94118716585,"NET_PROFIT_RATIO_SQ":-22.6664605697,"HOLDER_PROFIT_SQ":-373979342.2,"HOLDER_PROFIT_QOQ_SQ":-2.65120842252,"ROE_AVG_SQ":-238.749758992266,"PE_TTM_SQ":47.057481043964,"PB_TTM_SQ":3.379047514235,"ROA_SQ":-9.445352711197,"START_DATE":"2023-01-01 00:00:00","FISCAL_YEAR":"12-31","CURRENCY":"HKD","IS_CNY_CODE":0,"DPS_HKD_LY":null,"ORG_TYPE":"一般企业","PREMIUM_INCOME":null,"PREMIUM_INCOME_YOY":null,"NET_INTEREST_INCOME":null,"NET_INTEREST_INCOME_YOY":null,"FEE_COMMISSION_INCOME":null,"FEE_COMMISSION_INCOME_YOY":null,"ACCOUNTS_RECE_TDAYS":null,"INVENTORY_TDAYS":4.426107377116,"CURRENT_ASSETS_TDAYS":1.969604475116,"TOTAL_ASSETS_TDAYS":0.54217160876,"PREMIUM_EXPENSE":null,"LOAN_DEPOSIT":null,"LOAN_EQUITY":null,"LOAN_ASSETS":null,"DEPOSIT_EQUITY":null,"DEPOSIT_ASSETS":null,"EQUITY_MULTIPLIER":2.40604283876,"EQUITY_RATIO":1.41864086963},{"SECUCODE":"09658.HK","SECURITY_CODE":"09658","SECURITY_NAME_ABBR":"特海国际","ORG_CODE":"10000383965","STD_REPORT_DATE":"2023-03-31 00:00:00","REPORT_DATE":"2023-03-31 00:00:00","DATE_TYPE_CODE":"003","REPORT_TYPE":"2023年一季报","PER_NETCASH_OPERATE":0.307695511784,"PER_OI":1.785659176243,"BPS":null,"BASIC_EPS":0.068717,"DILUTED_EPS":0.068717,"OPERATE_INCOME":1105917654.6,"OPERATE_INCOME_YOY":47.5480174192,"GROSS_PROFIT":735533024.6,"GROSS_PROFIT_YOY":67.723130741923,"HOLDER_PROFIT":38591467.2,"HOLDER_PROFIT_YOY":119.7059545949,"GROSS_PROFIT_RATIO":66.508841914278,"EPS_TTM":-0.109419329827,"OPERATE_INCOME_QOQ":10.635481973894,"NET_PROFIT_RATIO":3.4559892629,"ROE_AVG":null,"GROSS_PROFIT_QOQ":11.793612802423,"ROA":null,"HOLDER_PROFIT_QOQ":76.410474918744,"ROE_YEARLY":null,"ROIC_YEARLY":null,"TOTAL_ASSETS":null,"TOTAL_LIABILITIES":null,"TAX_EBT":26.979125640016,"OCF_SALES":17.231480445886,"TOTAL_PARENT_EQUITY":null,"DEBT_ASSET_RATIO":null,"OPERATE_PROFIT":68483362.2,"PRETAX_PROFIT":52341738.9,"NETCASH_OPERATE":190565984.4,"NETCASH_INVEST":-118069549.4,"NETCASH_FINANCE":-77478417.5,"END_CASH":641205198.7,"DIVI_RATIO":null,"DIVIDEND_RATE":null,"CURRENT_RATIO":null,"COMMON_ACS":10000000000,"CURRENTDEBT_DEBT":null,"ISSUED_COMMON_SHARES":650299000,"HK_COMMON_SHARES":650299000,"PER_SHARES":1000,"TOTAL_MARKET_CAP":13396159400,"HKSK_MARKET_CAP":13396159400,"PE_TTM":30.363798931443,"PB_TTM":4.802054733582,"REPORT_DATE_SQ":"2022-03-31 00:00:00","REPORT_TYPE_SQ":"2022年一季报","OPERATE_INCOME_SQ":692429915,"DPS_HKD":null,"OPERATE_INCOME_QOQ_SQ":12.241140059292,"NET_PROFIT_RATIO_SQ":-26.1278936512,"HOLDER_PROFIT_SQ":-180917351.8,"HOLDER_PROFIT_QOQ_SQ":-1.604241678998,"ROE_AVG_SQ":13.840075953117,"PE_TTM_SQ":47.057481043964,"PB_TTM_SQ":3.379047514235,"ROA_SQ":-4.744594510228,"START_DATE":"2023-01-01 00:00:00","FISCAL_YEAR":"12-31","CURRENCY":"HKD","IS_CNY_CODE":0,"DPS_HKD_LY":null,"ORG_TYPE":"一般企业","PREMIUM_INCOME":null,"PREMIUM_INCOME_YOY":null,"NET_INTEREST_INCOME":null,"NET_INTEREST_INCOME_YOY":null,"FEE_COMMISSION_INCOME":null,"FEE_COMMISSION_INCOME_YOY":null,"ACCOUNTS_RECE_TDAYS":null,"INVENTORY_TDAYS":null,"CURRENT_ASSETS_TDAYS":2.098333724478,"TOTAL_ASSETS_TDAYS":0.558703863138,"PREMIUM_EXPENSE":null,"LOAN_DEPOSIT":null,"LOAN_EQUITY":null,"LOAN_ASSETS":null,"DEPOSIT_EQUITY":null,"DEPOSIT_ASSETS":null,"EQUITY_MULTIPLIER":null,"EQUITY_RATIO":null},{"SECUCODE":"09658.HK","SECURITY_CODE":"09658","SECURITY_NAME_ABBR":"特海国际","ORG_CODE":"10000383965","STD_REPORT_DATE":"2022-12-31 00:00:00","REPORT_DATE":"2022-12-31 00:00:00","DATE_TYPE_CODE":"001","REPORT_TYPE":"2022年年报","PER_NETCASH_OPERATE":0.768291753548,"PER_OI":6.277420765566,"BPS":2.568284539266,"BASIC_EPS":-0.487522,"DILUTED_EPS":-0.487522,"OPERATE_INCOME":3887813835,"OPERATE_INCOME_YOY":78.7046255598,"GROSS_PROFIT":2518253103.4,"GROSS_PROFIT_YOY":98.867508500292,"HOLDER_PROFIT":-287275820.8,"HOLDER_PROFIT_YOY":72.6385056251,"GROSS_PROFIT_RATIO":64.772985803216,"EPS_TTM":-0.463847107776,"OPERATE_INCOME_QOQ":40.325428692848,"NET_PROFIT_RATIO":-7.3918222939,"ROE_AVG":-156.764974156279,"GROSS_PROFIT_QOQ":42.111495080877,"ROA":-6.858463546538,"HOLDER_PROFIT_QOQ":71.34290174393,"ROE_YEARLY":-156.764974156279,"ROIC_YEARLY":-8.110265636367,"TOTAL_ASSETS":4012389635.2,"TOTAL_LIABILITIES":2326698745,"TAX_EBT":-28.026683214397,"OCF_SALES":12.238971740786,"TOTAL_PARENT_EQUITY":1670152867.6,"DEBT_ASSET_RATIO":57.9878565279,"OPERATE_PROFIT":-137460310.2,"PRETAX_PROFIT":-224469058,"NETCASH_OPERATE":475828436.6,"NETCASH_INVEST":6184564.8,"NETCASH_FINANCE":-458751237.4,"END_CASH":653822718.8,"DIVI_RATIO":null,"DIVIDEND_RATE":null,"CURRENT_RATIO":1.308504648981,"COMMON_ACS":10000000000,"CURRENTDEBT_DEBT":35.090922696999,"ISSUED_COMMON_SHARES":650299000,"HK_COMMON_SHARES":650299000,"PER_SHARES":1000,"TOTAL_MARKET_CAP":13396159400,"HKSK_MARKET_CAP":13396159400,"PE_TTM":30.363798931443,"PB_TTM":4.802054733582,"REPORT_DATE_SQ":"2021-12-31 00:00:00","REPORT_TYPE_SQ":"2021年年报","OPERATE_INCOME_SQ":1991596536.1,"DPS_HKD":null,"OPERATE_INCOME_QOQ_SQ":37.856836666393,"NET_PROFIT_RATIO_SQ":-48.2602529668,"HOLDER_PROFIT_SQ":-961149526.4,"HOLDER_PROFIT_QOQ_SQ":-174.004588831502,"ROE_AVG_SQ":118.631370203658,"PE_TTM_SQ":47.057481043964,"PB_TTM_SQ":3.379047514235,"ROA_SQ":-24.546286436301,"START_DATE":"2022-01-01 00:00:00","FISCAL_YEAR":"12-31","CURRENCY":"HKD","IS_CNY_CODE":0,"DPS_HKD_LY":null,"ORG_TYPE":"一般企业","PREMIUM_INCOME":null,"PREMIUM_INCOME_YOY":null,"NET_INTEREST_INCOME":null,"NET_INTEREST_INCOME_YOY":null,"FEE_COMMISSION_INCOME":null,"FEE_COMMISSION_INCOME_YOY":null,"ACCOUNTS_RECE_TDAYS":20.851854618804,"INVENTORY_TDAYS":9.21209565971,"CURRENT_ASSETS_TDAYS":3.100147725253,"TOTAL_ASSETS_TDAYS":0.928182169624,"PREMIUM_EXPENSE":null,"LOAN_DEPOSIT":null,"LOAN_EQUITY":null,"LOAN_ASSETS":null,"DEPOSIT_EQUITY":null,"DEPOSIT_ASSETS":null,"EQUITY_MULTIPLIER":2.380264174486,"EQUITY_RATIO":1.393105260085},{"SECUCODE":"09658.HK","SECURITY_CODE":"09658","SECURITY_NAME_ABBR":"特海国际","ORG_CODE":"10000383965","STD_REPORT_DATE":"2022-06-30 00:00:00","REPORT_DATE":"2022-06-30 00:00:00","DATE_TYPE_CODE":"002","REPORT_TYPE":"2022年中报","PER_NETCASH_OPERATE":null,"PER_OI":null,"BPS":2.413558555987,"BASIC_EPS":-0.67114,"DILUTED_EPS":-0.67114,"OPERATE_INCOME":1649923864.6,"OPERATE_INCOME_YOY":82.3460910844,"GROSS_PROFIT":1068307229.2,"GROSS_PROFIT_YOY":89.89501773069,"HOLDER_PROFIT":-373979342.2,"HOLDER_PROFIT_YOY":-8.2084045363,"GROSS_PROFIT_RATIO":64.748880364792,"EPS_TTM":null,"OPERATE_INCOME_QOQ":23.94118716585,"NET_PROFIT_RATIO":-22.6664605697,"ROE_AVG":-238.749758992266,"GROSS_PROFIT_QOQ":25.112734301699,"ROA":-9.445352711197,"HOLDER_PROFIT_QOQ":-2.65120842252,"ROE_YEARLY":-477.499517984533,"ROIC_YEARLY":-23.039956998806,"TOTAL_ASSETS":3712612252,"TOTAL_LIABILITIES":2143077536.6,"TAX_EBT":-7.771008606518,"OCF_SALES":12.349952611262,"TOTAL_PARENT_EQUITY":1569534715.4,"DEBT_ASSET_RATIO":57.7242488882,"OPERATE_PROFIT":-290476103.4,"PRETAX_PROFIT":-347012937,"NETCASH_OPERATE":203764815.4,"NETCASH_INVEST":278133838.8,"NETCASH_FINANCE":-244442610.8,"END_CASH":825112938.8,"DIVI_RATIO":null,"DIVIDEND_RATE":null,"CURRENT_RATIO":1.310493972876,"COMMON_ACS":10000000000,"CURRENTDEBT_DEBT":41.125958680818,"ISSUED_COMMON_SHARES":650299000,"HK_COMMON_SHARES":650299000,"PER_SHARES":1000,"TOTAL_MARKET_CAP":13396159400,"HKSK_MARKET_CAP":13396159400,"PE_TTM":30.363798931443,"PB_TTM":4.802054733582,"REPORT_DATE_SQ":"2021-06-30 00:00:00","REPORT_TYPE_SQ":"2021年中报","OPERATE_INCOME_SQ":870950682,"DPS_HKD":null,"OPERATE_INCOME_QOQ_SQ":0,"NET_PROFIT_RATIO_SQ":-38.1961133363,"HOLDER_PROFIT_SQ":-332669309.6,"HOLDER_PROFIT_QOQ_SQ":0,"ROE_AVG_SQ":null,"PE_TTM_SQ":47.057481043964,"PB_TTM_SQ":3.379047514235,"ROA_SQ":null,"START_DATE":"2022-01-01 00:00:00","FISCAL_YEAR":"12-31","CURRENCY":"HKD","IS_CNY_CODE":0,"DPS_HKD_LY":null,"ORG_TYPE":"一般企业","PREMIUM_INCOME":null,"PREMIUM_INCOME_YOY":null,"NET_INTEREST_INCOME":null,"NET_INTEREST_INCOME_YOY":null,"FEE_COMMISSION_INCOME":null,"FEE_COMMISSION_INCOME_YOY":null,"ACCOUNTS_RECE_TDAYS":10.187683892089,"INVENTORY_TDAYS":4.811025370566,"CURRENT_ASSETS_TDAYS":1.297885595122,"TOTAL_ASSETS_TDAYS":0.416710526204,"PREMIUM_EXPENSE":null,"LOAN_DEPOSIT":null,"LOAN_EQUITY":null,"LOAN_ASSETS":null,"DEPOSIT_EQUITY":null,"DEPOSIT_ASSETS":null,"EQUITY_MULTIPLIER":2.365422195233,"EQUITY_RATIO":1.365422195236}],"count":15},"success":true,"message":"ok","code":0}