{"version":"0780b8a19226861e259bb648c1bfb7e1","result":{"pages":2,"data":[{"SECUCODE":"09669.HK","SECURITY_CODE":"09669","SECURITY_NAME_ABBR":"北森控股","ORG_CODE":"10000281843","STD_REPORT_DATE":"2024-06-30 00:00:00","REPORT_DATE":"2024-09-30 00:00:00","DATE_TYPE_CODE":"002","REPORT_TYPE":"2024年中报","PER_NETCASH_OPERATE":-0.13849736167,"PER_OI":0.62309041184,"BPS":1.478697870144,"BASIC_EPS":-0.14,"DILUTED_EPS":-0.14,"OPERATE_INCOME":436581000,"OPERATE_INCOME_YOY":9.00000749,"GROSS_PROFIT":281753000,"GROSS_PROFIT_YOY":18.878106409012,"HOLDER_PROFIT":-99040000,"HOLDER_PROFIT_YOY":96.7613528415,"GROSS_PROFIT_RATIO":64.536248714443,"EPS_TTM":-4.537081223274,"OPERATE_INCOME_QOQ":0,"NET_PROFIT_RATIO":-22.6853665185,"ROE_AVG":-9.042775138577,"GROSS_PROFIT_QOQ":0,"ROA":-5.495023741121,"HOLDER_PROFIT_QOQ":0,"ROE_YEARLY":-18.085550277154,"ROIC_YEARLY":-15.825997124507,"TOTAL_ASSETS":1698326000,"TOTAL_LIABILITIES":662716000,"TAX_EBT":-4.157245469938,"OCF_SALES":-22.227490431329,"TOTAL_PARENT_EQUITY":1035610000,"DEBT_ASSET_RATIO":39.0217190339,"OPERATE_PROFIT":-95818000,"PRETAX_PROFIT":-95087000,"NETCASH_OPERATE":-97041000,"NETCASH_INVEST":495170000,"NETCASH_FINANCE":-111470000,"END_CASH":516636000,"DIVI_RATIO":null,"DIVIDEND_RATE":null,"CURRENT_RATIO":2.583964981216,"COMMON_ACS":5000000000,"CURRENTDEBT_DEBT":93.62487098546,"ISSUED_COMMON_SHARES":700352669,"HK_COMMON_SHARES":700352669,"PER_SHARES":200,"TOTAL_MARKET_CAP":3753890305.84,"HKSK_MARKET_CAP":3753890305.84,"PE_TTM":-11.857137515713,"PB_TTM":3.268818125456,"REPORT_DATE_SQ":"2023-06-30 00:00:00","REPORT_TYPE_SQ":"2023年中报","OPERATE_INCOME_SQ":400533000,"DPS_HKD":null,"OPERATE_INCOME_QOQ_SQ":0,"NET_PROFIT_RATIO_SQ":-763.4993870667,"HOLDER_PROFIT_SQ":-3058067000,"HOLDER_PROFIT_QOQ_SQ":0,"ROE_AVG_SQ":85.243663869688,"PE_TTM_SQ":-0.516234814019,"PB_TTM_SQ":2.45382781028,"ROA_SQ":-163.680131711983,"START_DATE":"2024-04-01 00:00:00","FISCAL_YEAR":"3-31","CURRENCY":"HKD","IS_CNY_CODE":0,"DPS_HKD_LY":null,"ORG_TYPE":"一般企业","PREMIUM_INCOME":null,"PREMIUM_INCOME_YOY":null,"NET_INTEREST_INCOME":null,"NET_INTEREST_INCOME_YOY":null,"FEE_COMMISSION_INCOME":null,"FEE_COMMISSION_INCOME_YOY":null,"ACCOUNTS_RECE_TDAYS":11.63393868333,"INVENTORY_TDAYS":null,"CURRENT_ASSETS_TDAYS":0.25646544571,"TOTAL_ASSETS_TDAYS":0.242227681737,"PREMIUM_EXPENSE":null,"LOAN_DEPOSIT":null,"LOAN_EQUITY":null,"LOAN_ASSETS":null,"DEPOSIT_EQUITY":null,"DEPOSIT_ASSETS":null,"EQUITY_MULTIPLIER":1.639928158283,"EQUITY_RATIO":0.639928158284},{"SECUCODE":"09669.HK","SECURITY_CODE":"09669","SECURITY_NAME_ABBR":"北森控股","ORG_CODE":"10000281843","STD_REPORT_DATE":"2023-12-31 00:00:00","REPORT_DATE":"2024-03-31 00:00:00","DATE_TYPE_CODE":"001","REPORT_TYPE":"2023年年报","PER_NETCASH_OPERATE":-0.114802662452,"PER_OI":1.189859735254,"BPS":1.648980650918,"BASIC_EPS":-4.48,"DILUTED_EPS":-4.48,"OPERATE_INCOME":854741000,"OPERATE_INCOME_YOY":13.8267498009,"GROSS_PROFIT":514927000,"GROSS_PROFIT_YOY":23.910396473227,"HOLDER_PROFIT":-3208587000,"HOLDER_PROFIT_YOY":-23.4550548828,"GROSS_PROFIT_RATIO":60.243629356729,"EPS_TTM":-7.655688088338,"OPERATE_INCOME_QOQ":0,"NET_PROFIT_RATIO":-375.3870470704,"ROE_AVG":89.105622916395,"GROSS_PROFIT_QOQ":0,"ROA":-169.893793445248,"HOLDER_PROFIT_QOQ":0,"ROE_YEARLY":89.105622916395,"ROIC_YEARLY":-247.120053111849,"TOTAL_ASSETS":1906390000,"TOTAL_LIABILITIES":751522000,"TAX_EBT":-0.453146147303,"OCF_SALES":-9.648419813721,"TOTAL_PARENT_EQUITY":1154868000,"DEBT_ASSET_RATIO":39.421209721,"OPERATE_PROFIT":-389722000,"PRETAX_PROFIT":-3194113000,"NETCASH_OPERATE":-82469000,"NETCASH_INVEST":-249296000,"NETCASH_FINANCE":157859000,"END_CASH":234101000,"DIVI_RATIO":null,"DIVIDEND_RATE":null,"CURRENT_RATIO":2.589678858855,"COMMON_ACS":5000000000,"CURRENTDEBT_DEBT":92.556438800195,"ISSUED_COMMON_SHARES":700352669,"HK_COMMON_SHARES":700352669,"PER_SHARES":200,"TOTAL_MARKET_CAP":3319671651.06,"HKSK_MARKET_CAP":3319671651.06,"PE_TTM":-10.485602952328,"PB_TTM":2.890708566168,"REPORT_DATE_SQ":"2022-12-31 00:00:00","REPORT_TYPE_SQ":"2022年年报","OPERATE_INCOME_SQ":750914000,"DPS_HKD":null,"OPERATE_INCOME_QOQ_SQ":0,"NET_PROFIT_RATIO_SQ":-346.1104733698,"HOLDER_PROFIT_SQ":-2598992000,"HOLDER_PROFIT_QOQ_SQ":0,"ROE_AVG_SQ":38.116829247886,"PE_TTM_SQ":-0.437626330975,"PB_TTM_SQ":2.080176757351,"ROA_SQ":-133.094523775932,"START_DATE":"2023-04-01 00:00:00","FISCAL_YEAR":"3-31","CURRENCY":"HKD","IS_CNY_CODE":0,"DPS_HKD_LY":null,"ORG_TYPE":"一般企业","PREMIUM_INCOME":null,"PREMIUM_INCOME_YOY":null,"NET_INTEREST_INCOME":null,"NET_INTEREST_INCOME_YOY":null,"FEE_COMMISSION_INCOME":null,"FEE_COMMISSION_INCOME_YOY":null,"ACCOUNTS_RECE_TDAYS":31.801949622354,"INVENTORY_TDAYS":null,"CURRENT_ASSETS_TDAYS":0.492320071607,"TOTAL_ASSETS_TDAYS":0.452582993396,"PREMIUM_EXPENSE":null,"LOAN_DEPOSIT":null,"LOAN_EQUITY":null,"LOAN_ASSETS":null,"DEPOSIT_EQUITY":null,"DEPOSIT_ASSETS":null,"EQUITY_MULTIPLIER":1.650742768871,"EQUITY_RATIO":0.650742768871},{"SECUCODE":"09669.HK","SECURITY_CODE":"09669","SECURITY_NAME_ABBR":"北森控股","ORG_CODE":"10000281843","STD_REPORT_DATE":"2023-06-30 00:00:00","REPORT_DATE":"2023-09-30 00:00:00","DATE_TYPE_CODE":"002","REPORT_TYPE":"2023年中报","PER_NETCASH_OPERATE":-0.244885670298,"PER_OI":0.559953370981,"BPS":1.68735703069,"BASIC_EPS":-4.64,"DILUTED_EPS":-4.64,"OPERATE_INCOME":400533000,"OPERATE_INCOME_YOY":14.1880912061,"GROSS_PROFIT":237010000,"GROSS_PROFIT_YOY":25.193460634392,"HOLDER_PROFIT":-3058067000,"HOLDER_PROFIT_YOY":-1778.1657269902,"GROSS_PROFIT_RATIO":59.173651109896,"EPS_TTM":-3.633444264401,"OPERATE_INCOME_QOQ":0,"NET_PROFIT_RATIO":-763.4993870667,"ROE_AVG":85.243663869688,"GROSS_PROFIT_QOQ":0,"ROA":-163.680131711983,"HOLDER_PROFIT_QOQ":0,"ROE_YEARLY":170.487327739375,"ROIC_YEARLY":-485.746519098053,"TOTAL_ASSETS":1865860000,"TOTAL_LIABILITIES":684115000,"TAX_EBT":-0.048747340571,"OCF_SALES":-43.733225477052,"TOTAL_PARENT_EQUITY":1181745000,"DEBT_ASSET_RATIO":36.6648623155,"OPERATE_PROFIT":-249467000,"PRETAX_PROFIT":-3056577000,"NETCASH_OPERATE":-173990000,"NETCASH_INVEST":174513000,"NETCASH_FINANCE":179949000,"END_CASH":585814000,"DIVI_RATIO":null,"DIVIDEND_RATE":null,"CURRENT_RATIO":2.615150857725,"COMMON_ACS":5000000000,"CURRENTDEBT_DEBT":95.001132850471,"ISSUED_COMMON_SHARES":700352669,"HK_COMMON_SHARES":700352669,"PER_SHARES":200,"TOTAL_MARKET_CAP":3319671651.06,"HKSK_MARKET_CAP":3319671651.06,"PE_TTM":-10.485602952328,"PB_TTM":2.890708566168,"REPORT_DATE_SQ":"2022-06-30 00:00:00","REPORT_TYPE_SQ":"2022年中报","OPERATE_INCOME_SQ":350766000,"DPS_HKD":null,"OPERATE_INCOME_QOQ_SQ":0,"NET_PROFIT_RATIO_SQ":-46.4189801748,"HOLDER_PROFIT_SQ":-162822000,"HOLDER_PROFIT_QOQ_SQ":0,"ROE_AVG_SQ":2.83699583917,"PE_TTM_SQ":-0.437626330975,"PB_TTM_SQ":2.080176757351,"ROA_SQ":-8.345788816514,"START_DATE":"2023-04-01 00:00:00","FISCAL_YEAR":"3-31","CURRENCY":"HKD","IS_CNY_CODE":0,"DPS_HKD_LY":null,"ORG_TYPE":"一般企业","PREMIUM_INCOME":null,"PREMIUM_INCOME_YOY":null,"NET_INTEREST_INCOME":null,"NET_INTEREST_INCOME_YOY":null,"FEE_COMMISSION_INCOME":null,"FEE_COMMISSION_INCOME_YOY":null,"ACCOUNTS_RECE_TDAYS":14.385152728644,"INVENTORY_TDAYS":null,"CURRENT_ASSETS_TDAYS":0.237663083224,"TOTAL_ASSETS_TDAYS":0.214381484104,"PREMIUM_EXPENSE":null,"LOAN_DEPOSIT":null,"LOAN_EQUITY":null,"LOAN_ASSETS":null,"DEPOSIT_EQUITY":null,"DEPOSIT_ASSETS":null,"EQUITY_MULTIPLIER":1.578902385878,"EQUITY_RATIO":0.578902385879},{"SECUCODE":"09669.HK","SECURITY_CODE":"09669","SECURITY_NAME_ABBR":"北森控股","ORG_CODE":"10000281843","STD_REPORT_DATE":"2022-12-31 00:00:00","REPORT_DATE":"2023-03-31 00:00:00","DATE_TYPE_CODE":"001","REPORT_TYPE":"2022年年报","PER_NETCASH_OPERATE":-0.222193035472,"PER_OI":1.09864461034,"BPS":-11.932029918487,"BASIC_EPS":-12.16,"DILUTED_EPS":-12.16,"OPERATE_INCOME":750914000,"OPERATE_INCOME_YOY":10.4891359525,"GROSS_PROFIT":415564000,"GROSS_PROFIT_YOY":3.758448581937,"HOLDER_PROFIT":-2598992000,"HOLDER_PROFIT_YOY":-36.1604214647,"GROSS_PROFIT_RATIO":55.341090990446,"EPS_TTM":-5.9231075472,"OPERATE_INCOME_QOQ":0,"NET_PROFIT_RATIO":-346.1104733698,"ROE_AVG":38.116829247886,"GROSS_PROFIT_QOQ":0,"ROA":-133.094523775932,"HOLDER_PROFIT_QOQ":0,"ROE_YEARLY":38.116829247886,"ROIC_YEARLY":-183.622179423231,"TOTAL_ASSETS":1870778000,"TOTAL_LIABILITIES":10227407000,"TAX_EBT":0.226918238414,"OCF_SALES":-20.224286669312,"TOTAL_PARENT_EQUITY":-8356629000,"DEBT_ASSET_RATIO":546.6927128713,"OPERATE_PROFIT":-368112000,"PRETAX_PROFIT":-2604903000,"NETCASH_OPERATE":-148795000,"NETCASH_INVEST":307150000,"NETCASH_FINANCE":-39981000,"END_CASH":408709000,"DIVI_RATIO":null,"DIVIDEND_RATE":null,"CURRENT_RATIO":2.179534370471,"COMMON_ACS":5000000000,"CURRENTDEBT_DEBT":7.496142472867,"ISSUED_COMMON_SHARES":700352669,"HK_COMMON_SHARES":700352669,"PER_SHARES":200,"TOTAL_MARKET_CAP":3319671651.06,"HKSK_MARKET_CAP":3319671651.06,"PE_TTM":-10.485602952328,"PB_TTM":2.890708566168,"REPORT_DATE_SQ":"2021-12-31 00:00:00","REPORT_TYPE_SQ":"2021年年报","OPERATE_INCOME_SQ":679627000,"DPS_HKD":null,"OPERATE_INCOME_QOQ_SQ":0,"NET_PROFIT_RATIO_SQ":-280.8558223849,"HOLDER_PROFIT_SQ":-1908772000,"HOLDER_PROFIT_QOQ_SQ":0,"ROE_AVG_SQ":43.265020155544,"PE_TTM_SQ":-0.437626330975,"PB_TTM_SQ":2.080176757351,"ROA_SQ":-145.290657889829,"START_DATE":"2022-04-01 00:00:00","FISCAL_YEAR":"3-31","CURRENCY":"HKD","IS_CNY_CODE":0,"DPS_HKD_LY":null,"ORG_TYPE":"一般企业","PREMIUM_INCOME":null,"PREMIUM_INCOME_YOY":null,"NET_INTEREST_INCOME":null,"NET_INTEREST_INCOME_YOY":null,"FEE_COMMISSION_INCOME":null,"FEE_COMMISSION_INCOME_YOY":null,"ACCOUNTS_RECE_TDAYS":33.547657872987,"INVENTORY_TDAYS":null,"CURRENT_ASSETS_TDAYS":0.426703564747,"TOTAL_ASSETS_TDAYS":0.38454347388,"PREMIUM_EXPENSE":null,"LOAN_DEPOSIT":null,"LOAN_EQUITY":null,"LOAN_ASSETS":null,"DEPOSIT_EQUITY":null,"DEPOSIT_ASSETS":null,"EQUITY_MULTIPLIER":-0.223867542762,"EQUITY_RATIO":-1.223867542762},{"SECUCODE":"09669.HK","SECURITY_CODE":"09669","SECURITY_NAME_ABBR":"北森控股","ORG_CODE":"10000281843","STD_REPORT_DATE":"2022-06-30 00:00:00","REPORT_DATE":"2022-09-30 00:00:00","DATE_TYPE_CODE":"002","REPORT_TYPE":"2022年中报","PER_NETCASH_OPERATE":-0.8810567808,"PER_OI":1.6602456312,"BPS":-8.850012678398,"BASIC_EPS":-0.76,"DILUTED_EPS":-0.76,"OPERATE_INCOME":350766000,"OPERATE_INCOME_YOY":12.1410531027,"GROSS_PROFIT":189315000,"GROSS_PROFIT_YOY":0.206961529504,"HOLDER_PROFIT":-162822000,"HOLDER_PROFIT_YOY":80.1484519592,"GROSS_PROFIT_RATIO":53.971878688356,"EPS_TTM":-8.078177606933,"OPERATE_INCOME_QOQ":0,"NET_PROFIT_RATIO":-46.4189801748,"ROE_AVG":2.83699583917,"GROSS_PROFIT_QOQ":0,"ROA":-8.345788816514,"HOLDER_PROFIT_QOQ":0,"ROE_YEARLY":5.673991678341,"ROIC_YEARLY":-20.727193222818,"TOTAL_ASSETS":1867191000,"TOTAL_LIABILITIES":8065321000,"TAX_EBT":2.574136569254,"OCF_SALES":-53.067857203948,"TOTAL_PARENT_EQUITY":-6198130000,"DEBT_ASSET_RATIO":431.9494363458,"OPERATE_PROFIT":-163491000,"PRETAX_PROFIT":-167124000,"NETCASH_OPERATE":-186144000,"NETCASH_INVEST":-9033000,"NETCASH_FINANCE":-19260000,"END_CASH":78919000,"DIVI_RATIO":null,"DIVIDEND_RATE":null,"CURRENT_RATIO":2.717419105523,"COMMON_ACS":5000000000,"CURRENTDEBT_DEBT":7.571961487956,"ISSUED_COMMON_SHARES":700352669,"HK_COMMON_SHARES":700352669,"PER_SHARES":200,"TOTAL_MARKET_CAP":3480752764.93,"HKSK_MARKET_CAP":3480752764.93,"PE_TTM":-10.994398032294,"PB_TTM":3.030975015581,"REPORT_DATE_SQ":"2021-06-30 00:00:00","REPORT_TYPE_SQ":"2021年中报","OPERATE_INCOME_SQ":312790000,"DPS_HKD":null,"OPERATE_INCOME_QOQ_SQ":0,"NET_PROFIT_RATIO_SQ":-262.2200198216,"HOLDER_PROFIT_SQ":-820198000,"HOLDER_PROFIT_QOQ_SQ":0,"ROE_AVG_SQ":20.962702043166,"PE_TTM_SQ":-0.483383507672,"PB_TTM_SQ":2.297675131444,"ROA_SQ":-62.846039088462,"START_DATE":"2022-04-01 00:00:00","FISCAL_YEAR":"3-31","CURRENCY":"HKD","IS_CNY_CODE":0,"DPS_HKD_LY":null,"ORG_TYPE":"一般企业","PREMIUM_INCOME":null,"PREMIUM_INCOME_YOY":null,"NET_INTEREST_INCOME":null,"NET_INTEREST_INCOME_YOY":null,"FEE_COMMISSION_INCOME":null,"FEE_COMMISSION_INCOME_YOY":null,"ACCOUNTS_RECE_TDAYS":14.386858619417,"INVENTORY_TDAYS":null,"CURRENT_ASSETS_TDAYS":0.199970526003,"TOTAL_ASSETS_TDAYS":0.179792593139,"PREMIUM_EXPENSE":null,"LOAN_DEPOSIT":null,"LOAN_EQUITY":null,"LOAN_ASSETS":null,"DEPOSIT_EQUITY":null,"DEPOSIT_ASSETS":null,"EQUITY_MULTIPLIER":-0.301250699808,"EQUITY_RATIO":-1.301250699808},{"SECUCODE":"09669.HK","SECURITY_CODE":"09669","SECURITY_NAME_ABBR":"北森控股","ORG_CODE":"10000281843","STD_REPORT_DATE":"2021-12-31 00:00:00","REPORT_DATE":"2022-03-31 00:00:00","DATE_TYPE_CODE":"001","REPORT_TYPE":"2021年年报","PER_NETCASH_OPERATE":-0.660373621067,"PER_OI":2.876272080933,"BPS":-7.539558616289,"BASIC_EPS":-8.92,"DILUTED_EPS":-8.92,"OPERATE_INCOME":679627000,"OPERATE_INCOME_YOY":22.1632241469,"GROSS_PROFIT":400511000,"GROSS_PROFIT_YOY":8.36424538078,"HOLDER_PROFIT":-1908772000,"HOLDER_PROFIT_YOY":-103.0301805472,"GROSS_PROFIT_RATIO":58.931001858372,"EPS_TTM":-5.4620946756,"OPERATE_INCOME_QOQ":0,"NET_PROFIT_RATIO":-280.8558223849,"ROE_AVG":43.265020155544,"GROSS_PROFIT_QOQ":0,"ROA":-145.290657889829,"HOLDER_PROFIT_QOQ":0,"ROE_YEARLY":43.265020155544,"ROIC_YEARLY":-208.818921757395,"TOTAL_ASSETS":2034705000,"TOTAL_LIABILITIES":7315055000,"TAX_EBT":0.666483137045,"OCF_SALES":-22.959358589344,"TOTAL_PARENT_EQUITY":-5280350000,"DEBT_ASSET_RATIO":359.5142784826,"OPERATE_PROFIT":-288563000,"PRETAX_PROFIT":-1921579000,"NETCASH_OPERATE":-156038000,"NETCASH_INVEST":-1272675000,"NETCASH_FINANCE":1514726000,"END_CASH":288706000,"DIVI_RATIO":null,"DIVIDEND_RATE":null,"CURRENT_RATIO":2.877495143576,"COMMON_ACS":5000000000,"CURRENTDEBT_DEBT":8.782545038964,"ISSUED_COMMON_SHARES":700352669,"HK_COMMON_SHARES":700352669,"PER_SHARES":200,"TOTAL_MARKET_CAP":3319671651.06,"HKSK_MARKET_CAP":3319671651.06,"PE_TTM":-10.485602952328,"PB_TTM":2.890708566168,"REPORT_DATE_SQ":"2020-12-31 00:00:00","REPORT_TYPE_SQ":"2020年年报","OPERATE_INCOME_SQ":556327000,"DPS_HKD":null,"OPERATE_INCOME_QOQ_SQ":0,"NET_PROFIT_RATIO_SQ":-168.9905397365,"HOLDER_PROFIT_SQ":-940142000,"HOLDER_PROFIT_QOQ_SQ":0,"ROE_AVG_SQ":29.463911454888,"PE_TTM_SQ":-0.437626330975,"PB_TTM_SQ":2.080176757351,"ROA_SQ":-157.948392277826,"START_DATE":"2021-04-01 00:00:00","FISCAL_YEAR":"3-31","CURRENCY":"HKD","IS_CNY_CODE":0,"DPS_HKD_LY":null,"ORG_TYPE":"一般企业","PREMIUM_INCOME":null,"PREMIUM_INCOME_YOY":null,"NET_INTEREST_INCOME":null,"NET_INTEREST_INCOME_YOY":null,"FEE_COMMISSION_INCOME":null,"FEE_COMMISSION_INCOME_YOY":null,"ACCOUNTS_RECE_TDAYS":38.257592389316,"INVENTORY_TDAYS":null,"CURRENT_ASSETS_TDAYS":0.57680293618,"TOTAL_ASSETS_TDAYS":0.517314032004,"PREMIUM_EXPENSE":null,"LOAN_DEPOSIT":null,"LOAN_EQUITY":null,"LOAN_ASSETS":null,"DEPOSIT_EQUITY":null,"DEPOSIT_ASSETS":null,"EQUITY_MULTIPLIER":-0.385335252398,"EQUITY_RATIO":-1.385335252398},{"SECUCODE":"09669.HK","SECURITY_CODE":"09669","SECURITY_NAME_ABBR":"北森控股","ORG_CODE":"10000281843","STD_REPORT_DATE":"2021-06-30 00:00:00","REPORT_DATE":"2021-09-30 00:00:00","DATE_TYPE_CODE":"002","REPORT_TYPE":"2021年中报","PER_NETCASH_OPERATE":-0.5927828544,"PER_OI":1.352378844,"BPS":-6.114106777253,"BASIC_EPS":-38.26,"DILUTED_EPS":-38.26,"OPERATE_INCOME":312790000,"OPERATE_INCOME_YOY":27.6704299627,"GROSS_PROFIT":188924000,"GROSS_PROFIT_YOY":13.976483647749,"HOLDER_PROFIT":-820198000,"HOLDER_PROFIT_YOY":-65.0234699277,"GROSS_PROFIT_RATIO":60.399629144154,"EPS_TTM":-4.118636749733,"OPERATE_INCOME_QOQ":0,"NET_PROFIT_RATIO":-262.2200198216,"ROE_AVG":20.962702043166,"GROSS_PROFIT_QOQ":0,"ROA":-62.846039088462,"HOLDER_PROFIT_QOQ":0,"ROE_YEARLY":41.925404086331,"ROIC_YEARLY":-243.902569577229,"TOTAL_ASSETS":2017365000,"TOTAL_LIABILITIES":6299396000,"TAX_EBT":-0.022438641291,"OCF_SALES":-43.832603344097,"TOTAL_PARENT_EQUITY":-4282031000,"DEBT_ASSET_RATIO":312.2586145789,"OPERATE_PROFIT":-162327000,"PRETAX_PROFIT":-820014000,"NETCASH_OPERATE":-137104000,"NETCASH_INVEST":-830914000,"NETCASH_FINANCE":1539777000,"END_CASH":760015000,"DIVI_RATIO":null,"DIVIDEND_RATE":null,"CURRENT_RATIO":2.59222314514,"COMMON_ACS":5000000000,"CURRENTDEBT_DEBT":8.389963101224,"ISSUED_COMMON_SHARES":700352669,"HK_COMMON_SHARES":700352669,"PER_SHARES":200,"TOTAL_MARKET_CAP":3319671651.06,"HKSK_MARKET_CAP":3319671651.06,"PE_TTM":-10.485602952328,"PB_TTM":2.890708566168,"REPORT_DATE_SQ":"2020-06-30 00:00:00","REPORT_TYPE_SQ":"2020年中报","OPERATE_INCOME_SQ":244998000,"DPS_HKD":null,"OPERATE_INCOME_QOQ_SQ":0,"NET_PROFIT_RATIO_SQ":-202.8657376795,"HOLDER_PROFIT_SQ":-497019000,"HOLDER_PROFIT_QOQ_SQ":0,"ROE_AVG_SQ":null,"PE_TTM_SQ":-0.437626330975,"PB_TTM_SQ":2.080176757351,"ROA_SQ":null,"START_DATE":"2021-04-01 00:00:00","FISCAL_YEAR":"3-31","CURRENCY":"HKD","IS_CNY_CODE":0,"DPS_HKD_LY":null,"ORG_TYPE":"一般企业","PREMIUM_INCOME":null,"PREMIUM_INCOME_YOY":null,"NET_INTEREST_INCOME":null,"NET_INTEREST_INCOME_YOY":null,"FEE_COMMISSION_INCOME":null,"FEE_COMMISSION_INCOME_YOY":null,"ACCOUNTS_RECE_TDAYS":21.193888267778,"INVENTORY_TDAYS":null,"CURRENT_ASSETS_TDAYS":0.333123172184,"TOTAL_ASSETS_TDAYS":0.239669111196,"PREMIUM_EXPENSE":null,"LOAN_DEPOSIT":null,"LOAN_EQUITY":null,"LOAN_ASSETS":null,"DEPOSIT_EQUITY":null,"DEPOSIT_ASSETS":null,"EQUITY_MULTIPLIER":-0.471123399153,"EQUITY_RATIO":-1.471123399153},{"SECUCODE":"09669.HK","SECURITY_CODE":"09669","SECURITY_NAME_ABBR":"北森控股","ORG_CODE":"10000281843","STD_REPORT_DATE":"2020-12-31 00:00:00","REPORT_DATE":"2021-03-31 00:00:00","DATE_TYPE_CODE":"001","REPORT_TYPE":"2020年年报","PER_NETCASH_OPERATE":0.168650224067,"PER_OI":2.437194410067,"BPS":-5.059275357741,"BASIC_EPS":-43.37,"DILUTED_EPS":-43.37,"OPERATE_INCOME":556327000,"OPERATE_INCOME_YOY":21.3265232686,"GROSS_PROFIT":369597000,"GROSS_PROFIT_YOY":34.720769256004,"HOLDER_PROFIT":-940142000,"HOLDER_PROFIT_YOY":25.8098525417,"GROSS_PROFIT_RATIO":66.435208070074,"EPS_TTM":-5.9855208204,"OPERATE_INCOME_QOQ":0,"NET_PROFIT_RATIO":-168.9905397365,"ROE_AVG":29.463911454888,"GROSS_PROFIT_QOQ":0,"ROA":-157.948392277826,"HOLDER_PROFIT_QOQ":0,"ROE_YEARLY":29.463911454888,"ROIC_YEARLY":-320.43231378537,"TOTAL_ASSETS":592817000,"TOTAL_LIABILITIES":4136099000,"TAX_EBT":-1.808675839634,"OCF_SALES":6.91985109477,"TOTAL_PARENT_EQUITY":-3543277000,"DEBT_ASSET_RATIO":697.7024950364,"OPERATE_PROFIT":-141105000,"PRETAX_PROFIT":-923438000,"NETCASH_OPERATE":38497000,"NETCASH_INVEST":21912000,"NETCASH_FINANCE":-29165000,"END_CASH":215074000,"DIVI_RATIO":null,"DIVIDEND_RATE":null,"CURRENT_RATIO":0.123767268116,"COMMON_ACS":5000000000,"CURRENTDEBT_DEBT":99.213993668914,"ISSUED_COMMON_SHARES":700352669,"HK_COMMON_SHARES":700352669,"PER_SHARES":200,"TOTAL_MARKET_CAP":3319671651.06,"HKSK_MARKET_CAP":3319671651.06,"PE_TTM":-10.485602952328,"PB_TTM":2.890708566168,"REPORT_DATE_SQ":"2019-12-31 00:00:00","REPORT_TYPE_SQ":"2019年年报","OPERATE_INCOME_SQ":458537000,"DPS_HKD":null,"OPERATE_INCOME_QOQ_SQ":0,"NET_PROFIT_RATIO_SQ":-276.2594948717,"HOLDER_PROFIT_SQ":-1267206000,"HOLDER_PROFIT_QOQ_SQ":0,"ROE_AVG_SQ":57.85133437041,"PE_TTM_SQ":-0.437626330975,"PB_TTM_SQ":2.080176757351,"ROA_SQ":-191.626656424045,"START_DATE":"2020-04-01 00:00:00","FISCAL_YEAR":"3-31","CURRENCY":"HKD","IS_CNY_CODE":0,"DPS_HKD_LY":null,"ORG_TYPE":"一般企业","PREMIUM_INCOME":null,"PREMIUM_INCOME_YOY":null,"NET_INTEREST_INCOME":null,"NET_INTEREST_INCOME_YOY":null,"FEE_COMMISSION_INCOME":null,"FEE_COMMISSION_INCOME_YOY":null,"ACCOUNTS_RECE_TDAYS":43.324273810451,"INVENTORY_TDAYS":null,"CURRENT_ASSETS_TDAYS":1.100124680019,"TOTAL_ASSETS_TDAYS":0.934656203326,"PREMIUM_EXPENSE":null,"LOAN_DEPOSIT":null,"LOAN_EQUITY":null,"LOAN_ASSETS":null,"DEPOSIT_EQUITY":null,"DEPOSIT_ASSETS":null,"EQUITY_MULTIPLIER":-0.167307315647,"EQUITY_RATIO":-1.167308962861},{"SECUCODE":"09669.HK","SECURITY_CODE":"09669","SECURITY_NAME_ABBR":"北森控股","ORG_CODE":"10000281843","STD_REPORT_DATE":"2020-06-30 00:00:00","REPORT_DATE":"2020-09-30 00:00:00","DATE_TYPE_CODE":"002","REPORT_TYPE":"2020年中报","PER_NETCASH_OPERATE":null,"PER_OI":null,"BPS":null,"BASIC_EPS":-22.93,"DILUTED_EPS":-22.93,"OPERATE_INCOME":244998000,"OPERATE_INCOME_YOY":null,"GROSS_PROFIT":165757000,"GROSS_PROFIT_YOY":null,"HOLDER_PROFIT":-497019000,"HOLDER_PROFIT_YOY":null,"GROSS_PROFIT_RATIO":67.656470665067,"EPS_TTM":-5.9855208204,"OPERATE_INCOME_QOQ":0,"NET_PROFIT_RATIO":-202.8657376795,"ROE_AVG":null,"GROSS_PROFIT_QOQ":0,"ROA":null,"HOLDER_PROFIT_QOQ":0,"ROE_YEARLY":null,"ROIC_YEARLY":null,"TOTAL_ASSETS":null,"TOTAL_LIABILITIES":null,"TAX_EBT":-1.68542429196,"OCF_SALES":-17.366264214402,"TOTAL_PARENT_EQUITY":null,"DEBT_ASSET_RATIO":null,"OPERATE_PROFIT":null,"PRETAX_PROFIT":-488779000,"NETCASH_OPERATE":-42547000,"NETCASH_INVEST":49915000,"NETCASH_FINANCE":-14570000,"END_CASH":179228000,"DIVI_RATIO":null,"DIVIDEND_RATE":null,"CURRENT_RATIO":null,"COMMON_ACS":5000000000,"CURRENTDEBT_DEBT":null,"ISSUED_COMMON_SHARES":700352669,"HK_COMMON_SHARES":700352669,"PER_SHARES":200,"TOTAL_MARKET_CAP":3319671651.06,"HKSK_MARKET_CAP":3319671651.06,"PE_TTM":-10.485602952328,"PB_TTM":2.890708566168,"REPORT_DATE_SQ":"2019-06-30 00:00:00","REPORT_TYPE_SQ":"2019年中报","OPERATE_INCOME_SQ":null,"DPS_HKD":null,"OPERATE_INCOME_QOQ_SQ":0,"NET_PROFIT_RATIO_SQ":null,"HOLDER_PROFIT_SQ":null,"HOLDER_PROFIT_QOQ_SQ":0,"ROE_AVG_SQ":null,"PE_TTM_SQ":-0.437626330975,"PB_TTM_SQ":2.080176757351,"ROA_SQ":null,"START_DATE":"2020-04-01 00:00:00","FISCAL_YEAR":"3-31","CURRENCY":"HKD","IS_CNY_CODE":0,"DPS_HKD_LY":null,"ORG_TYPE":"一般企业","PREMIUM_INCOME":null,"PREMIUM_INCOME_YOY":null,"NET_INTEREST_INCOME":null,"NET_INTEREST_INCOME_YOY":null,"FEE_COMMISSION_INCOME":null,"FEE_COMMISSION_INCOME_YOY":null,"ACCOUNTS_RECE_TDAYS":null,"INVENTORY_TDAYS":null,"CURRENT_ASSETS_TDAYS":0.973181674641,"TOTAL_ASSETS_TDAYS":0.819905459109,"PREMIUM_EXPENSE":null,"LOAN_DEPOSIT":null,"LOAN_EQUITY":null,"LOAN_ASSETS":null,"DEPOSIT_EQUITY":null,"DEPOSIT_ASSETS":null,"EQUITY_MULTIPLIER":null,"EQUITY_RATIO":null}],"count":11},"success":true,"message":"ok","code":0}