{"version":"0ecd1d066313dbaa27d18007baf109d3","result":{"pages":2,"data":[{"SECUCODE":"09666.HK","SECURITY_CODE":"09666","SECURITY_NAME_ABBR":"金科服务","ORG_CODE":"10597135","STD_REPORT_DATE":"2024-06-30 00:00:00","REPORT_DATE":"2024-06-30 00:00:00","DATE_TYPE_CODE":"002","REPORT_TYPE":"2024年中报","PER_NETCASH_OPERATE":-0.517705454073,"PER_OI":3.863530600641,"BPS":6.461855667341,"BASIC_EPS":-0.32,"DILUTED_EPS":-0.32,"OPERATE_INCOME":2410155000,"OPERATE_INCOME_YOY":-2.218642095,"GROSS_PROFIT":464208000,"GROSS_PROFIT_YOY":-17.622339896932,"HOLDER_PROFIT":-194430000,"HOLDER_PROFIT_YOY":-202.6129544699,"GROSS_PROFIT_RATIO":19.260503992482,"EPS_TTM":-2.139948918113,"OPERATE_INCOME_QOQ":-1.098169563437,"NET_PROFIT_RATIO":-7.8957992328,"ROE_AVG":-4.899804504277,"GROSS_PROFIT_QOQ":-10.698821453236,"ROA":-2.635713738144,"HOLDER_PROFIT_QOQ":-40.367367024241,"ROE_YEARLY":-9.799609008554,"ROIC_YEARLY":-7.975446470461,"TOTAL_ASSETS":7096172000,"TOTAL_LIABILITIES":3228461000,"TAX_EBT":-3.062617115995,"OCF_SALES":-13.399802087418,"TOTAL_PARENT_EQUITY":3858301000,"DEBT_ASSET_RATIO":45.4958109809,"OPERATE_PROFIT":-189085000,"PRETAX_PROFIT":-184646000,"NETCASH_OPERATE":-322956000,"NETCASH_INVEST":-720055000,"NETCASH_FINANCE":-77500000,"END_CASH":1785129000,"DIVI_RATIO":null,"DIVIDEND_RATE":null,"CURRENT_RATIO":1.568921423465,"COMMON_ACS":null,"CURRENTDEBT_DEBT":94.409410551963,"ISSUED_COMMON_SHARES":597088700,"HK_COMMON_SHARES":597088700,"PER_SHARES":100,"TOTAL_MARKET_CAP":4287096866,"HKSK_MARKET_CAP":4287096866,"PE_TTM":-2.920363590639,"PB_TTM":1.014111539681,"REPORT_DATE_SQ":"2023-06-30 00:00:00","REPORT_TYPE_SQ":"2023年中报","OPERATE_INCOME_SQ":2464841000,"DPS_HKD":null,"OPERATE_INCOME_QOQ_SQ":-2.006569752724,"NET_PROFIT_RATIO_SQ":8.7666506683,"HOLDER_PROFIT_SQ":189479000,"HOLDER_PROFIT_QOQ_SQ":-9.224627380681,"ROE_AVG_SQ":3.508368803571,"PE_TTM_SQ":-2.672286249771,"PB_TTM_SQ":1.011680175068,"ROA_SQ":2.233794968653,"START_DATE":"2024-01-01 00:00:00","FISCAL_YEAR":"12-31","CURRENCY":"HKD","IS_CNY_CODE":0,"DPS_HKD_LY":null,"ORG_TYPE":"一般企业","PREMIUM_INCOME":null,"PREMIUM_INCOME_YOY":null,"NET_INTEREST_INCOME":null,"NET_INTEREST_INCOME_YOY":null,"FEE_COMMISSION_INCOME":null,"FEE_COMMISSION_INCOME_YOY":null,"ACCOUNTS_RECE_TDAYS":1.182109989487,"INVENTORY_TDAYS":68.875765405444,"CURRENT_ASSETS_TDAYS":0.461319507143,"TOTAL_ASSETS_TDAYS":0.326723172584,"PREMIUM_EXPENSE":null,"LOAN_DEPOSIT":null,"LOAN_EQUITY":null,"LOAN_ASSETS":null,"DEPOSIT_EQUITY":null,"DEPOSIT_ASSETS":null,"EQUITY_MULTIPLIER":1.834721363618,"EQUITY_RATIO":0.836757163321},{"SECUCODE":"09666.HK","SECURITY_CODE":"09666","SECURITY_NAME_ABBR":"金科服务","ORG_CODE":"10597135","STD_REPORT_DATE":"2023-12-31 00:00:00","REPORT_DATE":"2023-12-31 00:00:00","DATE_TYPE_CODE":"001","REPORT_TYPE":"2023年年报","PER_NETCASH_OPERATE":0.705442914397,"PER_OI":7.787183349698,"BPS":6.829695487454,"BASIC_EPS":-1.49,"DILUTED_EPS":-1.49,"OPERATE_INCOME":4979741000,"OPERATE_INCOME_YOY":-0.5058481828,"GROSS_PROFIT":928177000,"GROSS_PROFIT_YOY":-1.592977962303,"HOLDER_PROFIT":-951038000,"HOLDER_PROFIT_YOY":47.7033562546,"GROSS_PROFIT_RATIO":18.6390617504,"EPS_TTM":-1.487207322335,"OPERATE_INCOME_QOQ":1.531451206605,"NET_PROFIT_RATIO":-19.7130935123,"ROE_AVG":-20.224702136173,"GROSS_PROFIT_QOQ":12.084322538419,"ROA":-11.8775183298,"HOLDER_PROFIT_QOQ":52.120098736394,"ROE_YEARLY":-20.224702136173,"ROIC_YEARLY":-19.318531988362,"TOTAL_ASSETS":7657327000,"TOTAL_LIABILITIES":3560080000,"TAX_EBT":12.316074833973,"OCF_SALES":9.059025358949,"TOTAL_PARENT_EQUITY":4077934000,"DEBT_ASSET_RATIO":46.4924640152,"OPERATE_PROFIT":-1163952000,"PRETAX_PROFIT":-1119545000,"NETCASH_OPERATE":451116000,"NETCASH_INVEST":-269673000,"NETCASH_FINANCE":-343175000,"END_CASH":2905545000,"DIVI_RATIO":null,"DIVIDEND_RATE":null,"CURRENT_RATIO":1.680185590442,"COMMON_ACS":null,"CURRENTDEBT_DEBT":94.739528325206,"ISSUED_COMMON_SHARES":597088700,"HK_COMMON_SHARES":597088700,"PER_SHARES":100,"TOTAL_MARKET_CAP":4251271544,"HKSK_MARKET_CAP":4251271544,"PE_TTM":-2.895959438071,"PB_TTM":1.00563706999,"REPORT_DATE_SQ":"2022-12-31 00:00:00","REPORT_TYPE_SQ":"2022年年报","OPERATE_INCOME_SQ":5005059000,"DPS_HKD":null,"OPERATE_INCOME_QOQ_SQ":-15.817849802986,"NET_PROFIT_RATIO_SQ":-36.7615047095,"HOLDER_PROFIT_SQ":-1818545000,"HOLDER_PROFIT_QOQ_SQ":-304.306565734868,"ROE_AVG_SQ":-28.012549188265,"PE_TTM_SQ":-2.676776132733,"PB_TTM_SQ":1.013379965119,"ROA_SQ":-19.350081069354,"START_DATE":"2023-01-01 00:00:00","FISCAL_YEAR":"12-31","CURRENCY":"HKD","IS_CNY_CODE":0,"DPS_HKD_LY":null,"ORG_TYPE":"一般企业","PREMIUM_INCOME":null,"PREMIUM_INCOME_YOY":null,"NET_INTEREST_INCOME":null,"NET_INTEREST_INCOME_YOY":null,"FEE_COMMISSION_INCOME":null,"FEE_COMMISSION_INCOME_YOY":null,"ACCOUNTS_RECE_TDAYS":2.22182458318,"INVENTORY_TDAYS":138.735562518191,"CURRENT_ASSETS_TDAYS":0.828776034678,"TOTAL_ASSETS_TDAYS":0.62192010209,"PREMIUM_EXPENSE":null,"LOAN_DEPOSIT":null,"LOAN_EQUITY":null,"LOAN_ASSETS":null,"DEPOSIT_EQUITY":null,"DEPOSIT_ASSETS":null,"EQUITY_MULTIPLIER":1.868895626747,"EQUITY_RATIO":0.873010696102},{"SECUCODE":"09666.HK","SECURITY_CODE":"09666","SECURITY_NAME_ABBR":"金科服务","ORG_CODE":"10597135","STD_REPORT_DATE":"2023-06-30 00:00:00","REPORT_DATE":"2023-06-30 00:00:00","DATE_TYPE_CODE":"002","REPORT_TYPE":"2023年中报","PER_NETCASH_OPERATE":-0.10537373983,"PER_OI":3.784544642313,"BPS":9.169091627425,"BASIC_EPS":0.29,"DILUTED_EPS":0.29,"OPERATE_INCOME":2464841000,"OPERATE_INCOME_YOY":-3.91498598,"GROSS_PROFIT":563512000,"GROSS_PROFIT_YOY":-16.960601702308,"HOLDER_PROFIT":189479000,"HOLDER_PROFIT_YOY":-46.9592674809,"GROSS_PROFIT_RATIO":22.862002052059,"EPS_TTM":-3.049785863868,"OPERATE_INCOME_QOQ":-2.006569752724,"NET_PROFIT_RATIO":8.7666506683,"ROE_AVG":3.508368803571,"GROSS_PROFIT_QOQ":-12.202688289465,"ROA":2.233794968653,"HOLDER_PROFIT_QOQ":-9.224627380681,"ROE_YEARLY":7.016737607142,"ROIC_YEARLY":6.970358438448,"TOTAL_ASSETS":8608003000,"TOTAL_LIABILITIES":3036732000,"TAX_EBT":18.842299776152,"OCF_SALES":-2.784317527987,"TOTAL_PARENT_EQUITY":5474761000,"DEBT_ASSET_RATIO":35.2780081513,"OPERATE_PROFIT":239244000,"PRETAX_PROFIT":266252000,"NETCASH_OPERATE":-68629000,"NETCASH_INVEST":-89612000,"NETCASH_FINANCE":-60291000,"END_CASH":2851471000,"DIVI_RATIO":null,"DIVIDEND_RATE":null,"CURRENT_RATIO":2.488271882683,"COMMON_ACS":null,"CURRENTDEBT_DEBT":91.483542176261,"ISSUED_COMMON_SHARES":597088700,"HK_COMMON_SHARES":597088700,"PER_SHARES":100,"TOTAL_MARKET_CAP":4251271544,"HKSK_MARKET_CAP":4251271544,"PE_TTM":-2.895959438071,"PB_TTM":1.00563706999,"REPORT_DATE_SQ":"2022-06-30 00:00:00","REPORT_TYPE_SQ":"2022年中报","OPERATE_INCOME_SQ":2565271000,"DPS_HKD":null,"OPERATE_INCOME_QOQ_SQ":-0.384304261342,"NET_PROFIT_RATIO_SQ":14.513476354,"HOLDER_PROFIT_SQ":357233000,"HOLDER_PROFIT_QOQ_SQ":-15.803901315005,"ROE_AVG_SQ":4.709521107569,"PE_TTM_SQ":-2.676776132733,"PB_TTM_SQ":1.013379965119,"ROA_SQ":3.426854706101,"START_DATE":"2023-01-01 00:00:00","FISCAL_YEAR":"12-31","CURRENCY":"HKD","IS_CNY_CODE":0,"DPS_HKD_LY":null,"ORG_TYPE":"一般企业","PREMIUM_INCOME":null,"PREMIUM_INCOME_YOY":null,"NET_INTEREST_INCOME":null,"NET_INTEREST_INCOME_YOY":null,"FEE_COMMISSION_INCOME":null,"FEE_COMMISSION_INCOME_YOY":null,"ACCOUNTS_RECE_TDAYS":0.99309102498,"INVENTORY_TDAYS":55.536767390574,"CURRENT_ASSETS_TDAYS":0.371690861432,"TOTAL_ASSETS_TDAYS":0.290583622688,"PREMIUM_EXPENSE":null,"LOAN_DEPOSIT":null,"LOAN_EQUITY":null,"LOAN_ASSETS":null,"DEPOSIT_EQUITY":null,"DEPOSIT_ASSETS":null,"EQUITY_MULTIPLIER":1.545069877234,"EQUITY_RATIO":0.554678459936},{"SECUCODE":"09666.HK","SECURITY_CODE":"09666","SECURITY_NAME_ABBR":"金科服务","ORG_CODE":"10597135","STD_REPORT_DATE":"2022-12-31 00:00:00","REPORT_DATE":"2022-12-31 00:00:00","DATE_TYPE_CODE":"001","REPORT_TYPE":"2022年年报","PER_NETCASH_OPERATE":0.602492371503,"PER_OI":7.666498531588,"BPS":8.92125910271,"BASIC_EPS":-2.8,"DILUTED_EPS":-2.8,"OPERATE_INCOME":5005059000,"OPERATE_INCOME_YOY":-16.1413653935,"GROSS_PROFIT":943202000,"GROSS_PROFIT_YOY":-48.917643414279,"HOLDER_PROFIT":-1818545000,"HOLDER_PROFIT_YOY":-272.0181577061,"GROSS_PROFIT_RATIO":18.844972656666,"EPS_TTM":-2.785556088775,"OPERATE_INCOME_QOQ":-15.817849802986,"NET_PROFIT_RATIO":-36.7615047095,"ROE_AVG":-28.012549188265,"GROSS_PROFIT_QOQ":-43.978171014705,"ROA":-19.350081069354,"HOLDER_PROFIT_QOQ":-304.306565734868,"ROE_YEARLY":-28.012549188265,"ROIC_YEARLY":-34.930136653455,"TOTAL_ASSETS":8356759000,"TOTAL_LIABILITIES":2956394000,"TAX_EBT":8.067281138687,"OCF_SALES":7.858768498034,"TOTAL_PARENT_EQUITY":5326783000,"DEBT_ASSET_RATIO":35.3772796368,"OPERATE_PROFIT":-2034829000,"PRETAX_PROFIT":-2001393000,"NETCASH_OPERATE":393336000,"NETCASH_INVEST":-1755324000,"NETCASH_FINANCE":-518382000,"END_CASH":3069784000,"DIVI_RATIO":null,"DIVIDEND_RATE":null,"CURRENT_RATIO":2.297453690304,"COMMON_ACS":null,"CURRENTDEBT_DEBT":93.49227471034,"ISSUED_COMMON_SHARES":597088700,"HK_COMMON_SHARES":597088700,"PER_SHARES":100,"TOTAL_MARKET_CAP":4251271544,"HKSK_MARKET_CAP":4251271544,"PE_TTM":-2.895959438071,"PB_TTM":1.00563706999,"REPORT_DATE_SQ":"2021-12-31 00:00:00","REPORT_TYPE_SQ":"2021年年报","OPERATE_INCOME_SQ":5968448000,"DPS_HKD":null,"OPERATE_INCOME_QOQ_SQ":30.455598590626,"NET_PROFIT_RATIO_SQ":18.0420437608,"HOLDER_PROFIT_SQ":1057182000,"HOLDER_PROFIT_QOQ_SQ":23.842413351592,"ROE_AVG_SQ":14.23302231837,"PE_TTM_SQ":-2.676776132733,"PB_TTM_SQ":1.013379965119,"ROA_SQ":11.133073880134,"START_DATE":"2022-01-01 00:00:00","FISCAL_YEAR":"12-31","CURRENCY":"HKD","IS_CNY_CODE":0,"DPS_HKD_LY":0.764116,"ORG_TYPE":"一般企业","PREMIUM_INCOME":null,"PREMIUM_INCOME_YOY":null,"NET_INTEREST_INCOME":null,"NET_INTEREST_INCOME_YOY":null,"FEE_COMMISSION_INCOME":null,"FEE_COMMISSION_INCOME_YOY":null,"ACCOUNTS_RECE_TDAYS":1.51691093292,"INVENTORY_TDAYS":153.797050415554,"CURRENT_ASSETS_TDAYS":0.633305304157,"TOTAL_ASSETS_TDAYS":0.532559257026,"PREMIUM_EXPENSE":null,"LOAN_DEPOSIT":null,"LOAN_EQUITY":null,"LOAN_ASSETS":null,"DEPOSIT_EQUITY":null,"DEPOSIT_ASSETS":null,"EQUITY_MULTIPLIER":1.547443367255,"EQUITY_RATIO":0.555005525849},{"SECUCODE":"09666.HK","SECURITY_CODE":"09666","SECURITY_NAME_ABBR":"金科服务","ORG_CODE":"10597135","STD_REPORT_DATE":"2022-06-30 00:00:00","REPORT_DATE":"2022-06-30 00:00:00","DATE_TYPE_CODE":"002","REPORT_TYPE":"2022年中报","PER_NETCASH_OPERATE":-0.470610238431,"PER_OI":3.929353551002,"BPS":12.583837208777,"BASIC_EPS":0.55,"DILUTED_EPS":0.55,"OPERATE_INCOME":2565271000,"OPERATE_INCOME_YOY":-0.8862116182,"GROSS_PROFIT":678608000,"GROSS_PROFIT_YOY":-19.34861642792,"HOLDER_PROFIT":357233000,"HOLDER_PROFIT_YOY":-31.8659416489,"GROSS_PROFIT_RATIO":26.45365733289,"EPS_TTM":1.363419760278,"OPERATE_INCOME_QOQ":-0.384304261342,"NET_PROFIT_RATIO":14.513476354,"ROE_AVG":4.709521107569,"GROSS_PROFIT_QOQ":-8.817049512736,"ROA":3.426854706101,"HOLDER_PROFIT_QOQ":-15.803901315005,"ROE_YEARLY":9.419042215137,"ROIC_YEARLY":12.355867651897,"TOTAL_ASSETS":10409538000,"TOTAL_LIABILITIES":2788298000,"TAX_EBT":12.275658621754,"OCF_SALES":-11.976785298707,"TOTAL_PARENT_EQUITY":7513667000,"DEBT_ASSET_RATIO":26.7859918471,"OPERATE_PROFIT":411927000,"PRETAX_PROFIT":424409000,"NETCASH_OPERATE":-307237000,"NETCASH_INVEST":-235258000,"NETCASH_FINANCE":-471030000,"END_CASH":3936237000,"DIVI_RATIO":null,"DIVIDEND_RATE":null,"CURRENT_RATIO":3.537192985822,"COMMON_ACS":null,"CURRENTDEBT_DEBT":89.740981774545,"ISSUED_COMMON_SHARES":597088700,"HK_COMMON_SHARES":597088700,"PER_SHARES":100,"TOTAL_MARKET_CAP":4251271544,"HKSK_MARKET_CAP":4251271544,"PE_TTM":-2.895959438071,"PB_TTM":1.00563706999,"REPORT_DATE_SQ":"2021-06-30 00:00:00","REPORT_TYPE_SQ":"2021年中报","OPERATE_INCOME_SQ":2588208000,"DPS_HKD":null,"OPERATE_INCOME_QOQ_SQ":36.205902807549,"NET_PROFIT_RATIO_SQ":20.9518745117,"HOLDER_PROFIT_SQ":524309000,"HOLDER_PROFIT_QOQ_SQ":38.22203583584,"ROE_AVG_SQ":7.249818468206,"PE_TTM_SQ":-2.676776132733,"PB_TTM_SQ":1.013379965119,"ROA_SQ":5.841972672633,"START_DATE":"2022-01-01 00:00:00","FISCAL_YEAR":"12-31","CURRENCY":"HKD","IS_CNY_CODE":0,"DPS_HKD_LY":0.764116,"ORG_TYPE":"一般企业","PREMIUM_INCOME":null,"PREMIUM_INCOME_YOY":null,"NET_INTEREST_INCOME":null,"NET_INTEREST_INCOME_YOY":null,"FEE_COMMISSION_INCOME":null,"FEE_COMMISSION_INCOME_YOY":null,"ACCOUNTS_RECE_TDAYS":0.565798439774,"INVENTORY_TDAYS":71.589246414207,"CURRENT_ASSETS_TDAYS":0.280251603301,"TOTAL_ASSETS_TDAYS":0.246080597223,"PREMIUM_EXPENSE":null,"LOAN_DEPOSIT":null,"LOAN_EQUITY":null,"LOAN_ASSETS":null,"DEPOSIT_EQUITY":null,"DEPOSIT_ASSETS":null,"EQUITY_MULTIPLIER":1.36585883662,"EQUITY_RATIO":0.371096829285},{"SECUCODE":"09666.HK","SECURITY_CODE":"09666","SECURITY_NAME_ABBR":"金科服务","ORG_CODE":"10597135","STD_REPORT_DATE":"2021-12-31 00:00:00","REPORT_DATE":"2021-12-31 00:00:00","DATE_TYPE_CODE":"001","REPORT_TYPE":"2021年年报","PER_NETCASH_OPERATE":0.682063714362,"PER_OI":9.142169518453,"BPS":12.823898693779,"BASIC_EPS":1.62,"DILUTED_EPS":1.62,"OPERATE_INCOME":5968448000,"OPERATE_INCOME_YOY":77.0066414028,"GROSS_PROFIT":1846434000,"GROSS_PROFIT_YOY":82.944032878591,"HOLDER_PROFIT":1057182000,"HOLDER_PROFIT_YOY":71.4490055399,"GROSS_PROFIT_RATIO":30.936585189316,"EPS_TTM":1.619338403528,"OPERATE_INCOME_QOQ":30.455598590626,"NET_PROFIT_RATIO":18.0420437608,"ROE_AVG":14.23302231837,"GROSS_PROFIT_QOQ":31.459865395665,"ROA":11.133073880134,"HOLDER_PROFIT_QOQ":23.842413351592,"ROE_YEARLY":14.23302231837,"ROIC_YEARLY":30.764811928988,"TOTAL_ASSETS":10439493000,"TOTAL_LIABILITIES":2709517000,"TAX_EBT":18.474652364798,"OCF_SALES":7.460632981975,"TOTAL_PARENT_EQUITY":7657005000,"DEBT_ASSET_RATIO":25.9544884028,"OPERATE_PROFIT":1291611000,"PRETAX_PROFIT":1320853000,"NETCASH_OPERATE":445284000,"NETCASH_INVEST":-1298606000,"NETCASH_FINANCE":-990245000,"END_CASH":4922276000,"DIVI_RATIO":null,"DIVIDEND_RATE":null,"CURRENT_RATIO":3.757941125508,"COMMON_ACS":null,"CURRENTDEBT_DEBT":92.867769421635,"ISSUED_COMMON_SHARES":597088700,"HK_COMMON_SHARES":597088700,"PER_SHARES":100,"TOTAL_MARKET_CAP":4251271544,"HKSK_MARKET_CAP":4251271544,"PE_TTM":-2.895959438071,"PB_TTM":1.00563706999,"REPORT_DATE_SQ":"2020-12-31 00:00:00","REPORT_TYPE_SQ":"2020年年报","OPERATE_INCOME_SQ":3371878000,"DPS_HKD":null,"OPERATE_INCOME_QOQ_SQ":24.777169297841,"NET_PROFIT_RATIO_SQ":18.8510138901,"HOLDER_PROFIT_SQ":616616000,"HOLDER_PROFIT_QOQ_SQ":22.125108264486,"ROE_AVG_SQ":16.04796350508,"PE_TTM_SQ":-2.676776132733,"PB_TTM_SQ":1.013379965119,"ROA_SQ":9.767315486723,"START_DATE":"2021-01-01 00:00:00","FISCAL_YEAR":"12-31","CURRENCY":"HKD","IS_CNY_CODE":0,"DPS_HKD_LY":0.603251,"ORG_TYPE":"一般企业","PREMIUM_INCOME":null,"PREMIUM_INCOME_YOY":null,"NET_INTEREST_INCOME":null,"NET_INTEREST_INCOME_YOY":null,"FEE_COMMISSION_INCOME":null,"FEE_COMMISSION_INCOME_YOY":null,"ACCOUNTS_RECE_TDAYS":2.060961624723,"INVENTORY_TDAYS":210.731525267759,"CURRENT_ASSETS_TDAYS":0.665080310665,"TOTAL_ASSETS_TDAYS":0.628531062142,"PREMIUM_EXPENSE":null,"LOAN_DEPOSIT":null,"LOAN_EQUITY":null,"LOAN_ASSETS":null,"DEPOSIT_EQUITY":null,"DEPOSIT_ASSETS":null,"EQUITY_MULTIPLIER":1.35052075194,"EQUITY_RATIO":0.353861202912},{"SECUCODE":"09666.HK","SECURITY_CODE":"09666","SECURITY_NAME_ABBR":"金科服务","ORG_CODE":"10597135","STD_REPORT_DATE":"2021-06-30 00:00:00","REPORT_DATE":"2021-06-30 00:00:00","DATE_TYPE_CODE":"002","REPORT_TYPE":"2021年中报","PER_NETCASH_OPERATE":1.031259798413,"PER_OI":3.964487298041,"BPS":12.422879548717,"BASIC_EPS":0.8,"DILUTED_EPS":0.8,"OPERATE_INCOME":2588208000,"OPERATE_INCOME_YOY":88.7947173051,"GROSS_PROFIT":841409000,"GROSS_PROFIT_YOY":94.305527972399,"HOLDER_PROFIT":524309000,"HOLDER_PROFIT_YOY":80.3581884285,"GROSS_PROFIT_RATIO":32.495185130756,"EPS_TTM":1.307579818338,"OPERATE_INCOME_QOQ":36.205902807549,"NET_PROFIT_RATIO":20.9518745117,"ROE_AVG":7.249818468206,"GROSS_PROFIT_QOQ":40.82873282706,"ROA":5.841972672633,"HOLDER_PROFIT_QOQ":38.22203583584,"ROE_YEARLY":14.499636936413,"ROIC_YEARLY":50.127657762713,"TOTAL_ASSETS":9585911000,"TOTAL_LIABILITIES":2110805000,"TAX_EBT":18.121076924721,"OCF_SALES":26.037265927742,"TOTAL_PARENT_EQUITY":7417561000,"DEBT_ASSET_RATIO":22.0198685341,"OPERATE_PROFIT":637281000,"PRETAX_PROFIT":654939000,"NETCASH_OPERATE":678624000,"NETCASH_INVEST":-876686000,"NETCASH_FINANCE":-327935000,"END_CASH":6271038000,"DIVI_RATIO":null,"DIVIDEND_RATE":null,"CURRENT_RATIO":4.466245858281,"COMMON_ACS":null,"CURRENTDEBT_DEBT":98.929223684803,"ISSUED_COMMON_SHARES":597088700,"HK_COMMON_SHARES":597088700,"PER_SHARES":100,"TOTAL_MARKET_CAP":4251271544,"HKSK_MARKET_CAP":4251271544,"PE_TTM":-2.895959438071,"PB_TTM":1.00563706999,"REPORT_DATE_SQ":"2020-06-30 00:00:00","REPORT_TYPE_SQ":"2020年中报","OPERATE_INCOME_SQ":1369604000,"DPS_HKD":null,"OPERATE_INCOME_QOQ_SQ":15.650802502259,"NET_PROFIT_RATIO_SQ":22.0863110797,"HOLDER_PROFIT_SQ":293756000,"HOLDER_PROFIT_QOQ_SQ":35.076819522202,"ROE_AVG_SQ":33.81109107745,"PE_TTM_SQ":-2.676776132733,"PB_TTM_SQ":1.013379965119,"ROA_SQ":7.430050506871,"START_DATE":"2021-01-01 00:00:00","FISCAL_YEAR":"12-31","CURRENCY":"HKD","IS_CNY_CODE":0,"DPS_HKD_LY":0.603251,"ORG_TYPE":"一般企业","PREMIUM_INCOME":null,"PREMIUM_INCOME_YOY":null,"NET_INTEREST_INCOME":null,"NET_INTEREST_INCOME_YOY":null,"FEE_COMMISSION_INCOME":null,"FEE_COMMISSION_INCOME_YOY":null,"ACCOUNTS_RECE_TDAYS":1.377893350149,"INVENTORY_TDAYS":110.583103677658,"CURRENT_ASSETS_TDAYS":0.290231053771,"TOTAL_ASSETS_TDAYS":0.285116114903,"PREMIUM_EXPENSE":null,"LOAN_DEPOSIT":null,"LOAN_EQUITY":null,"LOAN_ASSETS":null,"DEPOSIT_EQUITY":null,"DEPOSIT_ASSETS":null,"EQUITY_MULTIPLIER":1.282377935509,"EQUITY_RATIO":0.284568606851},{"SECUCODE":"09666.HK","SECURITY_CODE":"09666","SECURITY_NAME_ABBR":"金科服务","ORG_CODE":"10597135","STD_REPORT_DATE":"2020-12-31 00:00:00","REPORT_DATE":"2020-12-31 00:00:00","DATE_TYPE_CODE":"001","REPORT_TYPE":"2020年年报","PER_NETCASH_OPERATE":0.173749452591,"PER_OI":5.164873727901,"BPS":12.082211570911,"BASIC_EPS":1.24,"DILUTED_EPS":1.24,"OPERATE_INCOME":3371878000,"OPERATE_INCOME_YOY":44.3057976326,"GROSS_PROFIT":1009289000,"GROSS_PROFIT_YOY":58.773624382156,"HOLDER_PROFIT":616616000,"HOLDER_PROFIT_YOY":68.5333959154,"GROSS_PROFIT_RATIO":29.692486686292,"EPS_TTM":0.945999536492,"OPERATE_INCOME_QOQ":24.777169297841,"NET_PROFIT_RATIO":18.8510138901,"ROE_AVG":16.04796350508,"GROSS_PROFIT_QOQ":26.060644362147,"ROA":9.767315486723,"HOLDER_PROFIT_QOQ":22.125108264486,"ROE_YEARLY":16.04796350508,"ROIC_YEARLY":22.822956658503,"TOTAL_ASSETS":8624563000,"TOTAL_LIABILITIES":1387916000,"TAX_EBT":17.466005576965,"OCF_SALES":3.377013728124,"TOTAL_PARENT_EQUITY":7198336000,"DEBT_ASSET_RATIO":15.1981182013,"OPERATE_PROFIT":758447000,"PRETAX_PROFIT":766008000,"NETCASH_OPERATE":132139000,"NETCASH_INVEST":2229245000,"NETCASH_FINANCE":4200702000,"END_CASH":6856275000,"DIVI_RATIO":null,"DIVIDEND_RATE":null,"CURRENT_RATIO":6.555458118184,"COMMON_ACS":null,"CURRENTDEBT_DEBT":96.679770245462,"ISSUED_COMMON_SHARES":597088700,"HK_COMMON_SHARES":597088700,"PER_SHARES":100,"TOTAL_MARKET_CAP":4251271544,"HKSK_MARKET_CAP":4251271544,"PE_TTM":-2.895959438071,"PB_TTM":1.00563706999,"REPORT_DATE_SQ":"2019-12-31 00:00:00","REPORT_TYPE_SQ":"2019年年报","OPERATE_INCOME_SQ":2327657000,"DPS_HKD":null,"OPERATE_INCOME_QOQ_SQ":52.744824744108,"NET_PROFIT_RATIO_SQ":16.0841567293,"HOLDER_PROFIT_SQ":366452000,"HOLDER_PROFIT_QOQ_SQ":128.385979039323,"ROE_AVG_SQ":93.812942429368,"PE_TTM_SQ":-2.676776132733,"PB_TTM_SQ":1.013379965119,"ROA_SQ":9.109752511463,"START_DATE":"2020-01-01 00:00:00","FISCAL_YEAR":"12-31","CURRENCY":"HKD","IS_CNY_CODE":0,"DPS_HKD_LY":null,"ORG_TYPE":"一般企业","PREMIUM_INCOME":null,"PREMIUM_INCOME_YOY":null,"NET_INTEREST_INCOME":null,"NET_INTEREST_INCOME_YOY":null,"FEE_COMMISSION_INCOME":null,"FEE_COMMISSION_INCOME_YOY":null,"ACCOUNTS_RECE_TDAYS":1.657142014641,"INVENTORY_TDAYS":213.902450070196,"CURRENT_ASSETS_TDAYS":0.589567069067,"TOTAL_ASSETS_TDAYS":0.531220603669,"PREMIUM_EXPENSE":null,"LOAN_DEPOSIT":null,"LOAN_EQUITY":null,"LOAN_ASSETS":null,"DEPOSIT_EQUITY":null,"DEPOSIT_ASSETS":null,"EQUITY_MULTIPLIER":1.179219114941,"EQUITY_RATIO":0.1928106718},{"SECUCODE":"09666.HK","SECURITY_CODE":"09666","SECURITY_NAME_ABBR":"金科服务","ORG_CODE":"10597135","STD_REPORT_DATE":"2020-06-30 00:00:00","REPORT_DATE":"2020-06-30 00:00:00","DATE_TYPE_CODE":"002","REPORT_TYPE":"2020年中报","PER_NETCASH_OPERATE":0.02134,"PER_OI":2.739208,"BPS":2.101749706534,"BASIC_EPS":0.64,"DILUTED_EPS":0.64,"OPERATE_INCOME":1369604000,"OPERATE_INCOME_YOY":36.2373881809,"GROSS_PROFIT":433034000,"GROSS_PROFIT_YOY":56.024673743073,"HOLDER_PROFIT":293756000,"HOLDER_PROFIT_YOY":80.8463745275,"GROSS_PROFIT_RATIO":31.61746022938,"EPS_TTM":1.011412,"OPERATE_INCOME_QOQ":15.650802502259,"NET_PROFIT_RATIO":22.0863110797,"ROE_AVG":33.81109107745,"GROSS_PROFIT_QOQ":24.460811920501,"ROA":7.430050506871,"HOLDER_PROFIT_QOQ":35.076819522202,"ROE_YEARLY":67.622182154899,"ROIC_YEARLY":17.606848159845,"TOTAL_ASSETS":3813348000,"TOTAL_LIABILITIES":2523540000,"TAX_EBT":16.997310942816,"OCF_SALES":0.779057304155,"TOTAL_PARENT_EQUITY":1254931000,"DEBT_ASSET_RATIO":66.1764937268,"OPERATE_PROFIT":363421000,"PRETAX_PROFIT":364440000,"NETCASH_OPERATE":10670000,"NETCASH_INVEST":424398000,"NETCASH_FINANCE":75027000,"END_CASH":843244000,"DIVI_RATIO":null,"DIVIDEND_RATE":null,"CURRENT_RATIO":1.494043225143,"COMMON_ACS":null,"CURRENTDEBT_DEBT":99.90247826466,"ISSUED_COMMON_SHARES":597088700,"HK_COMMON_SHARES":597088700,"PER_SHARES":100,"TOTAL_MARKET_CAP":4251271544,"HKSK_MARKET_CAP":4251271544,"PE_TTM":-2.895959438071,"PB_TTM":1.00563706999,"REPORT_DATE_SQ":"2019-06-30 00:00:00","REPORT_TYPE_SQ":"2019年中报","OPERATE_INCOME_SQ":1005307000,"DPS_HKD":null,"OPERATE_INCOME_QOQ_SQ":0,"NET_PROFIT_RATIO_SQ":16.4704911037,"HOLDER_PROFIT_SQ":162434000,"HOLDER_PROFIT_QOQ_SQ":0,"ROE_AVG_SQ":null,"PE_TTM_SQ":-2.676776132733,"PB_TTM_SQ":1.013379965119,"ROA_SQ":null,"START_DATE":"2020-01-01 00:00:00","FISCAL_YEAR":"12-31","CURRENCY":"HKD","IS_CNY_CODE":0,"DPS_HKD_LY":null,"ORG_TYPE":"一般企业","PREMIUM_INCOME":null,"PREMIUM_INCOME_YOY":null,"NET_INTEREST_INCOME":null,"NET_INTEREST_INCOME_YOY":null,"FEE_COMMISSION_INCOME":null,"FEE_COMMISSION_INCOME_YOY":null,"ACCOUNTS_RECE_TDAYS":0.513172680079,"INVENTORY_TDAYS":132.246540525275,"CURRENT_ASSETS_TDAYS":0.410728326917,"TOTAL_ASSETS_TDAYS":0.346417669577,"PREMIUM_EXPENSE":null,"LOAN_DEPOSIT":null,"LOAN_EQUITY":null,"LOAN_ASSETS":null,"DEPOSIT_EQUITY":null,"DEPOSIT_ASSETS":null,"EQUITY_MULTIPLIER":2.956523761679,"EQUITY_RATIO":2.010899404031}],"count":13},"success":true,"message":"ok","code":0}