{"version":"1b3a83835fbcd37088b5bbb6f0b03f9b","result":{"pages":2,"data":[{"SECUCODE":"09668.HK","SECURITY_CODE":"09668","SECURITY_NAME_ABBR":"渤海银行","ORG_CODE":"10068138","STD_REPORT_DATE":"2024-06-30 00:00:00","REPORT_DATE":"2024-06-30 00:00:00","DATE_TYPE_CODE":"002","REPORT_TYPE":"2024年中报","PER_NETCASH_OPERATE":-0.50141707015,"PER_OI":0.740059734264,"BPS":5.551670307398,"BASIC_EPS":0.21,"DILUTED_EPS":0.21,"OPERATE_INCOME":13144941000,"OPERATE_INCOME_YOY":0.4771174855,"GROSS_PROFIT":null,"GROSS_PROFIT_YOY":null,"HOLDER_PROFIT":3697109000,"HOLDER_PROFIT_YOY":-9.8008259922,"GROSS_PROFIT_RATIO":null,"EPS_TTM":0.263437901137,"OPERATE_INCOME_QOQ":0.249702268679,"NET_PROFIT_RATIO":28.1257177191,"ROE_AVG":3.173850911088,"GROSS_PROFIT_QOQ":null,"ROA":0.212432992525,"HOLDER_PROFIT_QOQ":-7.906448912723,"ROE_YEARLY":6.347701822176,"ROIC_YEARLY":0.447977875794,"TOTAL_ASSETS":1747995740000,"TOTAL_LIABILITIES":1629425368000,"TAX_EBT":10.141377934173,"OCF_SALES":-67.75359432956,"TOTAL_PARENT_EQUITY":118570372000,"DEBT_ASSET_RATIO":93.2167814093,"OPERATE_PROFIT":4114362000,"PRETAX_PROFIT":4114362000,"NETCASH_OPERATE":-8906170000,"NETCASH_INVEST":3522407000,"NETCASH_FINANCE":-4935552000,"END_CASH":56989715000,"DIVI_RATIO":null,"DIVIDEND_RATE":null,"CURRENT_RATIO":null,"COMMON_ACS":null,"CURRENTDEBT_DEBT":null,"ISSUED_COMMON_SHARES":17762000000,"HK_COMMON_SHARES":6200555000,"PER_SHARES":500,"TOTAL_MARKET_CAP":15630560000,"HKSK_MARKET_CAP":5456488400,"PE_TTM":2.999044557062,"PB_TTM":0.144669685974,"REPORT_DATE_SQ":"2023-06-30 00:00:00","REPORT_TYPE_SQ":"2023年中报","OPERATE_INCOME_SQ":13082522000,"DPS_HKD":null,"OPERATE_INCOME_QOQ_SQ":-1.542348788334,"NET_PROFIT_RATIO_SQ":31.3305645502,"HOLDER_PROFIT_SQ":4098828000,"HOLDER_PROFIT_QOQ_SQ":-4.978947928563,"ROE_AVG_SQ":3.656836861381,"PE_TTM_SQ":3.040235960584,"PB_TTM_SQ":0.18241966712,"ROA_SQ":0.244704830185,"START_DATE":"2024-01-01 00:00:00","FISCAL_YEAR":"12-31","CURRENCY":"HKD","IS_CNY_CODE":0,"DPS_HKD_LY":null,"ORG_TYPE":"银行","PREMIUM_INCOME":null,"PREMIUM_INCOME_YOY":null,"NET_INTEREST_INCOME":8080158000,"NET_INTEREST_INCOME_YOY":-13.374844696891,"FEE_COMMISSION_INCOME":1695920000,"FEE_COMMISSION_INCOME_YOY":null,"ACCOUNTS_RECE_TDAYS":null,"INVENTORY_TDAYS":null,"CURRENT_ASSETS_TDAYS":null,"TOTAL_ASSETS_TDAYS":0.007552980324,"PREMIUM_EXPENSE":null,"LOAN_DEPOSIT":99.269910919259,"LOAN_EQUITY":7.977356636783,"LOAN_ASSETS":54.112153843121,"DEPOSIT_EQUITY":8.036026790909,"DEPOSIT_ASSETS":54.510126323306,"EQUITY_MULTIPLIER":14.742264112954,"EQUITY_RATIO":13.742264112994},{"SECUCODE":"09668.HK","SECURITY_CODE":"09668","SECURITY_NAME_ABBR":"渤海银行","ORG_CODE":"10068138","STD_REPORT_DATE":"2023-12-31 00:00:00","REPORT_DATE":"2023-12-31 00:00:00","DATE_TYPE_CODE":"001","REPORT_TYPE":"2023年年报","PER_NETCASH_OPERATE":4.577671714897,"PER_OI":1.407351086589,"BPS":5.317030570882,"BASIC_EPS":0.23,"DILUTED_EPS":0.23,"OPERATE_INCOME":24997370000,"OPERATE_INCOME_YOY":-5.546335908,"GROSS_PROFIT":null,"GROSS_PROFIT_YOY":null,"HOLDER_PROFIT":5080903000,"HOLDER_PROFIT_YOY":-16.808451938,"GROSS_PROFIT_RATIO":null,"EPS_TTM":0.286054667267,"OPERATE_INCOME_QOQ":-4.066709971672,"NET_PROFIT_RATIO":20.3257502689,"ROE_AVG":4.529367875244,"GROSS_PROFIT_QOQ":null,"ROA":0.299564434842,"HOLDER_PROFIT_QOQ":-12.449350698135,"ROE_YEARLY":4.529367875244,"ROIC_YEARLY":0.319522964049,"TOTAL_ASSETS":1732733836000,"TOTAL_LIABILITIES":1618331135000,"TAX_EBT":1.591570298099,"OCF_SALES":325.268638260745,"TOTAL_PARENT_EQUITY":114402701000,"DEBT_ASSET_RATIO":93.397560628,"OPERATE_PROFIT":5163077000,"PRETAX_PROFIT":5163077000,"NETCASH_OPERATE":81308605000,"NETCASH_INVEST":-59111588000,"NETCASH_FINANCE":-18182287000,"END_CASH":67382604000,"DIVI_RATIO":null,"DIVIDEND_RATE":null,"CURRENT_RATIO":null,"COMMON_ACS":null,"CURRENTDEBT_DEBT":null,"ISSUED_COMMON_SHARES":17762000000,"HK_COMMON_SHARES":6200555000,"PER_SHARES":500,"TOTAL_MARKET_CAP":15630560000,"HKSK_MARKET_CAP":5456488400,"PE_TTM":2.999044557062,"PB_TTM":0.144669685974,"REPORT_DATE_SQ":"2022-12-31 00:00:00","REPORT_TYPE_SQ":"2022年年报","OPERATE_INCOME_SQ":26465220000,"DPS_HKD":null,"OPERATE_INCOME_QOQ_SQ":-1.551148914395,"NET_PROFIT_RATIO_SQ":23.0773634226,"HOLDER_PROFIT_SQ":6107475000,"HOLDER_PROFIT_QOQ_SQ":-20.559112651737,"ROE_AVG_SQ":5.641615471356,"PE_TTM_SQ":3.503510011721,"PB_TTM_SQ":0.210216949729,"ROA_SQ":0.376752589124,"START_DATE":"2023-01-01 00:00:00","FISCAL_YEAR":"12-31","CURRENCY":"HKD","IS_CNY_CODE":0,"DPS_HKD_LY":null,"ORG_TYPE":"银行","PREMIUM_INCOME":null,"PREMIUM_INCOME_YOY":null,"NET_INTEREST_INCOME":17645989000,"NET_INTEREST_INCOME_YOY":-22.156478633228,"FEE_COMMISSION_INCOME":3998921000,"FEE_COMMISSION_INCOME_YOY":null,"ACCOUNTS_RECE_TDAYS":null,"INVENTORY_TDAYS":null,"CURRENT_ASSETS_TDAYS":null,"TOTAL_ASSETS_TDAYS":0.014738173542,"PREMIUM_EXPENSE":null,"LOAN_DEPOSIT":99.802542896817,"LOAN_EQUITY":8.153203104881,"LOAN_ASSETS":53.831029187566,"DEPOSIT_EQUITY":8.169334035217,"DEPOSIT_ASSETS":53.937532677119,"EQUITY_MULTIPLIER":15.145917192983,"EQUITY_RATIO":14.145917192987},{"SECUCODE":"09668.HK","SECURITY_CODE":"09668","SECURITY_NAME_ABBR":"渤海银行","ORG_CODE":"10068138","STD_REPORT_DATE":"2023-06-30 00:00:00","REPORT_DATE":"2023-06-30 00:00:00","DATE_TYPE_CODE":"002","REPORT_TYPE":"2023年中报","PER_NETCASH_OPERATE":1.195932440041,"PER_OI":0.736545546673,"BPS":5.306878448373,"BASIC_EPS":0.23,"DILUTED_EPS":0.23,"OPERATE_INCOME":13082522000,"OPERATE_INCOME_YOY":-3.0256825661,"GROSS_PROFIT":null,"GROSS_PROFIT_YOY":null,"HOLDER_PROFIT":4098828000,"HOLDER_PROFIT_YOY":-6.9065137741,"GROSS_PROFIT_RATIO":null,"EPS_TTM":0.326730492062,"OPERATE_INCOME_QOQ":-1.542348788334,"NET_PROFIT_RATIO":31.3305645502,"ROE_AVG":3.656836861381,"GROSS_PROFIT_QOQ":null,"ROA":0.244704830185,"HOLDER_PROFIT_QOQ":-4.978947928563,"ROE_YEARLY":7.313673722762,"ROIC_YEARLY":0.521326124904,"TOTAL_ASSETS":1690558156000,"TOTAL_LIABILITIES":1576335777000,"TAX_EBT":12.015544644272,"OCF_SALES":162.370466489565,"TOTAL_PARENT_EQUITY":114222379000,"DEBT_ASSET_RATIO":93.2435108136,"OPERATE_PROFIT":4658582000,"PRETAX_PROFIT":4658582000,"NETCASH_OPERATE":21242152000,"NETCASH_INVEST":-6187817000,"NETCASH_FINANCE":-8274875000,"END_CASH":70271311000,"DIVI_RATIO":null,"DIVIDEND_RATE":null,"CURRENT_RATIO":null,"COMMON_ACS":null,"CURRENTDEBT_DEBT":null,"ISSUED_COMMON_SHARES":17762000000,"HK_COMMON_SHARES":6200555000,"PER_SHARES":500,"TOTAL_MARKET_CAP":15630560000,"HKSK_MARKET_CAP":5456488400,"PE_TTM":2.999044557062,"PB_TTM":0.144669685974,"REPORT_DATE_SQ":"2022-06-30 00:00:00","REPORT_TYPE_SQ":"2022年中报","OPERATE_INCOME_SQ":13490708000,"DPS_HKD":null,"OPERATE_INCOME_QOQ_SQ":-7.919888235962,"NET_PROFIT_RATIO_SQ":32.6366562822,"HOLDER_PROFIT_SQ":4402916000,"HOLDER_PROFIT_QOQ_SQ":-10.911693120197,"ROE_AVG_SQ":4.077013353233,"PE_TTM_SQ":3.503510011721,"PB_TTM_SQ":0.210216949729,"ROA_SQ":0.271389188673,"START_DATE":"2023-01-01 00:00:00","FISCAL_YEAR":"12-31","CURRENCY":"HKD","IS_CNY_CODE":0,"DPS_HKD_LY":null,"ORG_TYPE":"银行","PREMIUM_INCOME":null,"PREMIUM_INCOME_YOY":null,"NET_INTEREST_INCOME":9327727000,"NET_INTEREST_INCOME_YOY":-17.828090947444,"FEE_COMMISSION_INCOME":1765166000,"FEE_COMMISSION_INCOME_YOY":null,"ACCOUNTS_RECE_TDAYS":null,"INVENTORY_TDAYS":null,"CURRENT_ASSETS_TDAYS":null,"TOTAL_ASSETS_TDAYS":0.007810418794,"PREMIUM_EXPENSE":null,"LOAN_DEPOSIT":103.595822920298,"LOAN_EQUITY":8.384338177723,"LOAN_ASSETS":56.648690232932,"DEPOSIT_EQUITY":8.093316835924,"DEPOSIT_ASSETS":54.682407684057,"EQUITY_MULTIPLIER":14.80058610932,"EQUITY_RATIO":13.800586109312},{"SECUCODE":"09668.HK","SECURITY_CODE":"09668","SECURITY_NAME_ABBR":"渤海银行","ORG_CODE":"10068138","STD_REPORT_DATE":"2022-12-31 00:00:00","REPORT_DATE":"2022-12-31 00:00:00","DATE_TYPE_CODE":"001","REPORT_TYPE":"2022年年报","PER_NETCASH_OPERATE":1.51058309875,"PER_OI":1.489990992005,"BPS":5.066401869159,"BASIC_EPS":0.29,"DILUTED_EPS":0.29,"OPERATE_INCOME":26465220000,"OPERATE_INCOME_YOY":-9.34818789,"GROSS_PROFIT":null,"GROSS_PROFIT_YOY":null,"HOLDER_PROFIT":6107475000,"HOLDER_PROFIT_YOY":-29.2274584911,"GROSS_PROFIT_RATIO":null,"EPS_TTM":0.34385063619,"OPERATE_INCOME_QOQ":-1.551148914395,"NET_PROFIT_RATIO":23.0773634226,"ROE_AVG":5.641615471356,"GROSS_PROFIT_QOQ":null,"ROA":0.376752589124,"HOLDER_PROFIT_QOQ":-20.559112651737,"ROE_YEARLY":5.641615471356,"ROIC_YEARLY":0.40465212876,"TOTAL_ASSETS":1659459902000,"TOTAL_LIABILITIES":1549508868000,"TAX_EBT":6.204128908843,"OCF_SALES":101.382028942136,"TOTAL_PARENT_EQUITY":109951034000,"DEBT_ASSET_RATIO":93.3742879917,"OPERATE_PROFIT":6511454000,"PRETAX_PROFIT":6511454000,"NETCASH_OPERATE":26830977000,"NETCASH_INVEST":-65245097000,"NETCASH_FINANCE":23405931000,"END_CASH":63085206000,"DIVI_RATIO":null,"DIVIDEND_RATE":null,"CURRENT_RATIO":null,"COMMON_ACS":null,"CURRENTDEBT_DEBT":null,"ISSUED_COMMON_SHARES":17762000000,"HK_COMMON_SHARES":6200555000,"PER_SHARES":500,"TOTAL_MARKET_CAP":15630560000,"HKSK_MARKET_CAP":5456488400,"PE_TTM":2.999044557062,"PB_TTM":0.144669685974,"REPORT_DATE_SQ":"2021-12-31 00:00:00","REPORT_TYPE_SQ":"2021年年报","OPERATE_INCOME_SQ":29194364000,"DPS_HKD":null,"OPERATE_INCOME_QOQ_SQ":-9.474391190778,"NET_PROFIT_RATIO_SQ":29.5595547141,"HOLDER_PROFIT_SQ":8629724000,"HOLDER_PROFIT_QOQ_SQ":-1.289127444616,"ROE_AVG_SQ":8.226231185546,"PE_TTM_SQ":3.503510011721,"PB_TTM_SQ":0.210216949729,"ROA_SQ":0.579909610724,"START_DATE":"2022-01-01 00:00:00","FISCAL_YEAR":"12-31","CURRENCY":"HKD","IS_CNY_CODE":0,"DPS_HKD_LY":0.1006234,"ORG_TYPE":"银行","PREMIUM_INCOME":null,"PREMIUM_INCOME_YOY":null,"NET_INTEREST_INCOME":22668539000,"NET_INTEREST_INCOME_YOY":-9.971524624256,"FEE_COMMISSION_INCOME":2569222000,"FEE_COMMISSION_INCOME_YOY":null,"ACCOUNTS_RECE_TDAYS":null,"INVENTORY_TDAYS":null,"CURRENT_ASSETS_TDAYS":null,"TOTAL_ASSETS_TDAYS":0.016325634009,"PREMIUM_EXPENSE":null,"LOAN_DEPOSIT":111.24196071138,"LOAN_EQUITY":8.740774115867,"LOAN_ASSETS":57.913852021475,"DEPOSIT_EQUITY":7.857443414311,"DEPOSIT_ASSETS":52.061157184863,"EQUITY_MULTIPLIER":15.092717563747,"EQUITY_RATIO":14.092717563711},{"SECUCODE":"09668.HK","SECURITY_CODE":"09668","SECURITY_NAME_ABBR":"渤海银行","ORG_CODE":"10068138","STD_REPORT_DATE":"2022-06-30 00:00:00","REPORT_DATE":"2022-06-30 00:00:00","DATE_TYPE_CODE":"002","REPORT_TYPE":"2022年中报","PER_NETCASH_OPERATE":0.7513331832,"PER_OI":0.759526404684,"BPS":5.036687422588,"BASIC_EPS":0.25,"DILUTED_EPS":0.25,"OPERATE_INCOME":13490708000,"OPERATE_INCOME_YOY":-14.6312735997,"GROSS_PROFIT":null,"GROSS_PROFIT_YOY":null,"HOLDER_PROFIT":4402916000,"HOLDER_PROFIT_YOY":-17.6188146276,"GROSS_PROFIT_RATIO":null,"EPS_TTM":0.432838362797,"OPERATE_INCOME_QOQ":-7.919888235962,"NET_PROFIT_RATIO":32.6366562822,"ROE_AVG":4.077013353233,"GROSS_PROFIT_QOQ":null,"ROA":0.271389188673,"HOLDER_PROFIT_QOQ":-10.911693120197,"ROE_YEARLY":8.154026706466,"ROIC_YEARLY":0.581312406826,"TOTAL_ASSETS":1662017088000,"TOTAL_LIABILITIES":1552593842000,"TAX_EBT":12.411853172172,"OCF_SALES":98.921272330555,"TOTAL_PARENT_EQUITY":109423246000,"DEBT_ASSET_RATIO":93.416238209,"OPERATE_PROFIT":5026840000,"PRETAX_PROFIT":5026840000,"NETCASH_OPERATE":13345180000,"NETCASH_INVEST":-49041739000,"NETCASH_FINANCE":18095313000,"END_CASH":59907630000,"DIVI_RATIO":null,"DIVIDEND_RATE":null,"CURRENT_RATIO":null,"COMMON_ACS":null,"CURRENTDEBT_DEBT":null,"ISSUED_COMMON_SHARES":17762000000,"HK_COMMON_SHARES":6200555000,"PER_SHARES":500,"TOTAL_MARKET_CAP":15630560000,"HKSK_MARKET_CAP":5456488400,"PE_TTM":2.999044557062,"PB_TTM":0.144669685974,"REPORT_DATE_SQ":"2021-06-30 00:00:00","REPORT_TYPE_SQ":"2021年中报","OPERATE_INCOME_SQ":15802869000,"DPS_HKD":null,"OPERATE_INCOME_QOQ_SQ":-0.74581045218,"NET_PROFIT_RATIO_SQ":33.820219607,"HOLDER_PROFIT_SQ":5344565000,"HOLDER_PROFIT_QOQ_SQ":3.527165559979,"ROE_AVG_SQ":5.079198877004,"PE_TTM_SQ":3.503510011721,"PB_TTM_SQ":0.210216949729,"ROA_SQ":0.361871037112,"START_DATE":"2022-01-01 00:00:00","FISCAL_YEAR":"12-31","CURRENCY":"HKD","IS_CNY_CODE":0,"DPS_HKD_LY":0.1006234,"ORG_TYPE":"银行","PREMIUM_INCOME":null,"PREMIUM_INCOME_YOY":null,"NET_INTEREST_INCOME":11351479000,"NET_INTEREST_INCOME_YOY":-16.187305751548,"FEE_COMMISSION_INCOME":1426800000,"FEE_COMMISSION_INCOME_YOY":null,"ACCOUNTS_RECE_TDAYS":null,"INVENTORY_TDAYS":null,"CURRENT_ASSETS_TDAYS":null,"TOTAL_ASSETS_TDAYS":0.008315471607,"PREMIUM_EXPENSE":null,"LOAN_DEPOSIT":113.144011213212,"LOAN_EQUITY":9.050539224545,"LOAN_ASSETS":59.586594334703,"DEPOSIT_EQUITY":7.999132369003,"DEPOSIT_ASSETS":52.66438205237,"EQUITY_MULTIPLIER":15.188884892023,"EQUITY_RATIO":14.188884891973},{"SECUCODE":"09668.HK","SECURITY_CODE":"09668","SECURITY_NAME_ABBR":"渤海银行","ORG_CODE":"10068138","STD_REPORT_DATE":"2021-12-31 00:00:00","REPORT_DATE":"2021-12-31 00:00:00","DATE_TYPE_CODE":"001","REPORT_TYPE":"2021年年报","PER_NETCASH_OPERATE":4.672203974778,"PER_OI":1.643641707015,"BPS":4.87571630447,"BASIC_EPS":0.43,"DILUTED_EPS":0.43,"OPERATE_INCOME":29194364000,"OPERATE_INCOME_YOY":-10.1495406432,"GROSS_PROFIT":null,"GROSS_PROFIT_YOY":null,"HOLDER_PROFIT":8629724000,"HOLDER_PROFIT_YOY":2.1925684561,"GROSS_PROFIT_RATIO":null,"EPS_TTM":0.485853169688,"OPERATE_INCOME_QOQ":-9.474391190778,"NET_PROFIT_RATIO":29.5595547141,"ROE_AVG":8.226231185546,"GROSS_PROFIT_QOQ":null,"ROA":0.579909610724,"HOLDER_PROFIT_QOQ":-1.289127444616,"ROE_YEARLY":8.226231185546,"ROIC_YEARLY":0.624315624332,"TOTAL_ASSETS":1582707598000,"TOTAL_LIABILITIES":1476143521000,"TAX_EBT":16.247146561603,"OCF_SALES":284.259273467989,"TOTAL_PARENT_EQUITY":106564077000,"DEBT_ASSET_RATIO":93.2669763427,"OPERATE_PROFIT":10303797000,"PRETAX_PROFIT":10303797000,"NETCASH_OPERATE":82987687000,"NETCASH_INVEST":-76070254000,"NETCASH_FINANCE":5877555000,"END_CASH":76843021000,"DIVI_RATIO":null,"DIVIDEND_RATE":null,"CURRENT_RATIO":null,"COMMON_ACS":null,"CURRENTDEBT_DEBT":null,"ISSUED_COMMON_SHARES":17762000000,"HK_COMMON_SHARES":6200555000,"PER_SHARES":500,"TOTAL_MARKET_CAP":15630560000,"HKSK_MARKET_CAP":5456488400,"PE_TTM":2.999044557062,"PB_TTM":0.144669685974,"REPORT_DATE_SQ":"2020-12-31 00:00:00","REPORT_TYPE_SQ":"2020年年报","OPERATE_INCOME_SQ":32492170000,"DPS_HKD":null,"OPERATE_INCOME_QOQ_SQ":4.918749423615,"NET_PROFIT_RATIO_SQ":25.9895568686,"HOLDER_PROFIT_SQ":8444571000,"HOLDER_PROFIT_QOQ_SQ":1.537838323349,"ROE_AVG_SQ":9.085829443905,"PE_TTM_SQ":3.503510011721,"PB_TTM_SQ":0.210216949729,"ROA_SQ":0.672752725937,"START_DATE":"2021-01-01 00:00:00","FISCAL_YEAR":"12-31","CURRENCY":"HKD","IS_CNY_CODE":0,"DPS_HKD_LY":0.1026719,"ORG_TYPE":"银行","PREMIUM_INCOME":null,"PREMIUM_INCOME_YOY":null,"NET_INTEREST_INCOME":25179299000,"NET_INTEREST_INCOME_YOY":-11.580337925618,"FEE_COMMISSION_INCOME":null,"FEE_COMMISSION_INCOME_YOY":null,"ACCOUNTS_RECE_TDAYS":null,"INVENTORY_TDAYS":null,"CURRENT_ASSETS_TDAYS":null,"TOTAL_ASSETS_TDAYS":0.019618347311,"PREMIUM_EXPENSE":null,"LOAN_DEPOSIT":113.308462233076,"LOAN_EQUITY":8.888256508805,"LOAN_ASSETS":59.844841346367,"DEPOSIT_EQUITY":7.844300711205,"DEPOSIT_ASSETS":52.815862263903,"EQUITY_MULTIPLIER":14.852168221863,"EQUITY_RATIO":13.852168221755},{"SECUCODE":"09668.HK","SECURITY_CODE":"09668","SECURITY_NAME_ABBR":"渤海银行","ORG_CODE":"10068138","STD_REPORT_DATE":"2021-06-30 00:00:00","REPORT_DATE":"2021-06-30 00:00:00","DATE_TYPE_CODE":"002","REPORT_TYPE":"2021年中报","PER_NETCASH_OPERATE":0.566468584619,"PER_OI":0.889700990879,"BPS":4.911704706677,"BASIC_EPS":0.3,"DILUTED_EPS":0.3,"OPERATE_INCOME":15802869000,"OPERATE_INCOME_YOY":-1.5102960082,"GROSS_PROFIT":null,"GROSS_PROFIT_YOY":null,"HOLDER_PROFIT":5344565000,"HOLDER_PROFIT_YOY":5.9019428693,"GROSS_PROFIT_RATIO":null,"EPS_TTM":0.492198232181,"OPERATE_INCOME_QOQ":-0.74581045218,"NET_PROFIT_RATIO":33.820219607,"ROE_AVG":5.079198877004,"GROSS_PROFIT_QOQ":null,"ROA":0.361871037112,"HOLDER_PROFIT_QOQ":3.527165559979,"ROE_YEARLY":10.158397754007,"ROIC_YEARLY":0.774403821033,"TOTAL_ASSETS":1560327530000,"TOTAL_LIABILITIES":1453124227000,"TAX_EBT":20.477036749593,"OCF_SALES":63.669546333644,"TOTAL_PARENT_EQUITY":107203303000,"DEBT_ASSET_RATIO":93.1294359076,"OPERATE_PROFIT":6720782000,"PRETAX_PROFIT":6720782000,"NETCASH_OPERATE":10061615000,"NETCASH_INVEST":-20733724000,"NETCASH_FINANCE":43416697000,"END_CASH":96927022000,"DIVI_RATIO":null,"DIVIDEND_RATE":null,"CURRENT_RATIO":null,"COMMON_ACS":null,"CURRENTDEBT_DEBT":null,"ISSUED_COMMON_SHARES":17762000000,"HK_COMMON_SHARES":6200555000,"PER_SHARES":500,"TOTAL_MARKET_CAP":15630560000,"HKSK_MARKET_CAP":5456488400,"PE_TTM":2.999044557062,"PB_TTM":0.144669685974,"REPORT_DATE_SQ":"2020-06-30 00:00:00","REPORT_TYPE_SQ":"2020年中报","OPERATE_INCOME_SQ":16045199000,"DPS_HKD":null,"OPERATE_INCOME_QOQ_SQ":9.128402403603,"NET_PROFIT_RATIO_SQ":31.4530907345,"HOLDER_PROFIT_SQ":5046711000,"HOLDER_PROFIT_QOQ_SQ":1.512531314249,"ROE_AVG_SQ":5.931685495802,"PE_TTM_SQ":3.503510011721,"PB_TTM_SQ":0.210216949729,"ROA_SQ":0.423282857905,"START_DATE":"2021-01-01 00:00:00","FISCAL_YEAR":"12-31","CURRENCY":"HKD","IS_CNY_CODE":0,"DPS_HKD_LY":0.1026719,"ORG_TYPE":"银行","PREMIUM_INCOME":null,"PREMIUM_INCOME_YOY":null,"NET_INTEREST_INCOME":13543866000,"NET_INTEREST_INCOME_YOY":-3.480405309343,"FEE_COMMISSION_INCOME":1117391000,"FEE_COMMISSION_INCOME_YOY":null,"ACCOUNTS_RECE_TDAYS":null,"INVENTORY_TDAYS":null,"CURRENT_ASSETS_TDAYS":null,"TOTAL_ASSETS_TDAYS":0.010699842914,"PREMIUM_EXPENSE":null,"LOAN_DEPOSIT":111.806618650735,"LOAN_EQUITY":8.944771589734,"LOAN_ASSETS":61.455626499136,"DEPOSIT_EQUITY":8.000216532507,"DEPOSIT_ASSETS":54.966000439664,"EQUITY_MULTIPLIER":14.554845665528,"EQUITY_RATIO":13.55484566553},{"SECUCODE":"09668.HK","SECURITY_CODE":"09668","SECURITY_NAME_ABBR":"渤海银行","ORG_CODE":"10068138","STD_REPORT_DATE":"2020-12-31 00:00:00","REPORT_DATE":"2020-12-31 00:00:00","DATE_TYPE_CODE":"001","REPORT_TYPE":"2020年年报","PER_NETCASH_OPERATE":2.932406654656,"PER_OI":1.829308073415,"BPS":4.688899110461,"BASIC_EPS":0.47,"DILUTED_EPS":0.47,"OPERATE_INCOME":32492170000,"OPERATE_INCOME_YOY":14.4961550678,"GROSS_PROFIT":null,"GROSS_PROFIT_YOY":null,"HOLDER_PROFIT":8444571000,"HOLDER_PROFIT_YOY":3.0736299238,"GROSS_PROFIT_RATIO":null,"EPS_TTM":0.475429062043,"OPERATE_INCOME_QOQ":4.918749423615,"NET_PROFIT_RATIO":25.9895568686,"ROE_AVG":9.085829443905,"GROSS_PROFIT_QOQ":null,"ROA":0.672752725937,"HOLDER_PROFIT_QOQ":1.537838323349,"ROE_YEARLY":9.085829443905,"ROIC_YEARLY":0.727700773219,"TOTAL_ASSETS":1393523125000,"TOTAL_LIABILITIES":1290277295000,"TAX_EBT":16.266792608337,"OCF_SALES":160.301411078423,"TOTAL_PARENT_EQUITY":103245830000,"DEBT_ASSET_RATIO":92.5910214084,"OPERATE_PROFIT":10085092000,"PRETAX_PROFIT":10085092000,"NETCASH_OPERATE":52085407000,"NETCASH_INVEST":-63580435000,"NETCASH_FINANCE":34346643000,"END_CASH":64755129000,"DIVI_RATIO":null,"DIVIDEND_RATE":null,"CURRENT_RATIO":null,"COMMON_ACS":null,"CURRENTDEBT_DEBT":null,"ISSUED_COMMON_SHARES":17762000000,"HK_COMMON_SHARES":6200555000,"PER_SHARES":500,"TOTAL_MARKET_CAP":15630560000,"HKSK_MARKET_CAP":5456488400,"PE_TTM":2.999044557062,"PB_TTM":0.144669685974,"REPORT_DATE_SQ":"2019-12-31 00:00:00","REPORT_TYPE_SQ":"2019年年报","OPERATE_INCOME_SQ":28378394000,"DPS_HKD":null,"OPERATE_INCOME_QOQ_SQ":6.821403101369,"NET_PROFIT_RATIO_SQ":28.869695727,"HOLDER_PROFIT_SQ":8192756000,"HOLDER_PROFIT_QOQ_SQ":2.695469720104,"ROE_AVG_SQ":11.830889516894,"PE_TTM_SQ":3.503510011721,"PB_TTM_SQ":0.210216949729,"ROA_SQ":0.761627497918,"START_DATE":"2020-01-01 00:00:00","FISCAL_YEAR":"12-31","CURRENCY":"HKD","IS_CNY_CODE":0,"DPS_HKD_LY":null,"ORG_TYPE":"银行","PREMIUM_INCOME":null,"PREMIUM_INCOME_YOY":null,"NET_INTEREST_INCOME":28477036000,"NET_INTEREST_INCOME_YOY":23.698735643882,"FEE_COMMISSION_INCOME":2902456000,"FEE_COMMISSION_INCOME_YOY":null,"ACCOUNTS_RECE_TDAYS":null,"INVENTORY_TDAYS":null,"CURRENT_ASSETS_TDAYS":null,"TOTAL_ASSETS_TDAYS":0.025885501986,"PREMIUM_EXPENSE":null,"LOAN_DEPOSIT":115.159939943431,"LOAN_EQUITY":8.457328349242,"LOAN_ASSETS":62.660164681515,"DEPOSIT_EQUITY":7.343984681996,"DEPOSIT_ASSETS":54.41142528582,"EQUITY_MULTIPLIER":13.497137124053,"EQUITY_RATIO":12.497137124085},{"SECUCODE":"09668.HK","SECURITY_CODE":"09668","SECURITY_NAME_ABBR":"渤海银行","ORG_CODE":"10068138","STD_REPORT_DATE":"2020-06-30 00:00:00","REPORT_DATE":"2020-06-30 00:00:00","DATE_TYPE_CODE":"002","REPORT_TYPE":"2020年中报","PER_NETCASH_OPERATE":2.528569568942,"PER_OI":1.38781951564,"BPS":3.803677007094,"BASIC_EPS":0.35,"DILUTED_EPS":0.35,"OPERATE_INCOME":16045199000,"OPERATE_INCOME_YOY":19.2534433122,"GROSS_PROFIT":null,"GROSS_PROFIT_YOY":null,"HOLDER_PROFIT":5046711000,"HOLDER_PROFIT_YOY":2.5172295483,"GROSS_PROFIT_RATIO":null,"EPS_TTM":0.719345548934,"OPERATE_INCOME_QOQ":9.128402403603,"NET_PROFIT_RATIO":31.4530907345,"ROE_AVG":5.931685495802,"GROSS_PROFIT_QOQ":null,"ROA":0.423282857905,"HOLDER_PROFIT_QOQ":1.512531314249,"ROE_YEARLY":11.863370991605,"ROIC_YEARLY":0.914302596039,"TOTAL_ASSETS":1267627207000,"TOTAL_LIABILITIES":1180104692000,"TAX_EBT":19.706622029456,"OCF_SALES":182.197291538734,"TOTAL_PARENT_EQUITY":87522515000,"DEBT_ASSET_RATIO":93.0955635445,"OPERATE_PROFIT":6285339000,"PRETAX_PROFIT":6285339000,"NETCASH_OPERATE":29233918000,"NETCASH_INVEST":-14583715000,"NETCASH_FINANCE":-123763000,"END_CASH":57412973000,"DIVI_RATIO":null,"DIVIDEND_RATE":null,"CURRENT_RATIO":null,"COMMON_ACS":null,"CURRENTDEBT_DEBT":null,"ISSUED_COMMON_SHARES":17762000000,"HK_COMMON_SHARES":6200555000,"PER_SHARES":500,"TOTAL_MARKET_CAP":15630560000,"HKSK_MARKET_CAP":5456488400,"PE_TTM":2.999044557062,"PB_TTM":0.144669685974,"REPORT_DATE_SQ":"2019-06-30 00:00:00","REPORT_TYPE_SQ":"2019年中报","OPERATE_INCOME_SQ":13454705000,"DPS_HKD":null,"OPERATE_INCOME_QOQ_SQ":0,"NET_PROFIT_RATIO_SQ":36.5878924882,"HOLDER_PROFIT_SQ":4922793000,"HOLDER_PROFIT_QOQ_SQ":0,"ROE_AVG_SQ":null,"PE_TTM_SQ":3.503510011721,"PB_TTM_SQ":0.210216949729,"ROA_SQ":null,"START_DATE":"2020-01-01 00:00:00","FISCAL_YEAR":"12-31","CURRENCY":"HKD","IS_CNY_CODE":0,"DPS_HKD_LY":null,"ORG_TYPE":"银行","PREMIUM_INCOME":null,"PREMIUM_INCOME_YOY":null,"NET_INTEREST_INCOME":14032245000,"NET_INTEREST_INCOME_YOY":35.250410818842,"FEE_COMMISSION_INCOME":1425400000,"FEE_COMMISSION_INCOME_YOY":null,"ACCOUNTS_RECE_TDAYS":null,"INVENTORY_TDAYS":null,"CURRENT_ASSETS_TDAYS":null,"TOTAL_ASSETS_TDAYS":0.013457591862,"PREMIUM_EXPENSE":null,"LOAN_DEPOSIT":103.937488225295,"LOAN_EQUITY":9.124708345047,"LOAN_ASSETS":63.000968943387,"DEPOSIT_EQUITY":8.779034880339,"DEPOSIT_ASSETS":60.614288471958,"EQUITY_MULTIPLIER":14.483441283661,"EQUITY_RATIO":13.483441283651}],"count":15},"success":true,"message":"ok","code":0}