{"version":"ee234c307350e6dc0f293f5529975b76","result":{"pages":1,"data":[{"SECUCODE":"09663.HK","SECURITY_CODE":"09663","SECURITY_NAME_ABBR":"国鸿氢能","ORG_CODE":"10000460640","STD_REPORT_DATE":"2024-06-30 00:00:00","REPORT_DATE":"2024-06-30 00:00:00","DATE_TYPE_CODE":"002","REPORT_TYPE":"2024年中报","PER_NETCASH_OPERATE":-0.604528590537,"PER_OI":0.256759268529,"BPS":6.180826497213,"BASIC_EPS":-0.41,"DILUTED_EPS":-0.41,"OPERATE_INCOME":133012000,"OPERATE_INCOME_YOY":-37.3385907637,"GROSS_PROFIT":770000,"GROSS_PROFIT_YOY":-97.914296549109,"HOLDER_PROFIT":-212297000,"HOLDER_PROFIT_YOY":-70.7734384427,"GROSS_PROFIT_RATIO":0.578895137281,"EPS_TTM":-0.950558670214,"OPERATE_INCOME_QOQ":-11.312759057743,"NET_PROFIT_RATIO":-159.6074038433,"ROE_AVG":-6.461152645747,"GROSS_PROFIT_QOQ":-20.567852062589,"ROA":-4.339505377291,"HOLDER_PROFIT_QOQ":-21.753653754386,"ROE_YEARLY":-12.922305291494,"ROIC_YEARLY":-9.576045384691,"TOTAL_ASSETS":4920865000,"TOTAL_LIABILITIES":1706235000,"TAX_EBT":0.766580815848,"OCF_SALES":-235.44567407452,"TOTAL_PARENT_EQUITY":3197630000,"DEBT_ASSET_RATIO":34.6734771224,"OPERATE_PROFIT":-207962000,"PRETAX_PROFIT":-213937000,"NETCASH_OPERATE":-313171000,"NETCASH_INVEST":-311474000,"NETCASH_FINANCE":291692000,"END_CASH":277836000,"DIVI_RATIO":null,"DIVIDEND_RATE":null,"CURRENT_RATIO":2.432295301975,"COMMON_ACS":null,"CURRENTDEBT_DEBT":82.625429674107,"ISSUED_COMMON_SHARES":517346669,"HK_COMMON_SHARES":351899088,"PER_SHARES":500,"TOTAL_MARKET_CAP":5370058424.22,"HKSK_MARKET_CAP":3652712533.44,"PE_TTM":-9.870076166667,"PB_TTM":1.532742976085,"REPORT_DATE_SQ":"2023-06-30 00:00:00","REPORT_TYPE_SQ":"2023年中报","OPERATE_INCOME_SQ":212271000,"DPS_HKD":null,"OPERATE_INCOME_QOQ_SQ":2.970707104446,"NET_PROFIT_RATIO_SQ":-60.060017619,"HOLDER_PROFIT_SQ":-124315000,"HOLDER_PROFIT_QOQ_SQ":8.921204318694,"ROE_AVG_SQ":null,"PE_TTM_SQ":-28.772158133941,"PB_TTM_SQ":3.414874736497,"ROA_SQ":null,"START_DATE":"2024-01-01 00:00:00","FISCAL_YEAR":"12-31","CURRENCY":"HKD","IS_CNY_CODE":0,"DPS_HKD_LY":null,"ORG_TYPE":"一般企业","PREMIUM_INCOME":null,"PREMIUM_INCOME_YOY":null,"NET_INTEREST_INCOME":null,"NET_INTEREST_INCOME_YOY":null,"FEE_COMMISSION_INCOME":null,"FEE_COMMISSION_INCOME_YOY":null,"ACCOUNTS_RECE_TDAYS":0.085703000816,"INVENTORY_TDAYS":0.462399166407,"CURRENT_ASSETS_TDAYS":0.038354105638,"TOTAL_ASSETS_TDAYS":0.027188622036,"PREMIUM_EXPENSE":null,"LOAN_DEPOSIT":null,"LOAN_EQUITY":null,"LOAN_ASSETS":null,"DEPOSIT_EQUITY":null,"DEPOSIT_ASSETS":null,"EQUITY_MULTIPLIER":1.530771815107,"EQUITY_RATIO":0.533593630282},{"SECUCODE":"09663.HK","SECURITY_CODE":"09663","SECURITY_NAME_ABBR":"国鸿氢能","ORG_CODE":"10000460640","STD_REPORT_DATE":"2023-12-31 00:00:00","REPORT_DATE":"2023-12-31 00:00:00","DATE_TYPE_CODE":"001","REPORT_TYPE":"2023年年报","PER_NETCASH_OPERATE":-0.477148875837,"PER_OI":1.352431748111,"BPS":6.52146848944,"BASIC_EPS":-0.95,"DILUTED_EPS":-0.95,"OPERATE_INCOME":700616000,"OPERATE_INCOME_YOY":-6.3942015431,"GROSS_PROFIT":175750000,"GROSS_PROFIT_YOY":10.671712751019,"HOLDER_PROFIT":-404447000,"HOLDER_PROFIT_YOY":-47.9236767417,"GROSS_PROFIT_RATIO":25.085067997305,"EPS_TTM":-0.780722911307,"OPERATE_INCOME_QOQ":-9.094730832609,"NET_PROFIT_RATIO":-58.1805154321,"ROE_AVG":-14.247269546636,"GROSS_PROFIT_QOQ":9.624500998004,"ROA":-9.765201243832,"HOLDER_PROFIT_QOQ":-62.412859804677,"ROE_YEARLY":-14.247269546636,"ROIC_YEARLY":-11.641752594012,"TOTAL_ASSETS":4863522000,"TOTAL_LIABILITIES":1472662000,"TAX_EBT":6.598047280468,"OCF_SALES":-35.280810030031,"TOTAL_PARENT_EQUITY":3373860000,"DEBT_ASSET_RATIO":30.2797437742,"OPERATE_PROFIT":-398865000,"PRETAX_PROFIT":-436417000,"NETCASH_OPERATE":-247183000,"NETCASH_INVEST":-1081718000,"NETCASH_FINANCE":1212009000,"END_CASH":604715000,"DIVI_RATIO":null,"DIVIDEND_RATE":null,"CURRENT_RATIO":2.704157725384,"COMMON_ACS":null,"CURRENTDEBT_DEBT":88.064131484346,"ISSUED_COMMON_SHARES":517346669,"HK_COMMON_SHARES":351899088,"PER_SHARES":500,"TOTAL_MARKET_CAP":5069997356.2,"HKSK_MARKET_CAP":3448611062.4,"PE_TTM":-9.318569020552,"PB_TTM":1.447098378192,"REPORT_DATE_SQ":"2022-12-31 00:00:00","REPORT_TYPE_SQ":"2022年年报","OPERATE_INCOME_SQ":748475000,"DPS_HKD":null,"OPERATE_INCOME_QOQ_SQ":36.236471457642,"NET_PROFIT_RATIO_SQ":-37.4397274458,"HOLDER_PROFIT_SQ":-273416000,"HOLDER_PROFIT_QOQ_SQ":64.703072615241,"ROE_AVG_SQ":-14.31354621437,"PE_TTM_SQ":-27.722820601998,"PB_TTM_SQ":3.290332246107,"ROA_SQ":-9.415548693084,"START_DATE":"2023-01-01 00:00:00","FISCAL_YEAR":"12-31","CURRENCY":"HKD","IS_CNY_CODE":0,"DPS_HKD_LY":null,"ORG_TYPE":"一般企业","PREMIUM_INCOME":null,"PREMIUM_INCOME_YOY":null,"NET_INTEREST_INCOME":null,"NET_INTEREST_INCOME_YOY":null,"FEE_COMMISSION_INCOME":null,"FEE_COMMISSION_INCOME_YOY":null,"ACCOUNTS_RECE_TDAYS":0.520886274521,"INVENTORY_TDAYS":1.587026000611,"CURRENT_ASSETS_TDAYS":0.238372097968,"TOTAL_ASSETS_TDAYS":0.169160761105,"PREMIUM_EXPENSE":null,"LOAN_DEPOSIT":null,"LOAN_EQUITY":null,"LOAN_ASSETS":null,"DEPOSIT_EQUITY":null,"DEPOSIT_ASSETS":null,"EQUITY_MULTIPLIER":1.434303392061,"EQUITY_RATIO":0.436491733504},{"SECUCODE":"09663.HK","SECURITY_CODE":"09663","SECURITY_NAME_ABBR":"国鸿氢能","ORG_CODE":"10000460640","STD_REPORT_DATE":"2023-06-30 00:00:00","REPORT_DATE":"2023-06-30 00:00:00","DATE_TYPE_CODE":"002","REPORT_TYPE":"2023年中报","PER_NETCASH_OPERATE":null,"PER_OI":null,"BPS":null,"BASIC_EPS":-0.3,"DILUTED_EPS":-0.3,"OPERATE_INCOME":212271000,"OPERATE_INCOME_YOY":11.7004146583,"GROSS_PROFIT":36918000,"GROSS_PROFIT_YOY":4.285189683907,"HOLDER_PROFIT":-124315000,"HOLDER_PROFIT_YOY":16.4027248213,"GROSS_PROFIT_RATIO":17.391918820753,"EPS_TTM":null,"OPERATE_INCOME_QOQ":2.970707104446,"NET_PROFIT_RATIO":-60.060017619,"ROE_AVG":null,"GROSS_PROFIT_QOQ":0.955271625851,"ROA":null,"HOLDER_PROFIT_QOQ":8.921204318694,"ROE_YEARLY":null,"ROIC_YEARLY":null,"TOTAL_ASSETS":null,"TOTAL_LIABILITIES":null,"TAX_EBT":4.127719414344,"OCF_SALES":-36.895289511992,"TOTAL_PARENT_EQUITY":null,"DEBT_ASSET_RATIO":null,"OPERATE_PROFIT":-95413000,"PRETAX_PROFIT":-132979000,"NETCASH_OPERATE":-78318000,"NETCASH_INVEST":-44550000,"NETCASH_FINANCE":39658000,"END_CASH":635048000,"DIVI_RATIO":null,"DIVIDEND_RATE":null,"CURRENT_RATIO":null,"COMMON_ACS":null,"CURRENTDEBT_DEBT":null,"ISSUED_COMMON_SHARES":517346669,"HK_COMMON_SHARES":351899088,"PER_SHARES":500,"TOTAL_MARKET_CAP":5069997356.2,"HKSK_MARKET_CAP":3448611062.4,"PE_TTM":-9.318569020552,"PB_TTM":1.447098378192,"REPORT_DATE_SQ":"2022-06-30 00:00:00","REPORT_TYPE_SQ":"2022年中报","OPERATE_INCOME_SQ":190036000,"DPS_HKD":null,"OPERATE_INCOME_QOQ_SQ":20.181214425403,"NET_PROFIT_RATIO_SQ":-79.6806920794,"HOLDER_PROFIT_SQ":-148707000,"HOLDER_PROFIT_QOQ_SQ":-10.175429114349,"ROE_AVG_SQ":-10.239445071613,"PE_TTM_SQ":-27.722820601998,"PB_TTM_SQ":3.290332246107,"ROA_SQ":-6.168357112399,"START_DATE":"2023-01-01 00:00:00","FISCAL_YEAR":"12-31","CURRENCY":"HKD","IS_CNY_CODE":0,"DPS_HKD_LY":null,"ORG_TYPE":"一般企业","PREMIUM_INCOME":null,"PREMIUM_INCOME_YOY":null,"NET_INTEREST_INCOME":null,"NET_INTEREST_INCOME_YOY":null,"FEE_COMMISSION_INCOME":null,"FEE_COMMISSION_INCOME_YOY":null,"ACCOUNTS_RECE_TDAYS":null,"INVENTORY_TDAYS":null,"CURRENT_ASSETS_TDAYS":0.179029515652,"TOTAL_ASSETS_TDAYS":0.124138281921,"PREMIUM_EXPENSE":null,"LOAN_DEPOSIT":null,"LOAN_EQUITY":null,"LOAN_ASSETS":null,"DEPOSIT_EQUITY":null,"DEPOSIT_ASSETS":null,"EQUITY_MULTIPLIER":null,"EQUITY_RATIO":null},{"SECUCODE":"09663.HK","SECURITY_CODE":"09663","SECURITY_NAME_ABBR":"国鸿氢能","ORG_CODE":"10000460640","STD_REPORT_DATE":"2022-12-31 00:00:00","REPORT_DATE":"2022-12-31 00:00:00","DATE_TYPE_CODE":"001","REPORT_TYPE":"2022年年报","PER_NETCASH_OPERATE":-0.595799070514,"PER_OI":1.7068128851,"BPS":4.452869107001,"BASIC_EPS":-0.72,"DILUTED_EPS":-0.72,"OPERATE_INCOME":748475000,"OPERATE_INCOME_YOY":63.7306458881,"GROSS_PROFIT":158803000,"GROSS_PROFIT_YOY":24.52402609623,"HOLDER_PROFIT":-273416000,"HOLDER_PROFIT_YOY":61.1114587897,"GROSS_PROFIT_RATIO":21.216874311099,"EPS_TTM":-0.623494374285,"OPERATE_INCOME_QOQ":36.236471457642,"NET_PROFIT_RATIO":-37.4397274458,"ROE_AVG":-14.31354621437,"GROSS_PROFIT_QOQ":6.419921861911,"ROA":-9.415548693084,"HOLDER_PROFIT_QOQ":64.703072615241,"ROE_YEARLY":-14.31354621437,"ROIC_YEARLY":-12.483893797229,"TOTAL_ASSETS":3419912000,"TOTAL_LIABILITIES":1120914000,"TAX_EBT":4.580511374664,"OCF_SALES":-34.907111125956,"TOTAL_PARENT_EQUITY":2303677000,"DEBT_ASSET_RATIO":32.7761065197,"OPERATE_PROFIT":-266902000,"PRETAX_PROFIT":-293679000,"NETCASH_OPERATE":-261271000,"NETCASH_INVEST":-446603000,"NETCASH_FINANCE":713894000,"END_CASH":718183000,"DIVI_RATIO":null,"DIVIDEND_RATE":null,"CURRENT_RATIO":2.412939003729,"COMMON_ACS":null,"CURRENTDEBT_DEBT":87.675325671729,"ISSUED_COMMON_SHARES":517346669,"HK_COMMON_SHARES":351899088,"PER_SHARES":500,"TOTAL_MARKET_CAP":5069997356.2,"HKSK_MARKET_CAP":3448611062.4,"PE_TTM":-9.318569020552,"PB_TTM":1.447098378192,"REPORT_DATE_SQ":"2021-12-31 00:00:00","REPORT_TYPE_SQ":"2021年年报","OPERATE_INCOME_SQ":457138000,"DPS_HKD":null,"OPERATE_INCOME_QOQ_SQ":101.486228584777,"NET_PROFIT_RATIO_SQ":-153.7922902931,"HOLDER_PROFIT_SQ":-703076000,"HOLDER_PROFIT_QOQ_SQ":-227.276959027306,"ROE_AVG_SQ":-65.232843552273,"PE_TTM_SQ":-27.722820601998,"PB_TTM_SQ":3.290332246107,"ROA_SQ":-37.429365033945,"START_DATE":"2022-01-01 00:00:00","FISCAL_YEAR":"12-31","CURRENCY":"HKD","IS_CNY_CODE":0,"DPS_HKD_LY":null,"ORG_TYPE":"一般企业","PREMIUM_INCOME":null,"PREMIUM_INCOME_YOY":null,"NET_INTEREST_INCOME":null,"NET_INTEREST_INCOME_YOY":null,"FEE_COMMISSION_INCOME":null,"FEE_COMMISSION_INCOME_YOY":null,"ACCOUNTS_RECE_TDAYS":0.834470060366,"INVENTORY_TDAYS":1.535262330913,"CURRENT_ASSETS_TDAYS":0.356489407481,"TOTAL_ASSETS_TDAYS":0.257750197796,"PREMIUM_EXPENSE":null,"LOAN_DEPOSIT":null,"LOAN_EQUITY":null,"LOAN_ASSETS":null,"DEPOSIT_EQUITY":null,"DEPOSIT_ASSETS":null,"EQUITY_MULTIPLIER":1.487566322372,"EQUITY_RATIO":0.486576026066},{"SECUCODE":"09663.HK","SECURITY_CODE":"09663","SECURITY_NAME_ABBR":"国鸿氢能","ORG_CODE":"10000460640","STD_REPORT_DATE":"2022-06-30 00:00:00","REPORT_DATE":"2022-06-30 00:00:00","DATE_TYPE_CODE":"002","REPORT_TYPE":"2022年中报","PER_NETCASH_OPERATE":-0.126241274473,"PER_OI":0.505923508208,"BPS":2.68270210898,"BASIC_EPS":-0.42,"DILUTED_EPS":-0.42,"OPERATE_INCOME":190036000,"OPERATE_INCOME_YOY":94.3505829413,"GROSS_PROFIT":35401000,"GROSS_PROFIT_YOY":158.288340872611,"HOLDER_PROFIT":-148707000,"HOLDER_PROFIT_YOY":-92.7105201773,"GROSS_PROFIT_RATIO":18.6285756383,"EPS_TTM":-2.062224789815,"OPERATE_INCOME_QOQ":20.181214425403,"NET_PROFIT_RATIO":-79.6806920794,"ROE_AVG":-10.239445071613,"GROSS_PROFIT_QOQ":17.011950316793,"ROA":-6.168357112399,"HOLDER_PROFIT_QOQ":-10.175429114349,"ROE_YEARLY":-20.478890143225,"ROIC_YEARLY":-15.805542520701,"TOTAL_ASSETS":2433765000,"TOTAL_LIABILITIES":1046461000,"TAX_EBT":-0.94732701782,"OCF_SALES":-24.952640552316,"TOTAL_PARENT_EQUITY":1387887000,"DEBT_ASSET_RATIO":42.9976189155,"OPERATE_PROFIT":-143053000,"PRETAX_PROFIT":-150001000,"NETCASH_OPERATE":-47419000,"NETCASH_INVEST":-277998000,"NETCASH_FINANCE":-41684000,"END_CASH":344826000,"DIVI_RATIO":null,"DIVIDEND_RATE":null,"CURRENT_RATIO":2.132481110003,"COMMON_ACS":null,"CURRENTDEBT_DEBT":69.064876760816,"ISSUED_COMMON_SHARES":517346669,"HK_COMMON_SHARES":351899088,"PER_SHARES":500,"TOTAL_MARKET_CAP":5069997356.2,"HKSK_MARKET_CAP":3448611062.4,"PE_TTM":-9.318569020552,"PB_TTM":1.447098378192,"REPORT_DATE_SQ":"2021-06-30 00:00:00","REPORT_TYPE_SQ":"2021年中报","OPERATE_INCOME_SQ":97780000,"DPS_HKD":null,"OPERATE_INCOME_QOQ_SQ":0,"NET_PROFIT_RATIO_SQ":-79.2206995296,"HOLDER_PROFIT_SQ":-77166000,"HOLDER_PROFIT_QOQ_SQ":0,"ROE_AVG_SQ":null,"PE_TTM_SQ":-27.722820601998,"PB_TTM_SQ":3.290332246107,"ROA_SQ":null,"START_DATE":"2022-01-01 00:00:00","FISCAL_YEAR":"12-31","CURRENCY":"HKD","IS_CNY_CODE":0,"DPS_HKD_LY":null,"ORG_TYPE":"一般企业","PREMIUM_INCOME":null,"PREMIUM_INCOME_YOY":null,"NET_INTEREST_INCOME":null,"NET_INTEREST_INCOME_YOY":null,"FEE_COMMISSION_INCOME":null,"FEE_COMMISSION_INCOME_YOY":null,"ACCOUNTS_RECE_TDAYS":0.2807279818,"INVENTORY_TDAYS":0.390602404465,"CURRENT_ASSETS_TDAYS":0.112814016208,"TOTAL_ASSETS_TDAYS":0.078826814623,"PREMIUM_EXPENSE":null,"LOAN_DEPOSIT":null,"LOAN_EQUITY":null,"LOAN_ASSETS":null,"DEPOSIT_EQUITY":null,"DEPOSIT_ASSETS":null,"EQUITY_MULTIPLIER":1.754312681285,"EQUITY_RATIO":0.753995822426},{"SECUCODE":"09663.HK","SECURITY_CODE":"09663","SECURITY_NAME_ABBR":"国鸿氢能","ORG_CODE":"10000460640","STD_REPORT_DATE":"2021-12-31 00:00:00","REPORT_DATE":"2021-12-31 00:00:00","DATE_TYPE_CODE":"001","REPORT_TYPE":"2021年年报","PER_NETCASH_OPERATE":-1.492745366352,"PER_OI":1.217016042724,"BPS":2.931697623436,"BASIC_EPS":-2.23,"DILUTED_EPS":-2.23,"OPERATE_INCOME":457138000,"OPERATE_INCOME_YOY":101.4862285848,"GROSS_PROFIT":127528000,"GROSS_PROFIT_YOY":1497.69481332999,"HOLDER_PROFIT":-703076000,"HOLDER_PROFIT_YOY":-227.2769590273,"GROSS_PROFIT_RATIO":27.897046406118,"EPS_TTM":-1.871764699618,"OPERATE_INCOME_QOQ":101.486228584777,"NET_PROFIT_RATIO":-153.7922902931,"ROE_AVG":-65.232843552273,"GROSS_PROFIT_QOQ":1497.69481332999,"ROA":-37.429365033945,"HOLDER_PROFIT_QOQ":-227.276959027306,"ROE_YEARLY":-65.232843552273,"ROIC_YEARLY":-54.663442157285,"TOTAL_ASSETS":2387843000,"TOTAL_LIABILITIES":869007000,"TAX_EBT":-1.164980926603,"OCF_SALES":-122.656178221894,"TOTAL_PARENT_EQUITY":1516704000,"DEBT_ASSET_RATIO":36.3929705596,"OPERATE_PROFIT":-672812000,"PRETAX_PROFIT":-694947000,"NETCASH_OPERATE":-560708000,"NETCASH_INVEST":-231624000,"NETCASH_FINANCE":1035827000,"END_CASH":711819000,"DIVI_RATIO":null,"DIVIDEND_RATE":null,"CURRENT_RATIO":3.722368739932,"COMMON_ACS":null,"CURRENTDEBT_DEBT":56.504608133191,"ISSUED_COMMON_SHARES":517346669,"HK_COMMON_SHARES":351899088,"PER_SHARES":500,"TOTAL_MARKET_CAP":5069997356.2,"HKSK_MARKET_CAP":3448611062.4,"PE_TTM":-9.318569020552,"PB_TTM":1.447098378192,"REPORT_DATE_SQ":"2020-12-31 00:00:00","REPORT_TYPE_SQ":"2020年年报","OPERATE_INCOME_SQ":226883000,"DPS_HKD":null,"OPERATE_INCOME_QOQ_SQ":-37.990117032267,"NET_PROFIT_RATIO_SQ":-97.5652649163,"HOLDER_PROFIT_SQ":-214826000,"HOLDER_PROFIT_QOQ_SQ":-1110.89831066773,"ROE_AVG_SQ":-53.203790682786,"PE_TTM_SQ":-27.722820601998,"PB_TTM_SQ":3.290332246107,"ROA_SQ":-18.57940936218,"START_DATE":"2021-01-01 00:00:00","FISCAL_YEAR":"12-31","CURRENCY":"HKD","IS_CNY_CODE":0,"DPS_HKD_LY":null,"ORG_TYPE":"一般企业","PREMIUM_INCOME":null,"PREMIUM_INCOME_YOY":null,"NET_INTEREST_INCOME":null,"NET_INTEREST_INCOME_YOY":null,"FEE_COMMISSION_INCOME":null,"FEE_COMMISSION_INCOME_YOY":null,"ACCOUNTS_RECE_TDAYS":0.977629312327,"INVENTORY_TDAYS":1.087149041435,"CURRENT_ASSETS_TDAYS":0.318402533635,"TOTAL_ASSETS_TDAYS":0.243364658627,"PREMIUM_EXPENSE":null,"LOAN_DEPOSIT":null,"LOAN_EQUITY":null,"LOAN_ASSETS":null,"DEPOSIT_EQUITY":null,"DEPOSIT_ASSETS":null,"EQUITY_MULTIPLIER":1.572153280538,"EQUITY_RATIO":0.572957544781},{"SECUCODE":"09663.HK","SECURITY_CODE":"09663","SECURITY_NAME_ABBR":"国鸿氢能","ORG_CODE":"10000460640","STD_REPORT_DATE":"2021-06-30 00:00:00","REPORT_DATE":"2021-06-30 00:00:00","DATE_TYPE_CODE":"002","REPORT_TYPE":"2021年中报","PER_NETCASH_OPERATE":null,"PER_OI":null,"BPS":null,"BASIC_EPS":-0.26,"DILUTED_EPS":-0.26,"OPERATE_INCOME":97780000,"OPERATE_INCOME_YOY":null,"GROSS_PROFIT":13706000,"GROSS_PROFIT_YOY":null,"HOLDER_PROFIT":-77166000,"HOLDER_PROFIT_YOY":null,"GROSS_PROFIT_RATIO":14.017181427695,"EPS_TTM":-0.78041071954,"OPERATE_INCOME_QOQ":0,"NET_PROFIT_RATIO":-79.2206995296,"ROE_AVG":null,"GROSS_PROFIT_QOQ":0,"ROA":null,"HOLDER_PROFIT_QOQ":0,"ROE_YEARLY":null,"ROIC_YEARLY":null,"TOTAL_ASSETS":null,"TOTAL_LIABILITIES":null,"TAX_EBT":2.678593863859,"OCF_SALES":-260.819185927593,"TOTAL_PARENT_EQUITY":null,"DEBT_ASSET_RATIO":null,"OPERATE_PROFIT":-71299000,"PRETAX_PROFIT":-79594000,"NETCASH_OPERATE":-255029000,"NETCASH_INVEST":-72891000,"NETCASH_FINANCE":575371000,"END_CASH":715775000,"DIVI_RATIO":null,"DIVIDEND_RATE":null,"CURRENT_RATIO":null,"COMMON_ACS":null,"CURRENTDEBT_DEBT":null,"ISSUED_COMMON_SHARES":517346669,"HK_COMMON_SHARES":351899088,"PER_SHARES":500,"TOTAL_MARKET_CAP":5069997356.2,"HKSK_MARKET_CAP":3448611062.4,"PE_TTM":-9.318569020552,"PB_TTM":1.447098378192,"REPORT_DATE_SQ":"2020-06-30 00:00:00","REPORT_TYPE_SQ":"2020年中报","OPERATE_INCOME_SQ":null,"DPS_HKD":null,"OPERATE_INCOME_QOQ_SQ":0,"NET_PROFIT_RATIO_SQ":null,"HOLDER_PROFIT_SQ":null,"HOLDER_PROFIT_QOQ_SQ":0,"ROE_AVG_SQ":null,"PE_TTM_SQ":-27.722820601998,"PB_TTM_SQ":3.290332246107,"ROA_SQ":null,"START_DATE":"2021-01-01 00:00:00","FISCAL_YEAR":"12-31","CURRENCY":"HKD","IS_CNY_CODE":0,"DPS_HKD_LY":null,"ORG_TYPE":"一般企业","PREMIUM_INCOME":null,"PREMIUM_INCOME_YOY":null,"NET_INTEREST_INCOME":null,"NET_INTEREST_INCOME_YOY":null,"FEE_COMMISSION_INCOME":null,"FEE_COMMISSION_INCOME_YOY":null,"ACCOUNTS_RECE_TDAYS":null,"INVENTORY_TDAYS":null,"CURRENT_ASSETS_TDAYS":0.187379749649,"TOTAL_ASSETS_TDAYS":0.14285171647,"PREMIUM_EXPENSE":null,"LOAN_DEPOSIT":null,"LOAN_EQUITY":null,"LOAN_ASSETS":null,"DEPOSIT_EQUITY":null,"DEPOSIT_ASSETS":null,"EQUITY_MULTIPLIER":null,"EQUITY_RATIO":null},{"SECUCODE":"09663.HK","SECURITY_CODE":"09663","SECURITY_NAME_ABBR":"国鸿氢能","ORG_CODE":"10000460640","STD_REPORT_DATE":"2020-12-31 00:00:00","REPORT_DATE":"2020-12-31 00:00:00","DATE_TYPE_CODE":"001","REPORT_TYPE":"2020年年报","PER_NETCASH_OPERATE":-0.31470939758,"PER_OI":0.824210874296,"BPS":1.23492628499,"BASIC_EPS":-1.04,"DILUTED_EPS":-1.04,"OPERATE_INCOME":226883000,"OPERATE_INCOME_YOY":-37.9901170323,"GROSS_PROFIT":7982000,"GROSS_PROFIT_YOY":-92.830968205497,"HOLDER_PROFIT":-214826000,"HOLDER_PROFIT_YOY":-1110.8983106677,"GROSS_PROFIT_RATIO":3.518112859932,"EPS_TTM":-0.78041071954,"OPERATE_INCOME_QOQ":-37.990117032267,"NET_PROFIT_RATIO":-97.5652649163,"ROE_AVG":-53.203790682786,"GROSS_PROFIT_QOQ":-92.830968205497,"ROA":-18.57940936218,"HOLDER_PROFIT_QOQ":-1110.89831066773,"ROE_YEARLY":-53.203790682786,"ROIC_YEARLY":-24.57444624104,"TOTAL_ASSETS":1368972000,"TOTAL_LIABILITIES":727988000,"TAX_EBT":1.193133123839,"OCF_SALES":-38.183116408017,"TOTAL_PARENT_EQUITY":638885000,"DEBT_ASSET_RATIO":53.1777129116,"OPERATE_PROFIT":-198960000,"PRETAX_PROFIT":-224032000,"NETCASH_OPERATE":-86631000,"NETCASH_INVEST":-65779000,"NETCASH_FINANCE":536023000,"END_CASH":468384000,"DIVI_RATIO":null,"DIVIDEND_RATE":null,"CURRENT_RATIO":2.194098788013,"COMMON_ACS":null,"CURRENTDEBT_DEBT":65.339675928724,"ISSUED_COMMON_SHARES":517346669,"HK_COMMON_SHARES":351899088,"PER_SHARES":500,"TOTAL_MARKET_CAP":5069997356.2,"HKSK_MARKET_CAP":3448611062.4,"PE_TTM":-9.318569020552,"PB_TTM":1.447098378192,"REPORT_DATE_SQ":"2019-12-31 00:00:00","REPORT_TYPE_SQ":"2019年年报","OPERATE_INCOME_SQ":365882000,"DPS_HKD":null,"OPERATE_INCOME_QOQ_SQ":null,"NET_PROFIT_RATIO_SQ":5.80460367,"HOLDER_PROFIT_SQ":21251000,"HOLDER_PROFIT_QOQ_SQ":null,"ROE_AVG_SQ":12.598859338132,"PE_TTM_SQ":-27.722820601998,"PB_TTM_SQ":3.290332246107,"ROA_SQ":2.252250820046,"START_DATE":"2020-01-01 00:00:00","FISCAL_YEAR":"12-31","CURRENCY":"HKD","IS_CNY_CODE":0,"DPS_HKD_LY":null,"ORG_TYPE":"一般企业","PREMIUM_INCOME":null,"PREMIUM_INCOME_YOY":null,"NET_INTEREST_INCOME":null,"NET_INTEREST_INCOME_YOY":null,"FEE_COMMISSION_INCOME":null,"FEE_COMMISSION_INCOME_YOY":null,"ACCOUNTS_RECE_TDAYS":0.771586223314,"INVENTORY_TDAYS":1.27969250106,"CURRENT_ASSETS_TDAYS":0.276572414924,"TOTAL_ASSETS_TDAYS":0.196221692641,"PREMIUM_EXPENSE":null,"LOAN_DEPOSIT":null,"LOAN_EQUITY":null,"LOAN_ASSETS":null,"DEPOSIT_EQUITY":null,"DEPOSIT_ASSETS":null,"EQUITY_MULTIPLIER":2.13573505735,"EQUITY_RATIO":1.139466414143},{"SECUCODE":"09663.HK","SECURITY_CODE":"09663","SECURITY_NAME_ABBR":"国鸿氢能","ORG_CODE":"10000460640","STD_REPORT_DATE":"2019-12-31 00:00:00","REPORT_DATE":"2019-12-31 00:00:00","DATE_TYPE_CODE":"001","REPORT_TYPE":"2019年年报","PER_NETCASH_OPERATE":-0.068435,"PER_OI":1.82941,"BPS":0.326036698615,"BASIC_EPS":0.11,"DILUTED_EPS":0.11,"OPERATE_INCOME":365882000,"OPERATE_INCOME_YOY":null,"GROSS_PROFIT":111340000,"GROSS_PROFIT_YOY":null,"HOLDER_PROFIT":21251000,"HOLDER_PROFIT_YOY":null,"GROSS_PROFIT_RATIO":30.430575978048,"EPS_TTM":0.106255,"OPERATE_INCOME_QOQ":null,"NET_PROFIT_RATIO":5.80460367,"ROE_AVG":12.598859338132,"GROSS_PROFIT_QOQ":null,"ROA":2.252250820046,"HOLDER_PROFIT_QOQ":null,"ROE_YEARLY":12.598859338132,"ROIC_YEARLY":2.500470654681,"TOTAL_ASSETS":943545000,"TOTAL_LIABILITIES":766239000,"TAX_EBT":-1.186335699652,"OCF_SALES":-3.740823544203,"TOTAL_PARENT_EQUITY":168674000,"DEBT_ASSET_RATIO":81.2085274152,"OPERATE_PROFIT":46883000,"PRETAX_PROFIT":20989000,"NETCASH_OPERATE":-13687000,"NETCASH_INVEST":-18141000,"NETCASH_FINANCE":70572000,"END_CASH":85033000,"DIVI_RATIO":null,"DIVIDEND_RATE":null,"CURRENT_RATIO":3.055847878385,"COMMON_ACS":null,"CURRENTDEBT_DEBT":25.497266518671,"ISSUED_COMMON_SHARES":517346669,"HK_COMMON_SHARES":351899088,"PER_SHARES":500,"TOTAL_MARKET_CAP":5069997356.2,"HKSK_MARKET_CAP":3448611062.4,"PE_TTM":-9.318569020552,"PB_TTM":1.447098378192,"REPORT_DATE_SQ":"2018-12-31 00:00:00","REPORT_TYPE_SQ":"2018年年报","OPERATE_INCOME_SQ":null,"DPS_HKD":null,"OPERATE_INCOME_QOQ_SQ":null,"NET_PROFIT_RATIO_SQ":null,"HOLDER_PROFIT_SQ":null,"HOLDER_PROFIT_QOQ_SQ":null,"ROE_AVG_SQ":null,"PE_TTM_SQ":-27.722820601998,"PB_TTM_SQ":3.290332246107,"ROA_SQ":null,"START_DATE":"2019-01-01 00:00:00","FISCAL_YEAR":"12-31","CURRENCY":"HKD","IS_CNY_CODE":0,"DPS_HKD_LY":null,"ORG_TYPE":"一般企业","PREMIUM_INCOME":null,"PREMIUM_INCOME_YOY":null,"NET_INTEREST_INCOME":null,"NET_INTEREST_INCOME_YOY":null,"FEE_COMMISSION_INCOME":null,"FEE_COMMISSION_INCOME_YOY":null,"ACCOUNTS_RECE_TDAYS":1.220741956686,"INVENTORY_TDAYS":2.049139020601,"CURRENT_ASSETS_TDAYS":1.225692228582,"TOTAL_ASSETS_TDAYS":0.775547536154,"PREMIUM_EXPENSE":null,"LOAN_DEPOSIT":null,"LOAN_EQUITY":null,"LOAN_ASSETS":null,"DEPOSIT_EQUITY":null,"DEPOSIT_ASSETS":null,"EQUITY_MULTIPLIER":5.321562722066,"EQUITY_RATIO":4.542721462703}],"count":9},"success":true,"message":"ok","code":0}