{"version":"4d46478b0033685ff7f84ef439badd8d","result":{"pages":2,"data":[{"SECUCODE":"09677.HK","SECURITY_CODE":"09677","SECURITY_NAME_ABBR":"威海银行","ORG_CODE":"10009844","STD_REPORT_DATE":"2024-06-30 00:00:00","REPORT_DATE":"2024-06-30 00:00:00","DATE_TYPE_CODE":"002","REPORT_TYPE":"2024年中报","PER_NETCASH_OPERATE":-0.526567103339,"PER_OI":0.761867483211,"BPS":3.915780859144,"BASIC_EPS":0.18,"DILUTED_EPS":0.18,"OPERATE_INCOME":4556012000,"OPERATE_INCOME_YOY":4.7604484821,"GROSS_PROFIT":null,"GROSS_PROFIT_YOY":null,"HOLDER_PROFIT":1074481000,"HOLDER_PROFIT_YOY":2.5800606422,"GROSS_PROFIT_RATIO":null,"EPS_TTM":0.32789830587,"OPERATE_INCOME_QOQ":2.370001690806,"NET_PROFIT_RATIO":26.0805941688,"ROE_AVG":3.997641405671,"GROSS_PROFIT_QOQ":null,"ROA":0.263760168862,"HOLDER_PROFIT_QOQ":1.397488708912,"ROE_YEARLY":7.995282811343,"ROIC_YEARLY":0.567058139409,"TOTAL_ASSETS":422864084000,"TOTAL_LIABILITIES":393541586000,"TAX_EBT":16.078046106982,"OCF_SALES":-69.115314007075,"TOTAL_PARENT_EQUITY":27515799000,"DEBT_ASSET_RATIO":93.0657392979,"OPERATE_PROFIT":1415881000,"PRETAX_PROFIT":1415881000,"NETCASH_OPERATE":-3148902000,"NETCASH_INVEST":-4201109000,"NETCASH_FINANCE":9512910000,"END_CASH":15157471000,"DIVI_RATIO":0.304526316094,"DIVIDEND_RATE":3.747857142857,"CURRENT_RATIO":null,"COMMON_ACS":null,"CURRENTDEBT_DEBT":null,"ISSUED_COMMON_SHARES":5980058344,"HK_COMMON_SHARES":1008861000,"PER_SHARES":1000,"TOTAL_MARKET_CAP":17581371531.36,"HKSK_MARKET_CAP":2966051340,"PE_TTM":8.082888472283,"PB_TTM":0.685247539768,"REPORT_DATE_SQ":"2023-06-30 00:00:00","REPORT_TYPE_SQ":"2023年中报","OPERATE_INCOME_SQ":4348981000,"DPS_HKD":0.110187,"OPERATE_INCOME_QOQ_SQ":1.35451648422,"NET_PROFIT_RATIO_SQ":26.5504264102,"HOLDER_PROFIT_SQ":1047456000,"HOLDER_PROFIT_QOQ_SQ":2.896203211558,"ROE_AVG_SQ":4.223986163939,"PE_TTM_SQ":7.935448260564,"PB_TTM_SQ":0.723105862233,"ROA_SQ":0.2908855123,"START_DATE":"2024-01-01 00:00:00","FISCAL_YEAR":"12-31","CURRENCY":"HKD","IS_CNY_CODE":0,"DPS_HKD_LY":0.110187,"ORG_TYPE":"银行","PREMIUM_INCOME":null,"PREMIUM_INCOME_YOY":null,"NET_INTEREST_INCOME":3463337000,"NET_INTEREST_INCOME_YOY":5.21394813454,"FEE_COMMISSION_INCOME":null,"FEE_COMMISSION_INCOME_YOY":null,"ACCOUNTS_RECE_TDAYS":null,"INVENTORY_TDAYS":null,"CURRENT_ASSETS_TDAYS":null,"TOTAL_ASSETS_TDAYS":0.011183952945,"PREMIUM_EXPENSE":null,"LOAN_DEPOSIT":69.966746570829,"LOAN_EQUITY":6.910334242328,"LOAN_ASSETS":47.918059174777,"DEPOSIT_EQUITY":9.876597928321,"DEPOSIT_ASSETS":68.486904884549,"EQUITY_MULTIPLIER":14.421148020829,"EQUITY_RATIO":14.302386276335},{"SECUCODE":"09677.HK","SECURITY_CODE":"09677","SECURITY_NAME_ABBR":"威海银行","ORG_CODE":"10009844","STD_REPORT_DATE":"2023-12-31 00:00:00","REPORT_DATE":"2023-12-31 00:00:00","DATE_TYPE_CODE":"001","REPORT_TYPE":"2023年年报","PER_NETCASH_OPERATE":1.842934026063,"PER_OI":1.460768189455,"BPS":3.702429930674,"BASIC_EPS":0.29,"DILUTED_EPS":0.29,"OPERATE_INCOME":8735479000,"OPERATE_INCOME_YOY":5.3618840542,"GROSS_PROFIT":null,"GROSS_PROFIT_YOY":null,"HOLDER_PROFIT":1933826000,"HOLDER_PROFIT_YOY":1.4371911434,"GROSS_PROFIT_RATIO":null,"EPS_TTM":0.323379119192,"OPERATE_INCOME_QOQ":3.953812527586,"NET_PROFIT_RATIO":24.2262731099,"ROE_AVG":7.675878576204,"GROSS_PROFIT_QOQ":null,"ROA":0.525796333201,"HOLDER_PROFIT_QOQ":-1.417945485438,"ROE_YEARLY":7.675878576204,"ROIC_YEARLY":0.570666495746,"TOTAL_ASSETS":391876826000,"TOTAL_LIABILITIES":363868933000,"TAX_EBT":7.658202689512,"OCF_SALES":126.16197692193,"TOTAL_PARENT_EQUITY":26239948000,"DEBT_ASSET_RATIO":92.8528835742,"OPERATE_PROFIT":2291791000,"PRETAX_PROFIT":2291791000,"NETCASH_OPERATE":11020853000,"NETCASH_INVEST":-16170747000,"NETCASH_FINANCE":618963000,"END_CASH":12994610000,"DIVI_RATIO":0.308782036977,"DIVIDEND_RATE":3.812698961938,"CURRENT_RATIO":null,"COMMON_ACS":null,"CURRENTDEBT_DEBT":null,"ISSUED_COMMON_SHARES":5980058344,"HK_COMMON_SHARES":1008861000,"PER_SHARES":1000,"TOTAL_MARKET_CAP":17282368614.16,"HKSK_MARKET_CAP":2915608290,"PE_TTM":7.945424382619,"PB_TTM":0.673593670044,"REPORT_DATE_SQ":"2022-12-31 00:00:00","REPORT_TYPE_SQ":"2022年年报","OPERATE_INCOME_SQ":8290929000,"DPS_HKD":0.110187,"OPERATE_INCOME_QOQ_SQ":3.945291034889,"NET_PROFIT_RATIO_SQ":25.0693257655,"HOLDER_PROFIT_SQ":1906427000,"HOLDER_PROFIT_QOQ_SQ":2.78165354059,"ROE_AVG_SQ":8.04348534169,"PE_TTM_SQ":7.935448260564,"PB_TTM_SQ":0.723105862233,"ROA_SQ":0.588200190958,"START_DATE":"2023-01-01 00:00:00","FISCAL_YEAR":"12-31","CURRENCY":"HKD","IS_CNY_CODE":0,"DPS_HKD_LY":null,"ORG_TYPE":"银行","PREMIUM_INCOME":null,"PREMIUM_INCOME_YOY":null,"NET_INTEREST_INCOME":6623535000,"NET_INTEREST_INCOME_YOY":2.68209135193,"FEE_COMMISSION_INCOME":632681000,"FEE_COMMISSION_INCOME_YOY":null,"ACCOUNTS_RECE_TDAYS":null,"INVENTORY_TDAYS":null,"CURRENT_ASSETS_TDAYS":null,"TOTAL_ASSETS_TDAYS":0.023751272488,"PREMIUM_EXPENSE":null,"LOAN_DEPOSIT":68.421888040941,"LOAN_EQUITY":6.693158532132,"LOAN_ASSETS":47.836783285572,"DEPOSIT_EQUITY":9.782189185027,"DEPOSIT_ASSETS":69.914445004717,"EQUITY_MULTIPLIER":13.991656780491,"EQUITY_RATIO":13.866983768413},{"SECUCODE":"09677.HK","SECURITY_CODE":"09677","SECURITY_NAME_ABBR":"威海银行","ORG_CODE":"10009844","STD_REPORT_DATE":"2023-06-30 00:00:00","REPORT_DATE":"2023-06-30 00:00:00","DATE_TYPE_CODE":"002","REPORT_TYPE":"2023年中报","PER_NETCASH_OPERATE":1.342759307366,"PER_OI":0.727247252422,"BPS":3.570077543043,"BASIC_EPS":0.18,"DILUTED_EPS":0.18,"OPERATE_INCOME":4348981000,"OPERATE_INCOME_YOY":2.6507082552,"GROSS_PROFIT":null,"GROSS_PROFIT_YOY":null,"HOLDER_PROFIT":1047456000,"HOLDER_PROFIT_YOY":5.5645699335,"GROSS_PROFIT_RATIO":null,"EPS_TTM":0.328030411604,"OPERATE_INCOME_QOQ":1.35451648422,"NET_PROFIT_RATIO":26.5504264102,"ROE_AVG":4.223986163939,"GROSS_PROFIT_QOQ":null,"ROA":0.2908855123,"HOLDER_PROFIT_QOQ":2.896203211558,"ROE_YEARLY":8.447972327877,"ROIC_YEARLY":0.630636387672,"TOTAL_ASSETS":376481325000,"TOTAL_LIABILITIES":349340145000,"TAX_EBT":10.38327239481,"OCF_SALES":184.635872173275,"TOTAL_PARENT_EQUITY":25448473000,"DEBT_ASSET_RATIO":92.7908296647,"OPERATE_PROFIT":1288457000,"PRETAX_PROFIT":1288457000,"NETCASH_OPERATE":8029779000,"NETCASH_INVEST":-9511594000,"NETCASH_FINANCE":-1494122000,"END_CASH":14552203000,"DIVI_RATIO":0.304403676024,"DIVIDEND_RATE":3.812698961938,"CURRENT_RATIO":null,"COMMON_ACS":null,"CURRENTDEBT_DEBT":null,"ISSUED_COMMON_SHARES":5980058344,"HK_COMMON_SHARES":1008861000,"PER_SHARES":1000,"TOTAL_MARKET_CAP":17282368614.16,"HKSK_MARKET_CAP":2915608290,"PE_TTM":7.945424382619,"PB_TTM":0.673593670044,"REPORT_DATE_SQ":"2022-06-30 00:00:00","REPORT_TYPE_SQ":"2022年中报","OPERATE_INCOME_SQ":4236679000,"DPS_HKD":0.110187,"OPERATE_INCOME_QOQ_SQ":8.117087672479,"NET_PROFIT_RATIO_SQ":25.7319235184,"HOLDER_PROFIT_SQ":992242000,"HOLDER_PROFIT_QOQ_SQ":6.266815167224,"ROE_AVG_SQ":4.242076535544,"PE_TTM_SQ":7.935448260564,"PB_TTM_SQ":0.723105862233,"ROA_SQ":0.311447782662,"START_DATE":"2023-01-01 00:00:00","FISCAL_YEAR":"12-31","CURRENCY":"HKD","IS_CNY_CODE":0,"DPS_HKD_LY":null,"ORG_TYPE":"银行","PREMIUM_INCOME":null,"PREMIUM_INCOME_YOY":null,"NET_INTEREST_INCOME":3291709000,"NET_INTEREST_INCOME_YOY":2.601323088087,"FEE_COMMISSION_INCOME":null,"FEE_COMMISSION_INCOME_YOY":null,"ACCOUNTS_RECE_TDAYS":null,"INVENTORY_TDAYS":null,"CURRENT_ASSETS_TDAYS":null,"TOTAL_ASSETS_TDAYS":0.012077410089,"PREMIUM_EXPENSE":null,"LOAN_DEPOSIT":67.418960006339,"LOAN_EQUITY":6.586242897324,"LOAN_ASSETS":47.481346916743,"DEPOSIT_EQUITY":9.769125623867,"DEPOSIT_ASSETS":70.427290649808,"EQUITY_MULTIPLIER":13.871221700831,"EQUITY_RATIO":13.727351931882},{"SECUCODE":"09677.HK","SECURITY_CODE":"09677","SECURITY_NAME_ABBR":"威海银行","ORG_CODE":"10009844","STD_REPORT_DATE":"2022-12-31 00:00:00","REPORT_DATE":"2022-12-31 00:00:00","DATE_TYPE_CODE":"001","REPORT_TYPE":"2022年年报","PER_NETCASH_OPERATE":1.012093135525,"PER_OI":1.38642944986,"BPS":3.352466121023,"BASIC_EPS":0.28,"DILUTED_EPS":0.28,"OPERATE_INCOME":8290929000,"OPERATE_INCOME_YOY":12.3826214396,"GROSS_PROFIT":null,"GROSS_PROFIT_YOY":null,"HOLDER_PROFIT":1906427000,"HOLDER_PROFIT_YOY":9.2227897938,"GROSS_PROFIT_RATIO":null,"EPS_TTM":0.318797391319,"OPERATE_INCOME_QOQ":3.945291034889,"NET_PROFIT_RATIO":25.0693257655,"ROE_AVG":8.04348534169,"GROSS_PROFIT_QOQ":null,"ROA":0.588200190958,"HOLDER_PROFIT_QOQ":2.78165354059,"ROE_YEARLY":8.04348534169,"ROIC_YEARLY":0.641723821349,"TOTAL_ASSETS":343703047000,"TOTAL_LIABILITIES":317970413000,"TAX_EBT":6.460266720191,"OCF_SALES":72.999973826817,"TOTAL_PARENT_EQUITY":24147144000,"DEBT_ASSET_RATIO":92.5131201994,"OPERATE_PROFIT":2222029000,"PRETAX_PROFIT":2222029000,"NETCASH_OPERATE":6052376000,"NETCASH_INVEST":-10096087000,"NETCASH_FINANCE":886126000,"END_CASH":17525673000,"DIVI_RATIO":0.313219825065,"DIVIDEND_RATE":3.812698961938,"CURRENT_RATIO":null,"COMMON_ACS":null,"CURRENTDEBT_DEBT":null,"ISSUED_COMMON_SHARES":5980058344,"HK_COMMON_SHARES":1008861000,"PER_SHARES":1000,"TOTAL_MARKET_CAP":17282368614.16,"HKSK_MARKET_CAP":2915608290,"PE_TTM":7.945424382619,"PB_TTM":0.673593670044,"REPORT_DATE_SQ":"2021-12-31 00:00:00","REPORT_TYPE_SQ":"2021年年报","OPERATE_INCOME_SQ":7377412000,"DPS_HKD":0.110187,"OPERATE_INCOME_QOQ_SQ":11.003275444428,"NET_PROFIT_RATIO_SQ":25.6419459832,"HOLDER_PROFIT_SQ":1745448000,"HOLDER_PROFIT_QOQ_SQ":10.605168656521,"ROE_AVG_SQ":7.904835355897,"PE_TTM_SQ":7.935448260564,"PB_TTM_SQ":0.723105862233,"ROA_SQ":0.610165868264,"START_DATE":"2022-01-01 00:00:00","FISCAL_YEAR":"12-31","CURRENCY":"HKD","IS_CNY_CODE":0,"DPS_HKD_LY":0.117378,"ORG_TYPE":"银行","PREMIUM_INCOME":null,"PREMIUM_INCOME_YOY":null,"NET_INTEREST_INCOME":6450526000,"NET_INTEREST_INCOME_YOY":6.663758593794,"FEE_COMMISSION_INCOME":677424000,"FEE_COMMISSION_INCOME_YOY":null,"ACCOUNTS_RECE_TDAYS":null,"INVENTORY_TDAYS":null,"CURRENT_ASSETS_TDAYS":null,"TOTAL_ASSETS_TDAYS":0.025580449821,"PREMIUM_EXPENSE":null,"LOAN_DEPOSIT":68.980377324013,"LOAN_EQUITY":6.28580634225,"LOAN_ASSETS":47.061076534477,"DEPOSIT_EQUITY":9.112455724509,"DEPOSIT_ASSETS":68.223860697982,"EQUITY_MULTIPLIER":13.35669900724,"EQUITY_RATIO":13.168033991929},{"SECUCODE":"09677.HK","SECURITY_CODE":"09677","SECURITY_NAME_ABBR":"威海银行","ORG_CODE":"10009844","STD_REPORT_DATE":"2022-06-30 00:00:00","REPORT_DATE":"2022-06-30 00:00:00","DATE_TYPE_CODE":"002","REPORT_TYPE":"2022年中报","PER_NETCASH_OPERATE":1.475727408054,"PER_OI":0.708467836982,"BPS":3.24844522955,"BASIC_EPS":0.17,"DILUTED_EPS":0.17,"OPERATE_INCOME":4236679000,"OPERATE_INCOME_YOY":16.4611330655,"GROSS_PROFIT":null,"GROSS_PROFIT_YOY":null,"HOLDER_PROFIT":992242000,"HOLDER_PROFIT_YOY":12.3897614339,"GROSS_PROFIT_RATIO":null,"EPS_TTM":0.310169549075,"OPERATE_INCOME_QOQ":8.117087672479,"NET_PROFIT_RATIO":25.7319235184,"ROE_AVG":4.242076535544,"GROSS_PROFIT_QOQ":null,"ROA":0.311447782662,"HOLDER_PROFIT_QOQ":6.266815167224,"ROE_YEARLY":8.484153071088,"ROIC_YEARLY":0.679026138096,"TOTAL_ASSETS":332659511000,"TOTAL_LIABILITIES":307623043000,"TAX_EBT":9.435970113793,"OCF_SALES":208.298433749642,"TOTAL_PARENT_EQUITY":23525093000,"DEBT_ASSET_RATIO":92.4738457275,"OPERATE_PROFIT":1203766000,"PRETAX_PROFIT":1203766000,"NETCASH_OPERATE":8824936000,"NETCASH_INVEST":-8287530000,"NETCASH_FINANCE":-3880809000,"END_CASH":17182110000,"DIVI_RATIO":0.321932515419,"DIVIDEND_RATE":3.812698961938,"CURRENT_RATIO":null,"COMMON_ACS":null,"CURRENTDEBT_DEBT":null,"ISSUED_COMMON_SHARES":5980058344,"HK_COMMON_SHARES":1008861000,"PER_SHARES":1000,"TOTAL_MARKET_CAP":17282368614.16,"HKSK_MARKET_CAP":2915608290,"PE_TTM":7.945424382619,"PB_TTM":0.673593670044,"REPORT_DATE_SQ":"2021-06-30 00:00:00","REPORT_TYPE_SQ":"2021年中报","OPERATE_INCOME_SQ":3637848000,"DPS_HKD":0.110187,"OPERATE_INCOME_QOQ_SQ":10.145188138345,"NET_PROFIT_RATIO_SQ":26.4393124726,"HOLDER_PROFIT_SQ":882858000,"HOLDER_PROFIT_QOQ_SQ":4.540567468254,"ROE_AVG_SQ":4.191924940035,"PE_TTM_SQ":7.935448260564,"PB_TTM_SQ":0.723105862233,"ROA_SQ":0.317586224117,"START_DATE":"2022-01-01 00:00:00","FISCAL_YEAR":"12-31","CURRENCY":"HKD","IS_CNY_CODE":0,"DPS_HKD_LY":0.117378,"ORG_TYPE":"银行","PREMIUM_INCOME":null,"PREMIUM_INCOME_YOY":null,"NET_INTEREST_INCOME":3208252000,"NET_INTEREST_INCOME_YOY":9.909735839955,"FEE_COMMISSION_INCOME":370056000,"FEE_COMMISSION_INCOME_YOY":null,"ACCOUNTS_RECE_TDAYS":null,"INVENTORY_TDAYS":null,"CURRENT_ASSETS_TDAYS":null,"TOTAL_ASSETS_TDAYS":0.01329821032,"PREMIUM_EXPENSE":null,"LOAN_DEPOSIT":68.374304394637,"LOAN_EQUITY":6.268578139696,"LOAN_ASSETS":47.178286148566,"DEPOSIT_EQUITY":9.168032048291,"DEPOSIT_ASSETS":69.000023570647,"EQUITY_MULTIPLIER":13.286998429649,"EQUITY_RATIO":13.07637946426},{"SECUCODE":"09677.HK","SECURITY_CODE":"09677","SECURITY_NAME_ABBR":"威海银行","ORG_CODE":"10009844","STD_REPORT_DATE":"2021-12-31 00:00:00","REPORT_DATE":"2021-12-31 00:00:00","DATE_TYPE_CODE":"001","REPORT_TYPE":"2021年年报","PER_NETCASH_OPERATE":1.138859958922,"PER_OI":1.233668900137,"BPS":3.203424096894,"BASIC_EPS":0.26,"DILUTED_EPS":0.26,"OPERATE_INCOME":7377412000,"OPERATE_INCOME_YOY":22.264766578,"GROSS_PROFIT":null,"GROSS_PROFIT_YOY":null,"HOLDER_PROFIT":1745448000,"HOLDER_PROFIT_YOY":15.6272709627,"GROSS_PROFIT_RATIO":null,"EPS_TTM":0.29187808874,"OPERATE_INCOME_QOQ":11.003275444428,"NET_PROFIT_RATIO":25.6419459832,"ROE_AVG":7.904835355897,"GROSS_PROFIT_QOQ":null,"ROA":0.610165868264,"HOLDER_PROFIT_QOQ":10.605168656521,"ROE_YEARLY":7.904835355897,"ROIC_YEARLY":0.668007782792,"TOTAL_ASSETS":304520816000,"TOTAL_LIABILITIES":280350608000,"TAX_EBT":14.59231033175,"OCF_SALES":92.314879526859,"TOTAL_PARENT_EQUITY":23255864000,"DEBT_ASSET_RATIO":92.062871656,"OPERATE_PROFIT":2214920000,"PRETAX_PROFIT":2214920000,"NETCASH_OPERATE":6810449000,"NETCASH_INVEST":-15600508000,"NETCASH_FINANCE":1509012000,"END_CASH":20527169000,"DIVI_RATIO":0.342107431123,"DIVIDEND_RATE":3.812698961938,"CURRENT_RATIO":null,"COMMON_ACS":null,"CURRENTDEBT_DEBT":null,"ISSUED_COMMON_SHARES":5980058344,"HK_COMMON_SHARES":1008861000,"PER_SHARES":1000,"TOTAL_MARKET_CAP":17282368614.16,"HKSK_MARKET_CAP":2915608290,"PE_TTM":7.945424382619,"PB_TTM":0.673593670044,"REPORT_DATE_SQ":"2020-12-31 00:00:00","REPORT_TYPE_SQ":"2020年年报","OPERATE_INCOME_SQ":6033964000,"DPS_HKD":0.110187,"OPERATE_INCOME_QOQ_SQ":8.549463608818,"NET_PROFIT_RATIO_SQ":27.3160562443,"HOLDER_PROFIT_SQ":1509547000,"HOLDER_PROFIT_QOQ_SQ":3.208349941646,"ROE_AVG_SQ":7.881781243809,"PE_TTM_SQ":7.935448260564,"PB_TTM_SQ":0.723105862233,"ROA_SQ":0.613341330183,"START_DATE":"2021-01-01 00:00:00","FISCAL_YEAR":"12-31","CURRENCY":"HKD","IS_CNY_CODE":0,"DPS_HKD_LY":0.1213651,"ORG_TYPE":"银行","PREMIUM_INCOME":null,"PREMIUM_INCOME_YOY":null,"NET_INTEREST_INCOME":6047533000,"NET_INTEREST_INCOME_YOY":29.822384197885,"FEE_COMMISSION_INCOME":592089000,"FEE_COMMISSION_INCOME_YOY":null,"ACCOUNTS_RECE_TDAYS":null,"INVENTORY_TDAYS":null,"CURRENT_ASSETS_TDAYS":null,"TOTAL_ASSETS_TDAYS":0.025789625348,"PREMIUM_EXPENSE":null,"LOAN_DEPOSIT":68.854169929021,"LOAN_EQUITY":5.892349623139,"LOAN_ASSETS":46.768335206353,"DEPOSIT_EQUITY":8.557723706805,"DEPOSIT_ASSETS":67.923751393074,"EQUITY_MULTIPLIER":12.599015118055,"EQUITY_RATIO":12.055050201532},{"SECUCODE":"09677.HK","SECURITY_CODE":"09677","SECURITY_NAME_ABBR":"威海银行","ORG_CODE":"10009844","STD_REPORT_DATE":"2021-06-30 00:00:00","REPORT_DATE":"2021-06-30 00:00:00","DATE_TYPE_CODE":"002","REPORT_TYPE":"2021年中报","PER_NETCASH_OPERATE":0.057607297485,"PER_OI":0.60832985077,"BPS":3.046208406692,"BASIC_EPS":0.15,"DILUTED_EPS":0.15,"OPERATE_INCOME":3637848000,"OPERATE_INCOME_YOY":20.2319734566,"GROSS_PROFIT":null,"GROSS_PROFIT_YOY":null,"HOLDER_PROFIT":882858000,"HOLDER_PROFIT_YOY":8.4171255385,"GROSS_PROFIT_RATIO":null,"EPS_TTM":0.263891906938,"OPERATE_INCOME_QOQ":10.145188138345,"NET_PROFIT_RATIO":26.4393124726,"ROE_AVG":4.191924940035,"GROSS_PROFIT_QOQ":null,"ROA":0.317586224117,"HOLDER_PROFIT_QOQ":4.540567468254,"ROE_YEARLY":8.383849880069,"ROIC_YEARLY":0.692414181006,"TOTAL_ASSETS":288378387000,"TOTAL_LIABILITIES":266315164000,"TAX_EBT":17.380316727312,"OCF_SALES":9.469746949295,"TOTAL_PARENT_EQUITY":21216179000,"DEBT_ASSET_RATIO":92.3492106224,"OPERATE_PROFIT":1164156000,"PRETAX_PROFIT":1164156000,"NETCASH_OPERATE":344495000,"NETCASH_INVEST":-4904759000,"NETCASH_FINANCE":-1262547000,"END_CASH":22068908000,"DIVI_RATIO":0.37838850118,"DIVIDEND_RATE":3.812698961938,"CURRENT_RATIO":null,"COMMON_ACS":null,"CURRENTDEBT_DEBT":null,"ISSUED_COMMON_SHARES":5980058344,"HK_COMMON_SHARES":1008861000,"PER_SHARES":1000,"TOTAL_MARKET_CAP":17282368614.16,"HKSK_MARKET_CAP":2915608290,"PE_TTM":7.945424382619,"PB_TTM":0.673593670044,"REPORT_DATE_SQ":"2020-06-30 00:00:00","REPORT_TYPE_SQ":"2020年中报","OPERATE_INCOME_SQ":3025691000,"DPS_HKD":0.110187,"OPERATE_INCOME_QOQ_SQ":5.817290367482,"NET_PROFIT_RATIO_SQ":29.1578353507,"HOLDER_PROFIT_SQ":814316000,"HOLDER_PROFIT_QOQ_SQ":1.348569353758,"ROE_AVG_SQ":4.660927358069,"PE_TTM_SQ":7.935448260564,"PB_TTM_SQ":0.723105862233,"ROA_SQ":0.339155970001,"START_DATE":"2021-01-01 00:00:00","FISCAL_YEAR":"12-31","CURRENCY":"HKD","IS_CNY_CODE":0,"DPS_HKD_LY":0.1213651,"ORG_TYPE":"银行","PREMIUM_INCOME":null,"PREMIUM_INCOME_YOY":null,"NET_INTEREST_INCOME":2918988000,"NET_INTEREST_INCOME_YOY":48.11987458219,"FEE_COMMISSION_INCOME":346322000,"FEE_COMMISSION_INCOME_YOY":null,"ACCOUNTS_RECE_TDAYS":null,"INVENTORY_TDAYS":null,"CURRENT_ASSETS_TDAYS":null,"TOTAL_ASSETS_TDAYS":0.013086254077,"PREMIUM_EXPENSE":null,"LOAN_DEPOSIT":71.398477341351,"LOAN_EQUITY":6.259023398349,"LOAN_ASSETS":47.886469730479,"DEPOSIT_EQUITY":8.766326161867,"DEPOSIT_ASSETS":67.069315080121,"EQUITY_MULTIPLIER":13.070546719373,"EQUITY_RATIO":12.552456500296},{"SECUCODE":"09677.HK","SECURITY_CODE":"09677","SECURITY_NAME_ABBR":"威海银行","ORG_CODE":"10009844","STD_REPORT_DATE":"2020-12-31 00:00:00","REPORT_DATE":"2020-12-31 00:00:00","DATE_TYPE_CODE":"001","REPORT_TYPE":"2020年年报","PER_NETCASH_OPERATE":0.811570175543,"PER_OI":1.009014235798,"BPS":2.994283160793,"BASIC_EPS":0.26,"DILUTED_EPS":0.26,"OPERATE_INCOME":6033964000,"OPERATE_INCOME_YOY":21.9676733204,"GROSS_PROFIT":null,"GROSS_PROFIT_YOY":null,"HOLDER_PROFIT":1509547000,"HOLDER_PROFIT_YOY":4.8517881553,"GROSS_PROFIT_RATIO":null,"EPS_TTM":0.252430145855,"OPERATE_INCOME_QOQ":8.549463608818,"NET_PROFIT_RATIO":27.3160562443,"ROE_AVG":7.881781243809,"GROSS_PROFIT_QOQ":null,"ROA":0.613341330183,"HOLDER_PROFIT_QOQ":3.208349941646,"ROE_YEARLY":7.881781243809,"ROIC_YEARLY":0.676562034104,"TOTAL_ASSETS":267601648000,"TOTAL_LIABILITIES":245927905000,"TAX_EBT":15.529747835766,"OCF_SALES":80.431984678729,"TOTAL_PARENT_EQUITY":20905663000,"DEBT_ASSET_RATIO":91.900743825,"OPERATE_PROFIT":1951268000,"PRETAX_PROFIT":1951268000,"NETCASH_OPERATE":4853237000,"NETCASH_INVEST":-14456422000,"NETCASH_FINANCE":2341068000,"END_CASH":27895102000,"DIVI_RATIO":0.395569486369,"DIVIDEND_RATE":3.812698961938,"CURRENT_RATIO":null,"COMMON_ACS":null,"CURRENTDEBT_DEBT":null,"ISSUED_COMMON_SHARES":5980058344,"HK_COMMON_SHARES":1008861000,"PER_SHARES":1000,"TOTAL_MARKET_CAP":17282368614.16,"HKSK_MARKET_CAP":2915608290,"PE_TTM":7.945424382619,"PB_TTM":0.673593670044,"REPORT_DATE_SQ":"2019-12-31 00:00:00","REPORT_TYPE_SQ":"2019年年报","OPERATE_INCOME_SQ":4947183000,"DPS_HKD":0.110187,"OPERATE_INCOME_QOQ_SQ":29.050057675182,"NET_PROFIT_RATIO_SQ":30.7985574821,"HOLDER_PROFIT_SQ":1439696000,"HOLDER_PROFIT_QOQ_SQ":49.284424065583,"ROE_AVG_SQ":9.358996961324,"PE_TTM_SQ":7.935448260564,"PB_TTM_SQ":0.723105862233,"ROA_SQ":0.673136679719,"START_DATE":"2020-01-01 00:00:00","FISCAL_YEAR":"12-31","CURRENCY":"HKD","IS_CNY_CODE":0,"DPS_HKD_LY":null,"ORG_TYPE":"银行","PREMIUM_INCOME":null,"PREMIUM_INCOME_YOY":null,"NET_INTEREST_INCOME":4658313000,"NET_INTEREST_INCOME_YOY":40.894751614827,"FEE_COMMISSION_INCOME":463718000,"FEE_COMMISSION_INCOME_YOY":null,"ACCOUNTS_RECE_TDAYS":null,"INVENTORY_TDAYS":null,"CURRENT_ASSETS_TDAYS":null,"TOTAL_ASSETS_TDAYS":0.024516490749,"PREMIUM_EXPENSE":null,"LOAN_DEPOSIT":65.700469289436,"LOAN_EQUITY":5.443937717634,"LOAN_ASSETS":44.091846175775,"DEPOSIT_EQUITY":8.28599517859,"DEPOSIT_ASSETS":67.110397616086,"EQUITY_MULTIPLIER":12.346812823216,"EQUITY_RATIO":11.763697951125},{"SECUCODE":"09677.HK","SECURITY_CODE":"09677","SECURITY_NAME_ABBR":"威海银行","ORG_CODE":"10009844","STD_REPORT_DATE":"2020-06-30 00:00:00","REPORT_DATE":"2020-06-30 00:00:00","DATE_TYPE_CODE":"002","REPORT_TYPE":"2020年中报","PER_NETCASH_OPERATE":2.64192990139,"PER_OI":0.608644356681,"BPS":2.431992827393,"BASIC_EPS":0.16,"DILUTED_EPS":0.16,"OPERATE_INCOME":3025691000,"OPERATE_INCOME_YOY":25.3314726378,"GROSS_PROFIT":null,"GROSS_PROFIT_YOY":null,"HOLDER_PROFIT":814316000,"HOLDER_PROFIT_YOY":2.8968018297,"GROSS_PROFIT_RATIO":null,"EPS_TTM":0.294219078423,"OPERATE_INCOME_QOQ":5.817290367482,"NET_PROFIT_RATIO":29.1578353507,"ROE_AVG":4.660927358069,"GROSS_PROFIT_QOQ":null,"ROA":0.339155970001,"HOLDER_PROFIT_QOQ":1.348569353758,"ROE_YEARLY":9.321854716139,"ROIC_YEARLY":0.746791338813,"TOTAL_ASSETS":255565373000,"TOTAL_LIABILITIES":237324942000,"TAX_EBT":19.03663704892,"OCF_SALES":434.067920352739,"TOTAL_PARENT_EQUITY":17543134000,"DEBT_ASSET_RATIO":92.8627142301,"OPERATE_PROFIT":1089662000,"PRETAX_PROFIT":1089662000,"NETCASH_OPERATE":13133555000,"NETCASH_INVEST":-15408874000,"NETCASH_FINANCE":-10498000,"END_CASH":32956781000,"DIVI_RATIO":0.33938541197,"DIVIDEND_RATE":3.812698961938,"CURRENT_RATIO":null,"COMMON_ACS":null,"CURRENTDEBT_DEBT":null,"ISSUED_COMMON_SHARES":5980058344,"HK_COMMON_SHARES":1008861000,"PER_SHARES":1000,"TOTAL_MARKET_CAP":17282368614.16,"HKSK_MARKET_CAP":2915608290,"PE_TTM":7.945424382619,"PB_TTM":0.673593670044,"REPORT_DATE_SQ":"2019-06-30 00:00:00","REPORT_TYPE_SQ":"2019年中报","OPERATE_INCOME_SQ":2414151000,"DPS_HKD":0.110187,"OPERATE_INCOME_QOQ_SQ":0,"NET_PROFIT_RATIO_SQ":34.7338256803,"HOLDER_PROFIT_SQ":791390000,"HOLDER_PROFIT_QOQ_SQ":0,"ROE_AVG_SQ":null,"PE_TTM_SQ":7.935448260564,"PB_TTM_SQ":0.723105862233,"ROA_SQ":null,"START_DATE":"2020-01-01 00:00:00","FISCAL_YEAR":"12-31","CURRENCY":"HKD","IS_CNY_CODE":0,"DPS_HKD_LY":null,"ORG_TYPE":"银行","PREMIUM_INCOME":null,"PREMIUM_INCOME_YOY":null,"NET_INTEREST_INCOME":1970693000,"NET_INTEREST_INCOME_YOY":27.145913470534,"FEE_COMMISSION_INCOME":258847000,"FEE_COMMISSION_INCOME_YOY":null,"ACCOUNTS_RECE_TDAYS":null,"INVENTORY_TDAYS":null,"CURRENT_ASSETS_TDAYS":null,"TOTAL_ASSETS_TDAYS":0.012601771624,"PREMIUM_EXPENSE":null,"LOAN_DEPOSIT":63.306960164343,"LOAN_EQUITY":5.870287001442,"LOAN_ASSETS":41.897915880803,"DEPOSIT_EQUITY":9.27273555104,"DEPOSIT_ASSETS":66.182163496774,"EQUITY_MULTIPLIER":14.010928415075,"EQUITY_RATIO":13.528081242496}],"count":15},"success":true,"message":"ok","code":0}