{"version":"56dada5220a845ade8441b499037de12","result":{"pages":1,"data":[{"SECUCODE":"09676.HK","SECURITY_CODE":"09676","SECURITY_NAME_ABBR":"十月稻田","ORG_CODE":"10000524187","STD_REPORT_DATE":"2024-06-30 00:00:00","REPORT_DATE":"2024-06-30 00:00:00","DATE_TYPE_CODE":"002","REPORT_TYPE":"2024年中报","PER_NETCASH_OPERATE":0.637504088248,"PER_OI":2.453360737643,"BPS":3.254362916029,"BASIC_EPS":0.12,"DILUTED_EPS":0.12,"OPERATE_INCOME":2620565000,"OPERATE_INCOME_YOY":17.6617039399,"GROSS_PROFIT":444284000,"GROSS_PROFIT_YOY":36.159805820482,"HOLDER_PROFIT":125761000,"HOLDER_PROFIT_YOY":617.5136825645,"GROSS_PROFIT_RATIO":16.953748523696,"EPS_TTM":0.079762906658,"OPERATE_INCOME_QOQ":8.082184068875,"NET_PROFIT_RATIO":4.7990032684,"ROE_AVG":3.666678912157,"GROSS_PROFIT_QOQ":19.069815553501,"ROA":2.770296428833,"HOLDER_PROFIT_QOQ":231.352234710081,"ROE_YEARLY":7.333357824315,"ROIC_YEARLY":7.121971427111,"TOTAL_ASSETS":4344434000,"TOTAL_LIABILITIES":868276000,"TAX_EBT":5.350342439979,"OCF_SALES":25.984930730587,"TOTAL_PARENT_EQUITY":3476158000,"DEBT_ASSET_RATIO":19.9859406312,"OPERATE_PROFIT":140916000,"PRETAX_PROFIT":132870000,"NETCASH_OPERATE":680952000,"NETCASH_INVEST":-972805000,"NETCASH_FINANCE":-549669000,"END_CASH":588758000,"DIVI_RATIO":0.386288329888,"DIVIDEND_RATE":0.589254766031,"CURRENT_RATIO":3.318400101662,"COMMON_ACS":null,"CURRENTDEBT_DEBT":90.630744141264,"ISSUED_COMMON_SHARES":1068153150,"HK_COMMON_SHARES":421819430,"PER_SHARES":300,"TOTAL_MARKET_CAP":6163243675.5,"HKSK_MARKET_CAP":2433898111.1,"PE_TTM":66.575564084727,"PB_TTM":1.618185720487,"REPORT_DATE_SQ":"2023-06-30 00:00:00","REPORT_TYPE_SQ":"2023年中报","OPERATE_INCOME_SQ":2227203000,"DPS_HKD":0.034,"OPERATE_INCOME_QOQ_SQ":0,"NET_PROFIT_RATIO_SQ":-1.0910994642,"HOLDER_PROFIT_SQ":-24301000,"HOLDER_PROFIT_QOQ_SQ":0,"ROE_AVG_SQ":null,"PE_TTM_SQ":-36.097285035051,"PB_TTM_SQ":-219.246125585521,"ROA_SQ":null,"START_DATE":"2024-01-01 00:00:00","FISCAL_YEAR":"12-31","CURRENCY":"HKD","IS_CNY_CODE":0,"DPS_HKD_LY":0.034,"ORG_TYPE":"一般企业","PREMIUM_INCOME":null,"PREMIUM_INCOME_YOY":null,"NET_INTEREST_INCOME":null,"NET_INTEREST_INCOME_YOY":null,"FEE_COMMISSION_INCOME":null,"FEE_COMMISSION_INCOME_YOY":null,"ACCOUNTS_RECE_TDAYS":5.281432612264,"INVENTORY_TDAYS":1.597414079431,"CURRENT_ASSETS_TDAYS":0.848275571856,"TOTAL_ASSETS_TDAYS":0.577264959807,"PREMIUM_EXPENSE":null,"LOAN_DEPOSIT":null,"LOAN_EQUITY":null,"LOAN_ASSETS":null,"DEPOSIT_EQUITY":null,"DEPOSIT_ASSETS":null,"EQUITY_MULTIPLIER":1.249780360962,"EQUITY_RATIO":0.249780360962},{"SECUCODE":"09676.HK","SECURITY_CODE":"09676","SECURITY_NAME_ABBR":"十月稻田","ORG_CODE":"10000524187","STD_REPORT_DATE":"2023-12-31 00:00:00","REPORT_DATE":"2023-12-31 00:00:00","DATE_TYPE_CODE":"001","REPORT_TYPE":"2023年年报","PER_NETCASH_OPERATE":-0.026905317838,"PER_OI":4.556487054314,"BPS":3.167626290294,"BASIC_EPS":-0.08,"DILUTED_EPS":-0.08,"OPERATE_INCOME":4867026000,"OPERATE_INCOME_YOY":7.3706573246,"GROSS_PROFIT":618716000,"GROSS_PROFIT_YOY":-20.631341022414,"HOLDER_PROFIT":-64863000,"HOLDER_PROFIT_YOY":88.5039319839,"GROSS_PROFIT_RATIO":12.71240383758,"EPS_TTM":-0.060724438251,"OPERATE_INCOME_QOQ":3.459838367983,"NET_PROFIT_RATIO":-1.3327029689,"ROE_AVG":-3.958515021339,"GROSS_PROFIT_QOQ":-22.733323842279,"ROA":-1.663716310245,"HOLDER_PROFIT_QOQ":88.527092567895,"ROE_YEARLY":-3.958515021339,"ROIC_YEARLY":-2.075687403647,"TOTAL_ASSETS":4734811000,"TOTAL_LIABILITIES":1351301000,"TAX_EBT":-10.365656531282,"OCF_SALES":-0.590483798525,"TOTAL_PARENT_EQUITY":3383510000,"DEBT_ASSET_RATIO":28.5397030631,"OPERATE_PROFIT":144090000,"PRETAX_PROFIT":-58771000,"NETCASH_OPERATE":-28739000,"NETCASH_INVEST":-259811000,"NETCASH_FINANCE":1599014000,"END_CASH":1427218000,"DIVI_RATIO":-0.507398353733,"DIVIDEND_RATE":0.628465804067,"CURRENT_RATIO":2.775041385577,"COMMON_ACS":null,"CURRENTDEBT_DEBT":95.128472486885,"ISSUED_COMMON_SHARES":1068153150,"HK_COMMON_SHARES":421819430,"PER_SHARES":300,"TOTAL_MARKET_CAP":5778708541.5,"HKSK_MARKET_CAP":2282043116.3,"PE_TTM":62.421802720689,"PB_TTM":1.517224393039,"REPORT_DATE_SQ":"2022-12-31 00:00:00","REPORT_TYPE_SQ":"2022年年报","OPERATE_INCOME_SQ":4532920000,"DPS_HKD":0.034,"OPERATE_INCOME_QOQ_SQ":25.975647613243,"NET_PROFIT_RATIO_SQ":-12.4471422394,"HOLDER_PROFIT_SQ":-564219000,"HOLDER_PROFIT_QOQ_SQ":-226.394738059978,"ROE_AVG_SQ":-1005.59456761959,"PE_TTM_SQ":-42.576284913137,"PB_TTM_SQ":-258.597994280358,"ROA_SQ":-20.717813929305,"START_DATE":"2023-01-01 00:00:00","FISCAL_YEAR":"12-31","CURRENCY":"HKD","IS_CNY_CODE":0,"DPS_HKD_LY":null,"ORG_TYPE":"一般企业","PREMIUM_INCOME":null,"PREMIUM_INCOME_YOY":null,"NET_INTEREST_INCOME":null,"NET_INTEREST_INCOME_YOY":null,"FEE_COMMISSION_INCOME":null,"FEE_COMMISSION_INCOME_YOY":null,"ACCOUNTS_RECE_TDAYS":9.094626967191,"INVENTORY_TDAYS":2.853609690549,"CURRENT_ASSETS_TDAYS":1.730379698456,"TOTAL_ASSETS_TDAYS":1.248377432217,"PREMIUM_EXPENSE":null,"LOAN_DEPOSIT":null,"LOAN_EQUITY":null,"LOAN_ASSETS":null,"DEPOSIT_EQUITY":null,"DEPOSIT_ASSETS":null,"EQUITY_MULTIPLIER":1.3993784561,"EQUITY_RATIO":0.3993784561},{"SECUCODE":"09676.HK","SECURITY_CODE":"09676","SECURITY_NAME_ABBR":"十月稻田","ORG_CODE":"10000524187","STD_REPORT_DATE":"2023-06-30 00:00:00","REPORT_DATE":"2023-06-30 00:00:00","DATE_TYPE_CODE":"002","REPORT_TYPE":"2023年中报","PER_NETCASH_OPERATE":null,"PER_OI":null,"BPS":null,"BASIC_EPS":-0.02,"DILUTED_EPS":-0.02,"OPERATE_INCOME":2227203000,"OPERATE_INCOME_YOY":null,"GROSS_PROFIT":326296000,"GROSS_PROFIT_YOY":null,"HOLDER_PROFIT":-24301000,"HOLDER_PROFIT_YOY":null,"GROSS_PROFIT_RATIO":14.650483139615,"EPS_TTM":-0.557140182311,"OPERATE_INCOME_QOQ":0,"NET_PROFIT_RATIO":-1.0910994642,"ROE_AVG":null,"GROSS_PROFIT_QOQ":0,"ROA":null,"HOLDER_PROFIT_QOQ":0,"ROE_YEARLY":null,"ROIC_YEARLY":null,"TOTAL_ASSETS":null,"TOTAL_LIABILITIES":null,"TAX_EBT":-14.115989668936,"OCF_SALES":20.705791075174,"TOTAL_PARENT_EQUITY":null,"DEBT_ASSET_RATIO":null,"OPERATE_PROFIT":97879000,"PRETAX_PROFIT":-21295000,"NETCASH_OPERATE":461160000,"NETCASH_INVEST":-142185000,"NETCASH_FINANCE":-117719000,"END_CASH":321616000,"DIVI_RATIO":-0.055302921919,"DIVIDEND_RATE":0.628465804067,"CURRENT_RATIO":null,"COMMON_ACS":null,"CURRENTDEBT_DEBT":null,"ISSUED_COMMON_SHARES":1068153150,"HK_COMMON_SHARES":421819430,"PER_SHARES":300,"TOTAL_MARKET_CAP":5778708541.5,"HKSK_MARKET_CAP":2282043116.3,"PE_TTM":62.421802720689,"PB_TTM":1.517224393039,"REPORT_DATE_SQ":"2022-06-30 00:00:00","REPORT_TYPE_SQ":"2022年中报","OPERATE_INCOME_SQ":null,"DPS_HKD":0.034,"OPERATE_INCOME_QOQ_SQ":0,"NET_PROFIT_RATIO_SQ":null,"HOLDER_PROFIT_SQ":null,"HOLDER_PROFIT_QOQ_SQ":0,"ROE_AVG_SQ":null,"PE_TTM_SQ":-42.576284913137,"PB_TTM_SQ":-258.597994280358,"ROA_SQ":null,"START_DATE":"2023-01-01 00:00:00","FISCAL_YEAR":"12-31","CURRENCY":"HKD","IS_CNY_CODE":0,"DPS_HKD_LY":null,"ORG_TYPE":"一般企业","PREMIUM_INCOME":null,"PREMIUM_INCOME_YOY":null,"NET_INTEREST_INCOME":null,"NET_INTEREST_INCOME_YOY":null,"FEE_COMMISSION_INCOME":null,"FEE_COMMISSION_INCOME_YOY":null,"ACCOUNTS_RECE_TDAYS":null,"INVENTORY_TDAYS":null,"CURRENT_ASSETS_TDAYS":2.164279810917,"TOTAL_ASSETS_TDAYS":1.454475221972,"PREMIUM_EXPENSE":null,"LOAN_DEPOSIT":null,"LOAN_EQUITY":null,"LOAN_ASSETS":null,"DEPOSIT_EQUITY":null,"DEPOSIT_ASSETS":null,"EQUITY_MULTIPLIER":null,"EQUITY_RATIO":null},{"SECUCODE":"09676.HK","SECURITY_CODE":"09676","SECURITY_NAME_ABBR":"十月稻田","ORG_CODE":"10000524187","STD_REPORT_DATE":"2023-03-31 00:00:00","REPORT_DATE":"2023-03-31 00:00:00","DATE_TYPE_CODE":"003","REPORT_TYPE":"2023年一季报","PER_NETCASH_OPERATE":0.302539541759,"PER_OI":1.065793545208,"BPS":-0.085645958166,"BASIC_EPS":0.18,"DILUTED_EPS":0.18,"OPERATE_INCOME":1081514000,"OPERATE_INCOME_YOY":18.8257552452,"GROSS_PROFIT":175709000,"GROSS_PROFIT_YOY":13.72603590892,"HOLDER_PROFIT":18613000,"HOLDER_PROFIT_YOY":-5.7665046578,"GROSS_PROFIT_RATIO":16.246576558417,"EPS_TTM":-0.557140182311,"OPERATE_INCOME_QOQ":3.780035826796,"NET_PROFIT_RATIO":1.7210133202,"ROE_AVG":-18.814788607819,"GROSS_PROFIT_QOQ":2.720426093616,"ROA":0.585623390955,"HOLDER_PROFIT_QOQ":-0.201871968154,"ROE_YEARLY":-75.259154431275,"ROIC_YEARLY":2.648046073697,"TOTAL_ASSETS":3294093000,"TOTAL_LIABILITIES":3385576000,"TAX_EBT":8.210868921984,"OCF_SALES":28.386317699077,"TOTAL_PARENT_EQUITY":-91483000,"DEBT_ASSET_RATIO":102.7771832793,"OPERATE_PROFIT":79243000,"PRETAX_PROFIT":20278000,"NETCASH_OPERATE":307002000,"NETCASH_INVEST":-71176000,"NETCASH_FINANCE":256934000,"END_CASH":613120000,"DIVI_RATIO":-0.055302921919,"DIVIDEND_RATE":0.628465804067,"CURRENT_RATIO":3.647657326633,"COMMON_ACS":null,"CURRENTDEBT_DEBT":18.239761860316,"ISSUED_COMMON_SHARES":1068153150,"HK_COMMON_SHARES":421819430,"PER_SHARES":300,"TOTAL_MARKET_CAP":5778708541.5,"HKSK_MARKET_CAP":2282043116.3,"PE_TTM":62.421802720689,"PB_TTM":1.517224393039,"REPORT_DATE_SQ":"2022-03-31 00:00:00","REPORT_TYPE_SQ":"2022年一季报","OPERATE_INCOME_SQ":910168000,"DPS_HKD":0.034,"OPERATE_INCOME_QOQ_SQ":0,"NET_PROFIT_RATIO_SQ":2.1701488077,"HOLDER_PROFIT_SQ":19752000,"HOLDER_PROFIT_QOQ_SQ":0,"ROE_AVG_SQ":null,"PE_TTM_SQ":-42.576284913137,"PB_TTM_SQ":-258.597994280358,"ROA_SQ":null,"START_DATE":"2023-01-01 00:00:00","FISCAL_YEAR":"12-31","CURRENCY":"HKD","IS_CNY_CODE":0,"DPS_HKD_LY":null,"ORG_TYPE":"一般企业","PREMIUM_INCOME":null,"PREMIUM_INCOME_YOY":null,"NET_INTEREST_INCOME":null,"NET_INTEREST_INCOME_YOY":null,"FEE_COMMISSION_INCOME":null,"FEE_COMMISSION_INCOME_YOY":null,"ACCOUNTS_RECE_TDAYS":2.254607919064,"INVENTORY_TDAYS":0.700060399004,"CURRENT_ASSETS_TDAYS":0.50178673667,"TOTAL_ASSETS_TDAYS":0.340278244263,"PREMIUM_EXPENSE":null,"LOAN_DEPOSIT":null,"LOAN_EQUITY":null,"LOAN_ASSETS":null,"DEPOSIT_EQUITY":null,"DEPOSIT_ASSETS":null,"EQUITY_MULTIPLIER":-36.007706349581,"EQUITY_RATIO":-37.007706349814},{"SECUCODE":"09676.HK","SECURITY_CODE":"09676","SECURITY_NAME_ABBR":"十月稻田","ORG_CODE":"10000524187","STD_REPORT_DATE":"2022-12-31 00:00:00","REPORT_DATE":"2022-12-31 00:00:00","DATE_TYPE_CODE":"001","REPORT_TYPE":"2022年年报","PER_NETCASH_OPERATE":0.178212077028,"PER_OI":4.558218110513,"BPS":-0.099584970563,"BASIC_EPS":-0.6,"DILUTED_EPS":-0.6,"OPERATE_INCOME":4532920000,"OPERATE_INCOME_YOY":25.9756476132,"GROSS_PROFIT":779547000,"GROSS_PROFIT_YOY":45.021747299726,"HOLDER_PROFIT":-564219000,"HOLDER_PROFIT_YOY":-226.39473806,"GROSS_PROFIT_RATIO":17.197457709379,"EPS_TTM":-0.567367891799,"OPERATE_INCOME_QOQ":25.975647613243,"NET_PROFIT_RATIO":-12.4471422394,"ROE_AVG":-1005.59456761959,"GROSS_PROFIT_QOQ":45.021747299726,"ROA":-20.717813929305,"HOLDER_PROFIT_QOQ":-226.394738059978,"ROE_YEARLY":-1005.59456761959,"ROIC_YEARLY":-21.625337357509,"TOTAL_ASSETS":3062552000,"TOTAL_LIABILITIES":3168924000,"TAX_EBT":-1.053666609354,"OCF_SALES":3.909687353847,"TOTAL_PARENT_EQUITY":-106372000,"DEBT_ASSET_RATIO":103.4733124531,"OPERATE_PROFIT":-375831000,"PRETAX_PROFIT":-558336000,"NETCASH_OPERATE":177223000,"NETCASH_INVEST":-316341000,"NETCASH_FINANCE":151263000,"END_CASH":120360000,"DIVI_RATIO":-0.05430599871,"DIVIDEND_RATE":0.628465804067,"CURRENT_RATIO":2.763147507706,"COMMON_ACS":null,"CURRENTDEBT_DEBT":23.50501305806,"ISSUED_COMMON_SHARES":1068153150,"HK_COMMON_SHARES":421819430,"PER_SHARES":300,"TOTAL_MARKET_CAP":5778708541.5,"HKSK_MARKET_CAP":2282043116.3,"PE_TTM":62.421802720689,"PB_TTM":1.517224393039,"REPORT_DATE_SQ":"2021-12-31 00:00:00","REPORT_TYPE_SQ":"2021年年报","OPERATE_INCOME_SQ":3598251000,"DPS_HKD":0.034,"OPERATE_INCOME_QOQ_SQ":54.629936811562,"NET_PROFIT_RATIO_SQ":-4.8041117754,"HOLDER_PROFIT_SQ":-172864000,"HOLDER_PROFIT_QOQ_SQ":-1337.04021754687,"ROE_AVG_SQ":-68.991886077819,"PE_TTM_SQ":-42.576284913137,"PB_TTM_SQ":-258.597994280358,"ROA_SQ":-9.822560454853,"START_DATE":"2022-01-01 00:00:00","FISCAL_YEAR":"12-31","CURRENCY":"HKD","IS_CNY_CODE":0,"DPS_HKD_LY":null,"ORG_TYPE":"一般企业","PREMIUM_INCOME":null,"PREMIUM_INCOME_YOY":null,"NET_INTEREST_INCOME":null,"NET_INTEREST_INCOME_YOY":null,"FEE_COMMISSION_INCOME":null,"FEE_COMMISSION_INCOME_YOY":null,"ACCOUNTS_RECE_TDAYS":8.134737899969,"INVENTORY_TDAYS":3.0988188011,"CURRENT_ASSETS_TDAYS":2.388582867715,"TOTAL_ASSETS_TDAYS":1.664463499393,"PREMIUM_EXPENSE":null,"LOAN_DEPOSIT":null,"LOAN_EQUITY":null,"LOAN_ASSETS":null,"DEPOSIT_EQUITY":null,"DEPOSIT_ASSETS":null,"EQUITY_MULTIPLIER":-28.790960027437,"EQUITY_RATIO":-29.790960027075},{"SECUCODE":"09676.HK","SECURITY_CODE":"09676","SECURITY_NAME_ABBR":"十月稻田","ORG_CODE":"10000524187","STD_REPORT_DATE":"2022-03-31 00:00:00","REPORT_DATE":"2022-03-31 00:00:00","DATE_TYPE_CODE":"003","REPORT_TYPE":"2022年一季报","PER_NETCASH_OPERATE":null,"PER_OI":null,"BPS":null,"BASIC_EPS":0.21,"DILUTED_EPS":0.21,"OPERATE_INCOME":910168000,"OPERATE_INCOME_YOY":null,"GROSS_PROFIT":154502000,"GROSS_PROFIT_YOY":null,"HOLDER_PROFIT":19752000,"HOLDER_PROFIT_YOY":null,"GROSS_PROFIT_RATIO":16.975107892169,"EPS_TTM":-0.186912330782,"OPERATE_INCOME_QOQ":0,"NET_PROFIT_RATIO":2.1701488077,"ROE_AVG":null,"GROSS_PROFIT_QOQ":0,"ROA":null,"HOLDER_PROFIT_QOQ":0,"ROE_YEARLY":null,"ROIC_YEARLY":null,"TOTAL_ASSETS":null,"TOTAL_LIABILITIES":null,"TAX_EBT":4.960785257181,"OCF_SALES":50.559567024989,"TOTAL_PARENT_EQUITY":null,"DEBT_ASSET_RATIO":null,"OPERATE_PROFIT":64655000,"PRETAX_PROFIT":20783000,"NETCASH_OPERATE":460177000,"NETCASH_INVEST":-478614000,"NETCASH_FINANCE":6907000,"END_CASH":96685000,"DIVI_RATIO":-0.164844555044,"DIVIDEND_RATE":0.628465804067,"CURRENT_RATIO":null,"COMMON_ACS":null,"CURRENTDEBT_DEBT":null,"ISSUED_COMMON_SHARES":1068153150,"HK_COMMON_SHARES":421819430,"PER_SHARES":300,"TOTAL_MARKET_CAP":5778708541.5,"HKSK_MARKET_CAP":2282043116.3,"PE_TTM":62.421802720689,"PB_TTM":1.517224393039,"REPORT_DATE_SQ":"2021-03-31 00:00:00","REPORT_TYPE_SQ":"2021年一季报","OPERATE_INCOME_SQ":null,"DPS_HKD":0.034,"OPERATE_INCOME_QOQ_SQ":0,"NET_PROFIT_RATIO_SQ":null,"HOLDER_PROFIT_SQ":null,"HOLDER_PROFIT_QOQ_SQ":0,"ROE_AVG_SQ":null,"PE_TTM_SQ":-42.576284913137,"PB_TTM_SQ":-258.597994280358,"ROA_SQ":null,"START_DATE":"2022-01-01 00:00:00","FISCAL_YEAR":"12-31","CURRENCY":"HKD","IS_CNY_CODE":0,"DPS_HKD_LY":null,"ORG_TYPE":"一般企业","PREMIUM_INCOME":null,"PREMIUM_INCOME_YOY":null,"NET_INTEREST_INCOME":null,"NET_INTEREST_INCOME_YOY":null,"FEE_COMMISSION_INCOME":null,"FEE_COMMISSION_INCOME_YOY":null,"ACCOUNTS_RECE_TDAYS":null,"INVENTORY_TDAYS":null,"CURRENT_ASSETS_TDAYS":1.047770674974,"TOTAL_ASSETS_TDAYS":0.763515077898,"PREMIUM_EXPENSE":null,"LOAN_DEPOSIT":null,"LOAN_EQUITY":null,"LOAN_ASSETS":null,"DEPOSIT_EQUITY":null,"DEPOSIT_ASSETS":null,"EQUITY_MULTIPLIER":null,"EQUITY_RATIO":null},{"SECUCODE":"09676.HK","SECURITY_CODE":"09676","SECURITY_NAME_ABBR":"十月稻田","ORG_CODE":"10000524187","STD_REPORT_DATE":"2021-12-31 00:00:00","REPORT_DATE":"2021-12-31 00:00:00","DATE_TYPE_CODE":"001","REPORT_TYPE":"2021年年报","PER_NETCASH_OPERATE":-0.535400717962,"PER_OI":3.890674062541,"BPS":0.204641066686,"BASIC_EPS":-1.95,"DILUTED_EPS":-1.95,"OPERATE_INCOME":3598251000,"OPERATE_INCOME_YOY":54.6299368116,"GROSS_PROFIT":537538000,"GROSS_PROFIT_YOY":32.832682190312,"HOLDER_PROFIT":-172864000,"HOLDER_PROFIT_YOY":-1337.0402175469,"GROSS_PROFIT_RATIO":14.938868911591,"EPS_TTM":-0.186912330782,"OPERATE_INCOME_QOQ":54.629936811562,"NET_PROFIT_RATIO":-4.8041117754,"ROE_AVG":-68.991886077819,"GROSS_PROFIT_QOQ":32.832682190312,"ROA":-9.822560454853,"HOLDER_PROFIT_QOQ":-1337.04021754687,"ROE_YEARLY":-68.991886077819,"ROIC_YEARLY":-10.206299938773,"TOTAL_ASSETS":2384152000,"TOTAL_LIABILITIES":2165564000,"TAX_EBT":-4.586678605785,"OCF_SALES":-13.761130060132,"TOTAL_PARENT_EQUITY":218588000,"DEBT_ASSET_RATIO":90.8316248293,"OPERATE_PROFIT":89554000,"PRETAX_PROFIT":-165283000,"NETCASH_OPERATE":-495160000,"NETCASH_INVEST":-361170000,"NETCASH_FINANCE":940424000,"END_CASH":108215000,"DIVI_RATIO":-0.164844555044,"DIVIDEND_RATE":0.628465804067,"CURRENT_RATIO":6.902513736755,"COMMON_ACS":null,"CURRENTDEBT_DEBT":11.622699675466,"ISSUED_COMMON_SHARES":1068153150,"HK_COMMON_SHARES":421819430,"PER_SHARES":300,"TOTAL_MARKET_CAP":5778708541.5,"HKSK_MARKET_CAP":2282043116.3,"PE_TTM":62.421802720689,"PB_TTM":1.517224393039,"REPORT_DATE_SQ":"2020-12-31 00:00:00","REPORT_TYPE_SQ":"2020年年报","OPERATE_INCOME_SQ":2327008000,"DPS_HKD":0.034,"OPERATE_INCOME_QOQ_SQ":null,"NET_PROFIT_RATIO_SQ":0.6005136209,"HOLDER_PROFIT_SQ":13974000,"HOLDER_PROFIT_QOQ_SQ":null,"ROE_AVG_SQ":4.946093456885,"PE_TTM_SQ":-42.576284913137,"PB_TTM_SQ":-258.597994280358,"ROA_SQ":1.230558427309,"START_DATE":"2021-01-01 00:00:00","FISCAL_YEAR":"12-31","CURRENCY":"HKD","IS_CNY_CODE":0,"DPS_HKD_LY":null,"ORG_TYPE":"一般企业","PREMIUM_INCOME":null,"PREMIUM_INCOME_YOY":null,"NET_INTEREST_INCOME":null,"NET_INTEREST_INCOME_YOY":null,"FEE_COMMISSION_INCOME":null,"FEE_COMMISSION_INCOME_YOY":null,"ACCOUNTS_RECE_TDAYS":10.553371021315,"INVENTORY_TDAYS":3.607149212799,"CURRENT_ASSETS_TDAYS":2.809732020395,"TOTAL_ASSETS_TDAYS":2.044615303316,"PREMIUM_EXPENSE":null,"LOAN_DEPOSIT":null,"LOAN_EQUITY":null,"LOAN_ASSETS":null,"DEPOSIT_EQUITY":null,"DEPOSIT_ASSETS":null,"EQUITY_MULTIPLIER":10.907058026986,"EQUITY_RATIO":9.907058026973},{"SECUCODE":"09676.HK","SECURITY_CODE":"09676","SECURITY_NAME_ABBR":"十月稻田","ORG_CODE":"10000524187","STD_REPORT_DATE":"2020-12-31 00:00:00","REPORT_DATE":"2020-12-31 00:00:00","DATE_TYPE_CODE":"001","REPORT_TYPE":"2020年年报","PER_NETCASH_OPERATE":0.115385599018,"PER_OI":2.975599401557,"BPS":0.264499524249,"BASIC_EPS":0.19,"DILUTED_EPS":0.19,"OPERATE_INCOME":2327008000,"OPERATE_INCOME_YOY":null,"GROSS_PROFIT":404673000,"GROSS_PROFIT_YOY":null,"HOLDER_PROFIT":13974000,"HOLDER_PROFIT_YOY":null,"GROSS_PROFIT_RATIO":17.390271112089,"EPS_TTM":0.01786887971,"OPERATE_INCOME_QOQ":null,"NET_PROFIT_RATIO":0.6005136209,"ROE_AVG":4.946093456885,"GROSS_PROFIT_QOQ":null,"ROA":1.230558427309,"HOLDER_PROFIT_QOQ":null,"ROE_YEARLY":4.946093456885,"ROIC_YEARLY":1.257264087539,"TOTAL_ASSETS":1135582000,"TOTAL_LIABILITIES":853056000,"TAX_EBT":25.875238701464,"OCF_SALES":3.877726247611,"TOTAL_PARENT_EQUITY":282526000,"DEBT_ASSET_RATIO":75.1205989528,"OPERATE_PROFIT":246472000,"PRETAX_PROFIT":18852000,"NETCASH_OPERATE":90235000,"NETCASH_INVEST":-197181000,"NETCASH_FINANCE":118430000,"END_CASH":24121000,"DIVI_RATIO":1.724309553771,"DIVIDEND_RATE":0.628465804067,"CURRENT_RATIO":1.769414629747,"COMMON_ACS":null,"CURRENTDEBT_DEBT":54.586568759847,"ISSUED_COMMON_SHARES":1068153150,"HK_COMMON_SHARES":421819430,"PER_SHARES":300,"TOTAL_MARKET_CAP":5778708541.5,"HKSK_MARKET_CAP":2282043116.3,"PE_TTM":62.421802720689,"PB_TTM":1.517224393039,"REPORT_DATE_SQ":"2019-12-31 00:00:00","REPORT_TYPE_SQ":"2019年年报","OPERATE_INCOME_SQ":null,"DPS_HKD":0.034,"OPERATE_INCOME_QOQ_SQ":null,"NET_PROFIT_RATIO_SQ":null,"HOLDER_PROFIT_SQ":null,"HOLDER_PROFIT_QOQ_SQ":null,"ROE_AVG_SQ":null,"PE_TTM_SQ":-42.576284913137,"PB_TTM_SQ":-258.597994280358,"ROA_SQ":null,"START_DATE":"2020-01-01 00:00:00","FISCAL_YEAR":"12-31","CURRENCY":"HKD","IS_CNY_CODE":0,"DPS_HKD_LY":null,"ORG_TYPE":"一般企业","PREMIUM_INCOME":null,"PREMIUM_INCOME_YOY":null,"NET_INTEREST_INCOME":null,"NET_INTEREST_INCOME_YOY":null,"FEE_COMMISSION_INCOME":null,"FEE_COMMISSION_INCOME_YOY":null,"ACCOUNTS_RECE_TDAYS":17.552918813315,"INVENTORY_TDAYS":2.970035983394,"CURRENT_ASSETS_TDAYS":5.648523245159,"TOTAL_ASSETS_TDAYS":4.09835309119,"PREMIUM_EXPENSE":null,"LOAN_DEPOSIT":null,"LOAN_EQUITY":null,"LOAN_ASSETS":null,"DEPOSIT_EQUITY":null,"DEPOSIT_ASSETS":null,"EQUITY_MULTIPLIER":4.019389365937,"EQUITY_RATIO":3.019389365934}],"count":8},"success":true,"message":"ok","code":0}