{"version":"cd819cb246ef2526b07a29164c371784","result":{"pages":2,"data":[{"SECUCODE":"09686.HK","SECURITY_CODE":"09686","SECURITY_NAME_ABBR":"熙康云医院","ORG_CODE":"10173939","STD_REPORT_DATE":"2024-06-30 00:00:00","REPORT_DATE":"2024-06-30 00:00:00","DATE_TYPE_CODE":"002","REPORT_TYPE":"2024年中报","PER_NETCASH_OPERATE":-0.076384097552,"PER_OI":0.212874376554,"BPS":0.453635256052,"BASIC_EPS":-0.07,"DILUTED_EPS":-0.07,"OPERATE_INCOME":179214000,"OPERATE_INCOME_YOY":-18.139088729,"GROSS_PROFIT":42556000,"GROSS_PROFIT_YOY":-36.766716196137,"HOLDER_PROFIT":-59559000,"HOLDER_PROFIT_YOY":37.0039346759,"GROSS_PROFIT_RATIO":23.745912707713,"EPS_TTM":-0.142143125086,"OPERATE_INCOME_QOQ":-7.385138967669,"NET_PROFIT_RATIO":-33.7495954557,"ROE_AVG":-14.705036361998,"GROSS_PROFIT_QOQ":-15.031984885395,"ROA":-4.535977892448,"HOLDER_PROFIT_QOQ":22.6217572356,"ROE_YEARLY":-29.410072723996,"ROIC_YEARLY":-17.477565776732,"TOTAL_ASSETS":1228060000,"TOTAL_LIABILITIES":841493000,"TAX_EBT":0.235868507431,"OCF_SALES":-35.882241342752,"TOTAL_PARENT_EQUITY":381905000,"DEBT_ASSET_RATIO":68.522140612,"OPERATE_PROFIT":-50157000,"PRETAX_PROFIT":-60627000,"NETCASH_OPERATE":-64306000,"NETCASH_INVEST":-6519000,"NETCASH_FINANCE":-33783000,"END_CASH":575930000,"DIVI_RATIO":null,"DIVIDEND_RATE":null,"CURRENT_RATIO":1.257305424749,"COMMON_ACS":1500000000,"CURRENTDEBT_DEBT":88.930983383106,"ISSUED_COMMON_SHARES":841876805,"HK_COMMON_SHARES":841876805,"PER_SHARES":500,"TOTAL_MARKET_CAP":656663907.9,"HKSK_MARKET_CAP":656663907.9,"PE_TTM":-4.923666931316,"PB_TTM":1.569301306509,"REPORT_DATE_SQ":"2023-06-30 00:00:00","REPORT_TYPE_SQ":"2023年中报","OPERATE_INCOME_SQ":218925000,"DPS_HKD":null,"OPERATE_INCOME_QOQ_SQ":0.267837349134,"NET_PROFIT_RATIO_SQ":-43.3947698984,"HOLDER_PROFIT_SQ":-94544000,"HOLDER_PROFIT_QOQ_SQ":11.719387953494,"ROE_AVG_SQ":18.956019444436,"PE_TTM_SQ":-3.939944567034,"PB_TTM_SQ":-1.280535217863,"ROA_SQ":-10.785116165525,"START_DATE":"2024-01-01 00:00:00","FISCAL_YEAR":"12-31","CURRENCY":"HKD","IS_CNY_CODE":0,"DPS_HKD_LY":null,"ORG_TYPE":"一般企业","PREMIUM_INCOME":null,"PREMIUM_INCOME_YOY":null,"NET_INTEREST_INCOME":null,"NET_INTEREST_INCOME_YOY":null,"FEE_COMMISSION_INCOME":null,"FEE_COMMISSION_INCOME_YOY":null,"ACCOUNTS_RECE_TDAYS":1.339427051024,"INVENTORY_TDAYS":4.66775967483,"CURRENT_ASSETS_TDAYS":0.176808345649,"TOTAL_ASSETS_TDAYS":0.136488312768,"PREMIUM_EXPENSE":null,"LOAN_DEPOSIT":null,"LOAN_EQUITY":null,"LOAN_ASSETS":null,"DEPOSIT_EQUITY":null,"DEPOSIT_ASSETS":null,"EQUITY_MULTIPLIER":3.176836098268,"EQUITY_RATIO":2.203409224807},{"SECUCODE":"09686.HK","SECURITY_CODE":"09686","SECURITY_NAME_ABBR":"熙康云医院","ORG_CODE":"10173939","STD_REPORT_DATE":"2023-12-31 00:00:00","REPORT_DATE":"2023-12-31 00:00:00","DATE_TYPE_CODE":"001","REPORT_TYPE":"2023年年报","PER_NETCASH_OPERATE":-0.023944120898,"PER_OI":0.638709840687,"BPS":0.508558969029,"BASIC_EPS":-0.23,"DILUTED_EPS":-0.23,"OPERATE_INCOME":537715000,"OPERATE_INCOME_YOY":-21.7772379131,"GROSS_PROFIT":164609000,"GROSS_PROFIT_YOY":-2.280201840309,"HOLDER_PROFIT":-154652000,"HOLDER_PROFIT_YOY":36.0854992623,"GROSS_PROFIT_RATIO":30.612685158495,"EPS_TTM":-0.183699086471,"OPERATE_INCOME_QOQ":-19.124183104841,"NET_PROFIT_RATIO":-28.8055940415,"ROE_AVG":1297.85162806311,"GROSS_PROFIT_QOQ":-13.289295553554,"ROA":-13.26142330576,"HOLDER_PROFIT_QOQ":14.850929112182,"ROE_YEARLY":1297.85162806311,"ROIC_YEARLY":-23.913655270523,"TOTAL_ASSETS":1398011000,"TOTAL_LIABILITIES":964278000,"TAX_EBT":-4.914790430518,"OCF_SALES":-3.748826050975,"TOTAL_PARENT_EQUITY":428144000,"DEBT_ASSET_RATIO":68.974993759,"OPERATE_PROFIT":-109648000,"PRETAX_PROFIT":-147636000,"NETCASH_OPERATE":-20158000,"NETCASH_INVEST":-146597000,"NETCASH_FINANCE":504768000,"END_CASH":676794000,"DIVI_RATIO":null,"DIVIDEND_RATE":null,"CURRENT_RATIO":1.772560243323,"COMMON_ACS":1500000000,"CURRENTDEBT_DEBT":63.555115848334,"ISSUED_COMMON_SHARES":841876805,"HK_COMMON_SHARES":841876805,"PER_SHARES":500,"TOTAL_MARKET_CAP":883970645.25,"HKSK_MARKET_CAP":883970645.25,"PE_TTM":-6.628013176772,"PB_TTM":2.112520989531,"REPORT_DATE_SQ":"2022-12-31 00:00:00","REPORT_TYPE_SQ":"2022年年报","OPERATE_INCOME_SQ":687415000,"DPS_HKD":null,"OPERATE_INCOME_QOQ_SQ":1.788138993898,"NET_PROFIT_RATIO_SQ":-35.4027770706,"HOLDER_PROFIT_SQ":-241967000,"HOLDER_PROFIT_QOQ_SQ":9.430106118171,"ROE_AVG_SQ":66.623987576255,"PE_TTM_SQ":-6.56657427839,"PB_TTM_SQ":-2.134225363105,"ROA_SQ":-25.727596595981,"START_DATE":"2023-01-01 00:00:00","FISCAL_YEAR":"12-31","CURRENCY":"HKD","IS_CNY_CODE":0,"DPS_HKD_LY":null,"ORG_TYPE":"一般企业","PREMIUM_INCOME":null,"PREMIUM_INCOME_YOY":null,"NET_INTEREST_INCOME":null,"NET_INTEREST_INCOME_YOY":null,"FEE_COMMISSION_INCOME":null,"FEE_COMMISSION_INCOME_YOY":null,"ACCOUNTS_RECE_TDAYS":3.549836277694,"INVENTORY_TDAYS":13.195847848768,"CURRENT_ASSETS_TDAYS":0.624264967952,"TOTAL_ASSETS_TDAYS":0.461091109902,"PREMIUM_EXPENSE":null,"LOAN_DEPOSIT":null,"LOAN_EQUITY":null,"LOAN_ASSETS":null,"DEPOSIT_EQUITY":null,"DEPOSIT_ASSETS":null,"EQUITY_MULTIPLIER":3.223206442674,"EQUITY_RATIO":2.25222822228},{"SECUCODE":"09686.HK","SECURITY_CODE":"09686","SECURITY_NAME_ABBR":"熙康云医院","ORG_CODE":"10173939","STD_REPORT_DATE":"2023-06-30 00:00:00","REPORT_DATE":"2023-06-30 00:00:00","DATE_TYPE_CODE":"002","REPORT_TYPE":"2023年中报","PER_NETCASH_OPERATE":-0.139548646851,"PER_OI":0.336576226596,"BPS":-0.647996235031,"BASIC_EPS":-0.15,"DILUTED_EPS":-0.15,"OPERATE_INCOME":218925000,"OPERATE_INCOME_YOY":-9.3384408324,"GROSS_PROFIT":67300000,"GROSS_PROFIT_YOY":46.581578202252,"HOLDER_PROFIT":-94544000,"HOLDER_PROFIT_YOY":38.9570057012,"GROSS_PROFIT_RATIO":30.741121388603,"EPS_TTM":-0.279231047872,"OPERATE_INCOME_QOQ":0.267837349134,"NET_PROFIT_RATIO":-43.3947698984,"ROE_AVG":18.956019444436,"GROSS_PROFIT_QOQ":6.119402985075,"ROA":-10.785116165525,"HOLDER_PROFIT_QOQ":11.719387953494,"ROE_YEARLY":37.912038888872,"ROIC_YEARLY":-32.490575245112,"TOTAL_ASSETS":818883000,"TOTAL_LIABILITIES":1359007000,"TAX_EBT":1.309952941421,"OCF_SALES":-41.461231015188,"TOTAL_PARENT_EQUITY":-545533000,"DEBT_ASSET_RATIO":165.9586290105,"OPERATE_PROFIT":-77228000,"PRETAX_PROFIT":-96263000,"NETCASH_OPERATE":-90769000,"NETCASH_INVEST":-363000,"NETCASH_FINANCE":-33130000,"END_CASH":227310000,"DIVI_RATIO":null,"DIVIDEND_RATE":null,"CURRENT_RATIO":1.135048231511,"COMMON_ACS":1500000000,"CURRENTDEBT_DEBT":33.136547493869,"ISSUED_COMMON_SHARES":841876805,"HK_COMMON_SHARES":841876805,"PER_SHARES":500,"TOTAL_MARKET_CAP":883970645.25,"HKSK_MARKET_CAP":883970645.25,"PE_TTM":-6.628013176772,"PB_TTM":2.112520989531,"REPORT_DATE_SQ":"2022-06-30 00:00:00","REPORT_TYPE_SQ":"2022年中报","OPERATE_INCOME_SQ":241475000,"DPS_HKD":null,"OPERATE_INCOME_QOQ_SQ":-6.306630022045,"NET_PROFIT_RATIO_SQ":-64.6940677089,"HOLDER_PROFIT_SQ":-154881000,"HOLDER_PROFIT_QOQ_SQ":1.577529960912,"ROE_AVG_SQ":46.044712853373,"PE_TTM_SQ":-6.56657427839,"PB_TTM_SQ":-2.134225363105,"ROA_SQ":-16.738658966676,"START_DATE":"2023-01-01 00:00:00","FISCAL_YEAR":"12-31","CURRENCY":"HKD","IS_CNY_CODE":0,"DPS_HKD_LY":null,"ORG_TYPE":"一般企业","PREMIUM_INCOME":null,"PREMIUM_INCOME_YOY":null,"NET_INTEREST_INCOME":null,"NET_INTEREST_INCOME_YOY":null,"FEE_COMMISSION_INCOME":null,"FEE_COMMISSION_INCOME_YOY":null,"ACCOUNTS_RECE_TDAYS":1.342184156801,"INVENTORY_TDAYS":7.616284910589,"CURRENT_ASSETS_TDAYS":0.381552667078,"TOTAL_ASSETS_TDAYS":0.249738910617,"PREMIUM_EXPENSE":null,"LOAN_DEPOSIT":null,"LOAN_EQUITY":null,"LOAN_ASSETS":null,"DEPOSIT_EQUITY":null,"DEPOSIT_ASSETS":null,"EQUITY_MULTIPLIER":-1.516101858092,"EQUITY_RATIO":-2.491154522275},{"SECUCODE":"09686.HK","SECURITY_CODE":"09686","SECURITY_NAME_ABBR":"熙康云医院","ORG_CODE":"10173939","STD_REPORT_DATE":"2023-03-31 00:00:00","REPORT_DATE":"2023-03-31 00:00:00","DATE_TYPE_CODE":"003","REPORT_TYPE":"2023年一季报","PER_NETCASH_OPERATE":-0.083899070809,"PER_OI":0.12013632283,"BPS":-0.585635566952,"BASIC_EPS":-0.38,"DILUTED_EPS":-0.38,"OPERATE_INCOME":82169000,"OPERATE_INCOME_YOY":-22.8423869665,"GROSS_PROFIT":22533000,"GROSS_PROFIT_YOY":86.330935251799,"HOLDER_PROFIT":-47241000,"HOLDER_PROFIT_YOY":43.4015838595,"GROSS_PROFIT_RATIO":27.422750672395,"EPS_TTM":-0.300799164085,"OPERATE_INCOME_QOQ":-3.538764792738,"NET_PROFIT_RATIO":-57.4705789288,"ROE_AVG":9.998000019047,"GROSS_PROFIT_QOQ":6.19768477293,"ROA":-5.342128132596,"HOLDER_PROFIT_QOQ":14.971772427075,"ROE_YEARLY":39.99200007619,"ROIC_YEARLY":-33.412371298079,"TOTAL_ASSETS":834273000,"TOTAL_LIABILITIES":1321846000,"TAX_EBT":-1.487180589285,"OCF_SALES":-69.836556365539,"TOTAL_PARENT_EQUITY":-493033000,"DEBT_ASSET_RATIO":158.4428598313,"OPERATE_PROFIT":-39509000,"PRETAX_PROFIT":-46531000,"NETCASH_OPERATE":-57384000,"NETCASH_INVEST":36000,"NETCASH_FINANCE":-17393000,"END_CASH":275503000,"DIVI_RATIO":null,"DIVIDEND_RATE":null,"CURRENT_RATIO":1.347166574833,"COMMON_ACS":1500000000,"CURRENTDEBT_DEBT":30.342944639542,"ISSUED_COMMON_SHARES":841876805,"HK_COMMON_SHARES":841876805,"PER_SHARES":500,"TOTAL_MARKET_CAP":883970645.25,"HKSK_MARKET_CAP":883970645.25,"PE_TTM":-6.628013176772,"PB_TTM":2.112520989531,"REPORT_DATE_SQ":"2022-03-31 00:00:00","REPORT_TYPE_SQ":"2022年一季报","OPERATE_INCOME_SQ":106495000,"DPS_HKD":null,"OPERATE_INCOME_QOQ_SQ":17.335935744959,"NET_PROFIT_RATIO_SQ":-79.6074933095,"HOLDER_PROFIT_SQ":-83467000,"HOLDER_PROFIT_QOQ_SQ":8.391466785465,"ROE_AVG_SQ":null,"PE_TTM_SQ":-6.56657427839,"PB_TTM_SQ":-2.134225363105,"ROA_SQ":null,"START_DATE":"2023-01-01 00:00:00","FISCAL_YEAR":"12-31","CURRENCY":"HKD","IS_CNY_CODE":0,"DPS_HKD_LY":null,"ORG_TYPE":"一般企业","PREMIUM_INCOME":null,"PREMIUM_INCOME_YOY":null,"NET_INTEREST_INCOME":null,"NET_INTEREST_INCOME_YOY":null,"FEE_COMMISSION_INCOME":null,"FEE_COMMISSION_INCOME_YOY":null,"ACCOUNTS_RECE_TDAYS":0.535733961852,"INVENTORY_TDAYS":2.910208861995,"CURRENT_ASSETS_TDAYS":0.139655912334,"TOTAL_ASSETS_TDAYS":0.092918720291,"PREMIUM_EXPENSE":null,"LOAN_DEPOSIT":null,"LOAN_EQUITY":null,"LOAN_ASSETS":null,"DEPOSIT_EQUITY":null,"DEPOSIT_ASSETS":null,"EQUITY_MULTIPLIER":-1.711073008553,"EQUITY_RATIO":-2.681049747177},{"SECUCODE":"09686.HK","SECURITY_CODE":"09686","SECURITY_NAME_ABBR":"熙康云医院","ORG_CODE":"10173939","STD_REPORT_DATE":"2022-12-31 00:00:00","REPORT_DATE":"2022-12-31 00:00:00","DATE_TYPE_CODE":"001","REPORT_TYPE":"2022年年报","PER_NETCASH_OPERATE":-0.109400529532,"PER_OI":1.018632023191,"BPS":-0.536665219087,"BASIC_EPS":-0.39,"DILUTED_EPS":-0.39,"OPERATE_INCOME":687415000,"OPERATE_INCOME_YOY":11.901800743,"GROSS_PROFIT":168450000,"GROSS_PROFIT_YOY":-1.045062827133,"HOLDER_PROFIT":-241967000,"HOLDER_PROFIT_YOY":18.40411146,"GROSS_PROFIT_RATIO":24.504847872101,"EPS_TTM":-0.358546498979,"OPERATE_INCOME_QOQ":1.788138993898,"NET_PROFIT_RATIO":-35.4027770706,"ROE_AVG":66.623987576255,"GROSS_PROFIT_QOQ":-7.160414898425,"ROA":-25.727596595981,"HOLDER_PROFIT_QOQ":9.430106118171,"ROE_YEARLY":66.623987576255,"ROIC_YEARLY":-41.983894392188,"TOTAL_ASSETS":934445000,"TOTAL_LIABILITIES":1380613000,"TAX_EBT":-2.077983114289,"OCF_SALES":-10.739946029691,"TOTAL_PARENT_EQUITY":-451976000,"DEBT_ASSET_RATIO":147.7336067504,"OPERATE_PROFIT":-195477000,"PRETAX_PROFIT":-238308000,"NETCASH_OPERATE":-73828000,"NETCASH_INVEST":-8445000,"NETCASH_FINANCE":64624000,"END_CASH":350748000,"DIVI_RATIO":null,"DIVIDEND_RATE":null,"CURRENT_RATIO":1.383327573127,"COMMON_ACS":1500000000,"CURRENTDEBT_DEBT":33.322372018806,"ISSUED_COMMON_SHARES":841876805,"HK_COMMON_SHARES":841876805,"PER_SHARES":500,"TOTAL_MARKET_CAP":883970645.25,"HKSK_MARKET_CAP":883970645.25,"PE_TTM":-6.628013176772,"PB_TTM":2.112520989531,"REPORT_DATE_SQ":"2021-12-31 00:00:00","REPORT_TYPE_SQ":"2021年年报","OPERATE_INCOME_SQ":614302000,"DPS_HKD":null,"OPERATE_INCOME_QOQ_SQ":null,"NET_PROFIT_RATIO_SQ":-47.9254503485,"HOLDER_PROFIT_SQ":-296537000,"HOLDER_PROFIT_QOQ_SQ":-42.057647498777,"ROE_AVG_SQ":145.469854260613,"PE_TTM_SQ":-6.56657427839,"PB_TTM_SQ":-2.134225363105,"ROA_SQ":-31.177977457862,"START_DATE":"2022-01-01 00:00:00","FISCAL_YEAR":"12-31","CURRENCY":"HKD","IS_CNY_CODE":0,"DPS_HKD_LY":null,"ORG_TYPE":"一般企业","PREMIUM_INCOME":null,"PREMIUM_INCOME_YOY":null,"NET_INTEREST_INCOME":null,"NET_INTEREST_INCOME_YOY":null,"FEE_COMMISSION_INCOME":null,"FEE_COMMISSION_INCOME_YOY":null,"ACCOUNTS_RECE_TDAYS":4.308447795526,"INVENTORY_TDAYS":25.730186667989,"CURRENT_ASSETS_TDAYS":1.088765559394,"TOTAL_ASSETS_TDAYS":0.730922037924,"PREMIUM_EXPENSE":null,"LOAN_DEPOSIT":null,"LOAN_EQUITY":null,"LOAN_ASSETS":null,"DEPOSIT_EQUITY":null,"DEPOSIT_ASSETS":null,"EQUITY_MULTIPLIER":-2.094960067084,"EQUITY_RATIO":-3.054615731809},{"SECUCODE":"09686.HK","SECURITY_CODE":"09686","SECURITY_NAME_ABBR":"熙康云医院","ORG_CODE":"10173939","STD_REPORT_DATE":"2022-06-30 00:00:00","REPORT_DATE":"2022-06-30 00:00:00","DATE_TYPE_CODE":"002","REPORT_TYPE":"2022年中报","PER_NETCASH_OPERATE":-0.21059230834,"PER_OI":0.344816024468,"BPS":-0.466924611375,"BASIC_EPS":-0.25,"DILUTED_EPS":-0.25,"OPERATE_INCOME":241475000,"OPERATE_INCOME_YOY":33.8271317572,"GROSS_PROFIT":45913000,"GROSS_PROFIT_YOY":32.314121037464,"HOLDER_PROFIT":-154881000,"HOLDER_PROFIT_YOY":15.9396670531,"GROSS_PROFIT_RATIO":19.013562480588,"EPS_TTM":-0.381485971702,"OPERATE_INCOME_QOQ":-6.306630022045,"NET_PROFIT_RATIO":-64.6940677089,"ROE_AVG":46.044712853373,"GROSS_PROFIT_QOQ":-0.482662542096,"ROA":-16.738658966676,"HOLDER_PROFIT_QOQ":1.577529960912,"ROE_YEARLY":92.089425706745,"ROIC_YEARLY":-53.240411601246,"TOTAL_ASSETS":889934000,"TOTAL_LIABILITIES":1277918000,"TAX_EBT":-0.569343625396,"OCF_SALES":-61.073817165338,"TOTAL_PARENT_EQUITY":-393093000,"DEBT_ASSET_RATIO":143.5969408967,"OPERATE_PROFIT":-136045000,"PRETAX_PROFIT":-156496000,"NETCASH_OPERATE":-147478000,"NETCASH_INVEST":-5858000,"NETCASH_FINANCE":91643000,"END_CASH":304868000,"DIVI_RATIO":null,"DIVIDEND_RATE":null,"CURRENT_RATIO":1.545597897503,"COMMON_ACS":1500000000,"CURRENTDEBT_DEBT":30.668243189313,"ISSUED_COMMON_SHARES":841876805,"HK_COMMON_SHARES":841876805,"PER_SHARES":500,"TOTAL_MARKET_CAP":883970645.25,"HKSK_MARKET_CAP":883970645.25,"PE_TTM":-6.628013176772,"PB_TTM":2.112520989531,"REPORT_DATE_SQ":"2021-06-30 00:00:00","REPORT_TYPE_SQ":"2021年中报","OPERATE_INCOME_SQ":180438000,"DPS_HKD":null,"OPERATE_INCOME_QOQ_SQ":null,"NET_PROFIT_RATIO_SQ":-100.564182711,"HOLDER_PROFIT_SQ":-182852000,"HOLDER_PROFIT_QOQ_SQ":0,"ROE_AVG_SQ":null,"PE_TTM_SQ":-6.56657427839,"PB_TTM_SQ":-2.134225363105,"ROA_SQ":null,"START_DATE":"2022-01-01 00:00:00","FISCAL_YEAR":"12-31","CURRENCY":"HKD","IS_CNY_CODE":0,"DPS_HKD_LY":null,"ORG_TYPE":"一般企业","PREMIUM_INCOME":null,"PREMIUM_INCOME_YOY":null,"NET_INTEREST_INCOME":null,"NET_INTEREST_INCOME_YOY":null,"FEE_COMMISSION_INCOME":null,"FEE_COMMISSION_INCOME_YOY":null,"ACCOUNTS_RECE_TDAYS":1.272059210873,"INVENTORY_TDAYS":8.932422865234,"CURRENT_ASSETS_TDAYS":0.391979098777,"TOTAL_ASSETS_TDAYS":0.262967462167,"PREMIUM_EXPENSE":null,"LOAN_DEPOSIT":null,"LOAN_EQUITY":null,"LOAN_ASSETS":null,"DEPOSIT_EQUITY":null,"DEPOSIT_ASSETS":null,"EQUITY_MULTIPLIER":-2.293738917071,"EQUITY_RATIO":-3.250930441397},{"SECUCODE":"09686.HK","SECURITY_CODE":"09686","SECURITY_NAME_ABBR":"熙康云医院","ORG_CODE":"10173939","STD_REPORT_DATE":"2022-03-31 00:00:00","REPORT_DATE":"2022-03-31 00:00:00","DATE_TYPE_CODE":"003","REPORT_TYPE":"2022年一季报","PER_NETCASH_OPERATE":null,"PER_OI":null,"BPS":null,"BASIC_EPS":-0.67,"DILUTED_EPS":-0.67,"OPERATE_INCOME":106495000,"OPERATE_INCOME_YOY":null,"GROSS_PROFIT":12093000,"GROSS_PROFIT_YOY":null,"HOLDER_PROFIT":-83467000,"HOLDER_PROFIT_YOY":22.9518789635,"GROSS_PROFIT_RATIO":11.355462697779,"EPS_TTM":null,"OPERATE_INCOME_QOQ":17.335935744959,"NET_PROFIT_RATIO":-79.6074933095,"ROE_AVG":null,"GROSS_PROFIT_QOQ":7.103959959819,"ROA":null,"HOLDER_PROFIT_QOQ":8.391466785465,"ROE_YEARLY":null,"ROIC_YEARLY":null,"TOTAL_ASSETS":null,"TOTAL_LIABILITIES":null,"TAX_EBT":-0.944216229089,"OCF_SALES":-128.078313535847,"TOTAL_PARENT_EQUITY":null,"DEBT_ASSET_RATIO":null,"OPERATE_PROFIT":-73956000,"PRETAX_PROFIT":-83985000,"NETCASH_OPERATE":-136397000,"NETCASH_INVEST":-2529000,"NETCASH_FINANCE":-15705000,"END_CASH":209858000,"DIVI_RATIO":null,"DIVIDEND_RATE":null,"CURRENT_RATIO":null,"COMMON_ACS":1500000000,"CURRENTDEBT_DEBT":null,"ISSUED_COMMON_SHARES":841876805,"HK_COMMON_SHARES":841876805,"PER_SHARES":500,"TOTAL_MARKET_CAP":883970645.25,"HKSK_MARKET_CAP":883970645.25,"PE_TTM":-6.628013176772,"PB_TTM":2.112520989531,"REPORT_DATE_SQ":"2021-03-31 00:00:00","REPORT_TYPE_SQ":"2021年一季报","OPERATE_INCOME_SQ":null,"DPS_HKD":null,"OPERATE_INCOME_QOQ_SQ":null,"NET_PROFIT_RATIO_SQ":null,"HOLDER_PROFIT_SQ":-108331000,"HOLDER_PROFIT_QOQ_SQ":-6.307243008517,"ROE_AVG_SQ":66.00879865461,"PE_TTM_SQ":-6.56657427839,"PB_TTM_SQ":-2.134225363105,"ROA_SQ":null,"START_DATE":"2022-01-01 00:00:00","FISCAL_YEAR":"12-31","CURRENCY":"HKD","IS_CNY_CODE":0,"DPS_HKD_LY":null,"ORG_TYPE":"一般企业","PREMIUM_INCOME":null,"PREMIUM_INCOME_YOY":null,"NET_INTEREST_INCOME":null,"NET_INTEREST_INCOME_YOY":null,"FEE_COMMISSION_INCOME":null,"FEE_COMMISSION_INCOME_YOY":null,"ACCOUNTS_RECE_TDAYS":null,"INVENTORY_TDAYS":null,"CURRENT_ASSETS_TDAYS":0.340056008098,"TOTAL_ASSETS_TDAYS":0.225004093577,"PREMIUM_EXPENSE":null,"LOAN_DEPOSIT":null,"LOAN_EQUITY":null,"LOAN_ASSETS":null,"DEPOSIT_EQUITY":null,"DEPOSIT_ASSETS":null,"EQUITY_MULTIPLIER":null,"EQUITY_RATIO":null},{"SECUCODE":"09686.HK","SECURITY_CODE":"09686","SECURITY_NAME_ABBR":"熙康云医院","ORG_CODE":"10173939","STD_REPORT_DATE":"2021-12-31 00:00:00","REPORT_DATE":"2021-12-31 00:00:00","DATE_TYPE_CODE":"001","REPORT_TYPE":"2021年年报","PER_NETCASH_OPERATE":-0.113113057191,"PER_OI":0.833320268383,"BPS":-0.325914668715,"BASIC_EPS":-2.39,"DILUTED_EPS":-2.39,"OPERATE_INCOME":614302000,"OPERATE_INCOME_YOY":22.1256918379,"GROSS_PROFIT":170229000,"GROSS_PROFIT_YOY":26.934261938139,"HOLDER_PROFIT":-296537000,"HOLDER_PROFIT_YOY":-50.8422804954,"GROSS_PROFIT_RATIO":27.710963011678,"EPS_TTM":-0.401941762915,"OPERATE_INCOME_QOQ":null,"NET_PROFIT_RATIO":-47.9254503485,"ROE_AVG":145.469854260613,"GROSS_PROFIT_QOQ":null,"ROA":-31.177977457862,"HOLDER_PROFIT_QOQ":-42.057647498777,"ROE_YEARLY":145.469854260613,"ROIC_YEARLY":-52.22649264945,"TOTAL_ASSETS":946847000,"TOTAL_LIABILITIES":1214483000,"TAX_EBT":-0.647437057576,"OCF_SALES":-13.573779671888,"TOTAL_PARENT_EQUITY":-274545000,"DEBT_ASSET_RATIO":128.2443046466,"OPERATE_PROFIT":-253596000,"PRETAX_PROFIT":-292847000,"NETCASH_OPERATE":-83384000,"NETCASH_INVEST":-5467000,"NETCASH_FINANCE":64897000,"END_CASH":364737000,"DIVI_RATIO":null,"DIVIDEND_RATE":null,"CURRENT_RATIO":1.361956680098,"COMMON_ACS":1500000000,"CURRENTDEBT_DEBT":37.86640076477,"ISSUED_COMMON_SHARES":841876805,"HK_COMMON_SHARES":841876805,"PER_SHARES":500,"TOTAL_MARKET_CAP":883970645.25,"HKSK_MARKET_CAP":883970645.25,"PE_TTM":-6.628013176772,"PB_TTM":2.112520989531,"REPORT_DATE_SQ":"2020-12-31 00:00:00","REPORT_TYPE_SQ":"2020年年报","OPERATE_INCOME_SQ":503008000,"DPS_HKD":null,"OPERATE_INCOME_QOQ_SQ":null,"NET_PROFIT_RATIO_SQ":null,"HOLDER_PROFIT_SQ":-196431000,"HOLDER_PROFIT_QOQ_SQ":6.417594367971,"ROE_AVG_SQ":146.533877038896,"PE_TTM_SQ":-6.56657427839,"PB_TTM_SQ":-2.134225363105,"ROA_SQ":-20.564153518177,"START_DATE":"2021-01-01 00:00:00","FISCAL_YEAR":"12-31","CURRENCY":"HKD","IS_CNY_CODE":0,"DPS_HKD_LY":null,"ORG_TYPE":"一般企业","PREMIUM_INCOME":null,"PREMIUM_INCOME_YOY":null,"NET_INTEREST_INCOME":null,"NET_INTEREST_INCOME_YOY":null,"FEE_COMMISSION_INCOME":null,"FEE_COMMISSION_INCOME_YOY":null,"ACCOUNTS_RECE_TDAYS":4.201806435727,"INVENTORY_TDAYS":28.93832068033,"CURRENT_ASSETS_TDAYS":0.992523381096,"TOTAL_ASSETS_TDAYS":0.646393157914,"PREMIUM_EXPENSE":null,"LOAN_DEPOSIT":null,"LOAN_EQUITY":null,"LOAN_ASSETS":null,"DEPOSIT_EQUITY":null,"DEPOSIT_ASSETS":null,"EQUITY_MULTIPLIER":-3.540536800294,"EQUITY_RATIO":-4.423620900035},{"SECUCODE":"09686.HK","SECURITY_CODE":"09686","SECURITY_NAME_ABBR":"熙康云医院","ORG_CODE":"10173939","STD_REPORT_DATE":"2021-06-30 00:00:00","REPORT_DATE":"2021-06-30 00:00:00","DATE_TYPE_CODE":"002","REPORT_TYPE":"2021年中报","PER_NETCASH_OPERATE":null,"PER_OI":null,"BPS":null,"BASIC_EPS":-1.47,"DILUTED_EPS":-1.47,"OPERATE_INCOME":180438000,"OPERATE_INCOME_YOY":null,"GROSS_PROFIT":34700000,"GROSS_PROFIT_YOY":null,"HOLDER_PROFIT":-182852000,"HOLDER_PROFIT_YOY":null,"GROSS_PROFIT_RATIO":19.230982387302,"EPS_TTM":-0.291623108809,"OPERATE_INCOME_QOQ":null,"NET_PROFIT_RATIO":-100.564182711,"ROE_AVG":null,"GROSS_PROFIT_QOQ":null,"ROA":null,"HOLDER_PROFIT_QOQ":0,"ROE_YEARLY":null,"ROIC_YEARLY":null,"TOTAL_ASSETS":null,"TOTAL_LIABILITIES":null,"TAX_EBT":-0.158968471253,"OCF_SALES":-75.093938083996,"TOTAL_PARENT_EQUITY":null,"DEBT_ASSET_RATIO":null,"OPERATE_PROFIT":-160549000,"PRETAX_PROFIT":-181168000,"NETCASH_OPERATE":-135498000,"NETCASH_INVEST":4498000,"NETCASH_FINANCE":5085000,"END_CASH":263506000,"DIVI_RATIO":null,"DIVIDEND_RATE":null,"CURRENT_RATIO":null,"COMMON_ACS":1500000000,"CURRENTDEBT_DEBT":null,"ISSUED_COMMON_SHARES":841876805,"HK_COMMON_SHARES":841876805,"PER_SHARES":500,"TOTAL_MARKET_CAP":883970645.25,"HKSK_MARKET_CAP":883970645.25,"PE_TTM":-6.628013176772,"PB_TTM":2.112520989531,"REPORT_DATE_SQ":"2020-06-30 00:00:00","REPORT_TYPE_SQ":"2020年中报","OPERATE_INCOME_SQ":null,"DPS_HKD":null,"OPERATE_INCOME_QOQ_SQ":null,"NET_PROFIT_RATIO_SQ":null,"HOLDER_PROFIT_SQ":null,"HOLDER_PROFIT_QOQ_SQ":0,"ROE_AVG_SQ":null,"PE_TTM_SQ":-6.56657427839,"PB_TTM_SQ":-2.134225363105,"ROA_SQ":null,"START_DATE":"2021-01-01 00:00:00","FISCAL_YEAR":"12-31","CURRENCY":"HKD","IS_CNY_CODE":0,"DPS_HKD_LY":null,"ORG_TYPE":"一般企业","PREMIUM_INCOME":null,"PREMIUM_INCOME_YOY":null,"NET_INTEREST_INCOME":null,"NET_INTEREST_INCOME_YOY":null,"FEE_COMMISSION_INCOME":null,"FEE_COMMISSION_INCOME_YOY":null,"ACCOUNTS_RECE_TDAYS":null,"INVENTORY_TDAYS":null,"CURRENT_ASSETS_TDAYS":0.590128548325,"TOTAL_ASSETS_TDAYS":0.378236289202,"PREMIUM_EXPENSE":null,"LOAN_DEPOSIT":null,"LOAN_EQUITY":null,"LOAN_ASSETS":null,"DEPOSIT_EQUITY":null,"DEPOSIT_ASSETS":null,"EQUITY_MULTIPLIER":null,"EQUITY_RATIO":null}],"count":14},"success":true,"message":"ok","code":0}