{"version":"22c99758d42d6e64056e4a3d3f03e8b9","result":{"pages":2,"data":[{"SECUCODE":"09690.HK","SECURITY_CODE":"09690","SECURITY_NAME_ABBR":"途虎-W","ORG_CODE":"10000288969","STD_REPORT_DATE":"2024-06-30 00:00:00","REPORT_DATE":"2024-06-30 00:00:00","DATE_TYPE_CODE":"002","REPORT_TYPE":"2024年中报","PER_NETCASH_OPERATE":0.887667559989,"PER_OI":8.801533250255,"BPS":5.636989533087,"BASIC_EPS":0.4,"DILUTED_EPS":0.3,"OPERATE_INCOME":7126161000,"OPERATE_INCOME_YOY":9.2696472001,"GROSS_PROFIT":1845765000,"GROSS_PROFIT_YOY":16.960552154509,"HOLDER_PROFIT":285549000,"HOLDER_PROFIT_YOY":373.8301473517,"GROSS_PROFIT_RATIO":25.901253143172,"EPS_TTM":8.557055993414,"OPERATE_INCOME_QOQ":4.444733637059,"NET_PROFIT_RATIO":3.9899744056,"ROE_AVG":6.290439566794,"GROSS_PROFIT_QOQ":7.967486596377,"ROA":2.42570441879,"HOLDER_PROFIT_QOQ":3.360990372128,"ROE_YEARLY":12.580879133588,"ROIC_YEARLY":5.86425671672,"TOTAL_ASSETS":11778909000,"TOTAL_LIABILITIES":7162926000,"TAX_EBT":1.652658157795,"OCF_SALES":10.085374158681,"TOTAL_PARENT_EQUITY":4618853000,"DEBT_ASSET_RATIO":60.8114554582,"OPERATE_PROFIT":211884000,"PRETAX_PROFIT":289110000,"NETCASH_OPERATE":718700000,"NETCASH_INVEST":-1981416000,"NETCASH_FINANCE":-105540000,"END_CASH":1355581000,"DIVI_RATIO":null,"DIVIDEND_RATE":null,"CURRENT_RATIO":1.196984400049,"COMMON_ACS":2500000000,"CURRENTDEBT_DEBT":89.844136320828,"ISSUED_COMMON_SHARES":819382930,"HK_COMMON_SHARES":751464070,"PER_SHARES":100,"TOTAL_MARKET_CAP":13683694931,"HKSK_MARKET_CAP":12549449969,"PE_TTM":1.790100777793,"PB_TTM":2.703882260298,"REPORT_DATE_SQ":"2023-06-30 00:00:00","REPORT_TYPE_SQ":"2023年中报","OPERATE_INCOME_SQ":6521629000,"DPS_HKD":null,"OPERATE_INCOME_QOQ_SQ":6.402004271634,"NET_PROFIT_RATIO_SQ":0.9121494032,"HOLDER_PROFIT_SQ":60264000,"HOLDER_PROFIT_QOQ_SQ":37.672839136918,"ROE_AVG_SQ":-0.313749508367,"PE_TTM_SQ":-12.420527928354,"PB_TTM_SQ":-0.714704302763,"ROA_SQ":0.648234131016,"START_DATE":"2024-01-01 00:00:00","FISCAL_YEAR":"12-31","CURRENCY":"HKD","IS_CNY_CODE":0,"DPS_HKD_LY":null,"ORG_TYPE":"一般企业","PREMIUM_INCOME":null,"PREMIUM_INCOME_YOY":null,"NET_INTEREST_INCOME":null,"NET_INTEREST_INCOME_YOY":null,"FEE_COMMISSION_INCOME":null,"FEE_COMMISSION_INCOME_YOY":null,"ACCOUNTS_RECE_TDAYS":33.596455621009,"INVENTORY_TDAYS":3.072669288908,"CURRENT_ASSETS_TDAYS":0.892195574717,"TOTAL_ASSETS_TDAYS":0.605358808005,"PREMIUM_EXPENSE":null,"LOAN_DEPOSIT":null,"LOAN_EQUITY":null,"LOAN_ASSETS":null,"DEPOSIT_EQUITY":null,"DEPOSIT_ASSETS":null,"EQUITY_MULTIPLIER":2.551766113522,"EQUITY_RATIO":1.55080189822},{"SECUCODE":"09690.HK","SECURITY_CODE":"09690","SECURITY_NAME_ABBR":"途虎-W","ORG_CODE":"10000288969","STD_REPORT_DATE":"2023-12-31 00:00:00","REPORT_DATE":"2023-12-31 00:00:00","DATE_TYPE_CODE":"001","REPORT_TYPE":"2023年年报","PER_NETCASH_OPERATE":1.247161350332,"PER_OI":16.60912270311,"BPS":5.443086299101,"BASIC_EPS":20.8,"DILUTED_EPS":0.3,"OPERATE_INCOME":13601085000,"OPERATE_INCOME_YOY":17.7904261517,"GROSS_PROFIT":3359353000,"GROSS_PROFIT_YOY":47.977254687069,"HOLDER_PROFIT":6702935000,"HOLDER_PROFIT_YOY":413.7824043277,"GROSS_PROFIT_RATIO":24.699154515982,"EPS_TTM":8.185366820807,"OPERATE_INCOME_QOQ":7.941246869557,"NET_PROFIT_RATIO":49.2659004778,"ROE_AVG":-92.474766994921,"GROSS_PROFIT_QOQ":17.817466997741,"ROA":64.517052740435,"HOLDER_PROFIT_QOQ":695.669777308165,"ROE_YEARLY":-92.474766994921,"ROIC_YEARLY":87.172120309097,"TOTAL_ASSETS":11764685000,"TOTAL_LIABILITIES":7306366000,"TAX_EBT":0.36650902422,"OCF_SALES":7.508893591945,"TOTAL_PARENT_EQUITY":4459972000,"DEBT_ASSET_RATIO":62.104221235,"OPERATE_PROFIT":161524000,"PRETAX_PROFIT":6725346000,"NETCASH_OPERATE":1021291000,"NETCASH_INVEST":-2371766000,"NETCASH_FINANCE":1349785000,"END_CASH":2715285000,"DIVI_RATIO":null,"DIVIDEND_RATE":null,"CURRENT_RATIO":1.252777759687,"COMMON_ACS":2500000000,"CURRENTDEBT_DEBT":90.364389082069,"ISSUED_COMMON_SHARES":819382930,"HK_COMMON_SHARES":751464070,"PER_SHARES":100,"TOTAL_MARKET_CAP":12995413269.8,"HKSK_MARKET_CAP":11918220150.2,"PE_TTM":1.700059780586,"PB_TTM":2.567878601696,"REPORT_DATE_SQ":"2022-12-31 00:00:00","REPORT_TYPE_SQ":"2022年年报","OPERATE_INCOME_SQ":11546851000,"DPS_HKD":null,"OPERATE_INCOME_QOQ_SQ":-1.441304026815,"NET_PROFIT_RATIO_SQ":-18.5185987071,"HOLDER_PROFIT_SQ":-2136173000,"HOLDER_PROFIT_QOQ_SQ":41.755038149269,"ROE_AVG_SQ":12.447302093873,"PE_TTM_SQ":-13.000422283315,"PB_TTM_SQ":-0.748072690406,"ROA_SQ":-22.669451302565,"START_DATE":"2023-01-01 00:00:00","FISCAL_YEAR":"12-31","CURRENCY":"HKD","IS_CNY_CODE":0,"DPS_HKD_LY":null,"ORG_TYPE":"一般企业","PREMIUM_INCOME":null,"PREMIUM_INCOME_YOY":null,"NET_INTEREST_INCOME":null,"NET_INTEREST_INCOME_YOY":null,"FEE_COMMISSION_INCOME":null,"FEE_COMMISSION_INCOME_YOY":null,"ACCOUNTS_RECE_TDAYS":69.40922660815,"INVENTORY_TDAYS":6.128474546149,"CURRENT_ASSETS_TDAYS":1.792313525478,"TOTAL_ASSETS_TDAYS":1.309130878148,"PREMIUM_EXPENSE":null,"LOAN_DEPOSIT":null,"LOAN_EQUITY":null,"LOAN_ASSETS":null,"DEPOSIT_EQUITY":null,"DEPOSIT_ASSETS":null,"EQUITY_MULTIPLIER":2.638816334139,"EQUITY_RATIO":1.638208939428},{"SECUCODE":"09690.HK","SECURITY_CODE":"09690","SECURITY_NAME_ABBR":"途虎-W","ORG_CODE":"10000288969","STD_REPORT_DATE":"2023-06-30 00:00:00","REPORT_DATE":"2023-06-30 00:00:00","DATE_TYPE_CODE":"002","REPORT_TYPE":"2023年中报","PER_NETCASH_OPERATE":4.919262704571,"PER_OI":44.879987455429,"BPS":-23.747870852033,"BASIC_EPS":0.4,"DILUTED_EPS":0.1,"OPERATE_INCOME":6521629000,"OPERATE_INCOME_YOY":19.2683907251,"GROSS_PROFIT":1578109000,"GROSS_PROFIT_YOY":58.290361504999,"HOLDER_PROFIT":60264000,"HOLDER_PROFIT_YOY":106.3393616036,"GROSS_PROFIT_RATIO":24.198079958244,"EPS_TTM":-7.743834806286,"OPERATE_INCOME_QOQ":6.402004271634,"NET_PROFIT_RATIO":0.9121494032,"ROE_AVG":-0.313749508367,"GROSS_PROFIT_QOQ":12.829993660703,"ROA":0.648234131016,"HOLDER_PROFIT_QOQ":37.672839136918,"ROE_YEARLY":-0.627499016734,"ROIC_YEARLY":1.897228273971,"TOTAL_ASSETS":9579166000,"TOTAL_LIABILITIES":29030569000,"TAX_EBT":15.183358047223,"OCF_SALES":10.960927093522,"TOTAL_PARENT_EQUITY":-19458600000,"DEBT_ASSET_RATIO":303.0594625879,"OPERATE_PROFIT":66731000,"PRETAX_PROFIT":70136000,"NETCASH_OPERATE":714831000,"NETCASH_INVEST":-267164000,"NETCASH_FINANCE":-7817000,"END_CASH":3193844000,"DIVI_RATIO":null,"DIVIDEND_RATE":null,"CURRENT_RATIO":1.251890624536,"COMMON_ACS":2500000000,"CURRENTDEBT_DEBT":19.716354853396,"ISSUED_COMMON_SHARES":819382930,"HK_COMMON_SHARES":751464070,"PER_SHARES":100,"TOTAL_MARKET_CAP":12995413269.8,"HKSK_MARKET_CAP":11918220150.2,"PE_TTM":1.700059780586,"PB_TTM":2.567878601696,"REPORT_DATE_SQ":"2022-06-30 00:00:00","REPORT_TYPE_SQ":"2022年中报","OPERATE_INCOME_SQ":5468028000,"DPS_HKD":null,"OPERATE_INCOME_QOQ_SQ":-0.072951280605,"NET_PROFIT_RATIO_SQ":-17.4077199312,"HOLDER_PROFIT_SQ":-950632000,"HOLDER_PROFIT_QOQ_SQ":37.205399398039,"ROE_AVG_SQ":5.863283815047,"PE_TTM_SQ":-13.000422283315,"PB_TTM_SQ":-0.748072690406,"ROA_SQ":-10.155632011641,"START_DATE":"2023-01-01 00:00:00","FISCAL_YEAR":"12-31","CURRENCY":"HKD","IS_CNY_CODE":0,"DPS_HKD_LY":null,"ORG_TYPE":"一般企业","PREMIUM_INCOME":null,"PREMIUM_INCOME_YOY":null,"NET_INTEREST_INCOME":null,"NET_INTEREST_INCOME_YOY":null,"FEE_COMMISSION_INCOME":null,"FEE_COMMISSION_INCOME_YOY":null,"ACCOUNTS_RECE_TDAYS":34.265840708895,"INVENTORY_TDAYS":3.337834626105,"CURRENT_ASSETS_TDAYS":0.926935240183,"TOTAL_ASSETS_TDAYS":0.701503801212,"PREMIUM_EXPENSE":null,"LOAN_DEPOSIT":null,"LOAN_EQUITY":null,"LOAN_ASSETS":null,"DEPOSIT_EQUITY":null,"DEPOSIT_ASSETS":null,"EQUITY_MULTIPLIER":-0.492466584544,"EQUITY_RATIO":-1.491914577616},{"SECUCODE":"09690.HK","SECURITY_CODE":"09690","SECURITY_NAME_ABBR":"途虎-W","ORG_CODE":"10000288969","STD_REPORT_DATE":"2023-03-31 00:00:00","REPORT_DATE":"2023-03-31 00:00:00","DATE_TYPE_CODE":"003","REPORT_TYPE":"2023年一季报","PER_NETCASH_OPERATE":1.203359015048,"PER_OI":21.365234405429,"BPS":-23.031047278468,"BASIC_EPS":-2,"DILUTED_EPS":-2,"OPERATE_INCOME":3264621000,"OPERATE_INCOME_YOY":9.9508110866,"GROSS_PROFIT":789784000,"GROSS_PROFIT_YOY":48.21270398895,"HOLDER_PROFIT":-278151000,"HOLDER_PROFIT_YOY":54.3181997346,"GROSS_PROFIT_RATIO":24.192210979468,"EPS_TTM":-11.815632915429,"OPERATE_INCOME_QOQ":2.558758227676,"NET_PROFIT_RATIO":-8.5318326385,"ROE_AVG":1.470608839387,"GROSS_PROFIT_QOQ":11.316801912798,"ROA":-3.064796157906,"HOLDER_PROFIT_QOQ":15.482687965816,"ROE_YEARLY":5.88243535755,"ROIC_YEARLY":-17.591394762065,"TOTAL_ASSETS":9137238000,"TOTAL_LIABILITIES":28008671000,"TAX_EBT":-0.530567165472,"OCF_SALES":5.632323016975,"TOTAL_PARENT_EQUITY":-18871247000,"DEBT_ASSET_RATIO":306.5332324713,"OPERATE_PROFIT":-2510000,"PRETAX_PROFIT":-277062000,"NETCASH_OPERATE":183874000,"NETCASH_INVEST":-79065000,"NETCASH_FINANCE":47611000,"END_CASH":2815580000,"DIVI_RATIO":null,"DIVIDEND_RATE":null,"CURRENT_RATIO":1.21300478249,"COMMON_ACS":2500000000,"CURRENTDEBT_DEBT":20.054321749147,"ISSUED_COMMON_SHARES":819382930,"HK_COMMON_SHARES":751464070,"PER_SHARES":100,"TOTAL_MARKET_CAP":12995413269.8,"HKSK_MARKET_CAP":11918220150.2,"PE_TTM":1.700059780586,"PB_TTM":2.567878601696,"REPORT_DATE_SQ":"2022-03-31 00:00:00","REPORT_TYPE_SQ":"2022年一季报","OPERATE_INCOME_SQ":2969165000,"DPS_HKD":null,"OPERATE_INCOME_QOQ_SQ":0,"NET_PROFIT_RATIO_SQ":-20.535200974,"HOLDER_PROFIT_SQ":-608888000,"HOLDER_PROFIT_QOQ_SQ":0,"ROE_AVG_SQ":null,"PE_TTM_SQ":-13.000422283315,"PB_TTM_SQ":-0.748072690406,"ROA_SQ":null,"START_DATE":"2023-01-01 00:00:00","FISCAL_YEAR":"12-31","CURRENCY":"HKD","IS_CNY_CODE":0,"DPS_HKD_LY":null,"ORG_TYPE":"一般企业","PREMIUM_INCOME":null,"PREMIUM_INCOME_YOY":null,"NET_INTEREST_INCOME":null,"NET_INTEREST_INCOME_YOY":null,"FEE_COMMISSION_INCOME":null,"FEE_COMMISSION_INCOME_YOY":null,"ACCOUNTS_RECE_TDAYS":17.667705745783,"INVENTORY_TDAYS":1.59751674679,"CURRENT_ASSETS_TDAYS":0.475918914412,"TOTAL_ASSETS_TDAYS":0.3597110166,"PREMIUM_EXPENSE":null,"LOAN_DEPOSIT":null,"LOAN_EQUITY":null,"LOAN_ASSETS":null,"DEPOSIT_EQUITY":null,"DEPOSIT_ASSETS":null,"EQUITY_MULTIPLIER":-0.484183580547,"EQUITY_RATIO":-1.484198209053},{"SECUCODE":"09690.HK","SECURITY_CODE":"09690","SECURITY_NAME_ABBR":"途虎-W","ORG_CODE":"10000288969","STD_REPORT_DATE":"2022-12-31 00:00:00","REPORT_DATE":"2022-12-31 00:00:00","DATE_TYPE_CODE":"001","REPORT_TYPE":"2022年年报","PER_NETCASH_OPERATE":-2.074197172,"PER_OI":76.589712832952,"BPS":-23.135408739843,"BASIC_EPS":-14.8,"DILUTED_EPS":-14.8,"OPERATE_INCOME":11546851000,"OPERATE_INCOME_YOY":-1.5132038577,"GROSS_PROFIT":2270182000,"GROSS_PROFIT_YOY":21.38050432497,"HOLDER_PROFIT":-2136173000,"HOLDER_PROFIT_YOY":63.4253088351,"GROSS_PROFIT_RATIO":19.660615695136,"EPS_TTM":-14.169133786476,"OPERATE_INCOME_QOQ":-1.441304026815,"NET_PROFIT_RATIO":-18.5185987071,"ROE_AVG":12.447302093873,"GROSS_PROFIT_QOQ":10.33905883954,"ROA":-22.669451302565,"HOLDER_PROFIT_QOQ":41.755038149269,"ROE_YEARLY":12.447302093873,"ROIC_YEARLY":-29.093082971492,"TOTAL_ASSETS":9014116000,"TOTAL_LIABILITIES":27970680000,"TAX_EBT":-1.454986100627,"OCF_SALES":-2.708192909045,"TOTAL_PARENT_EQUITY":-18956759000,"DEBT_ASSET_RATIO":310.2986471441,"OPERATE_PROFIT":-763920000,"PRETAX_PROFIT":-2107649000,"NETCASH_OPERATE":-312711000,"NETCASH_INVEST":481347000,"NETCASH_FINANCE":935977000,"END_CASH":2686353000,"DIVI_RATIO":null,"DIVIDEND_RATE":null,"CURRENT_RATIO":1.239339442113,"COMMON_ACS":2500000000,"CURRENTDEBT_DEBT":19.921571445528,"ISSUED_COMMON_SHARES":819382930,"HK_COMMON_SHARES":751464070,"PER_SHARES":100,"TOTAL_MARKET_CAP":12995413269.8,"HKSK_MARKET_CAP":11918220150.2,"PE_TTM":1.700059780586,"PB_TTM":2.567878601696,"REPORT_DATE_SQ":"2021-12-31 00:00:00","REPORT_TYPE_SQ":"2021年年报","OPERATE_INCOME_SQ":11724263000,"DPS_HKD":null,"OPERATE_INCOME_QOQ_SQ":4.308027756843,"NET_PROFIT_RATIO_SQ":-49.8521826063,"HOLDER_PROFIT_SQ":-5840577000,"HOLDER_PROFIT_QOQ_SQ":-3.472707694739,"ROE_AVG_SQ":46.214198661464,"PE_TTM_SQ":-13.000422283315,"PB_TTM_SQ":-0.748072690406,"ROA_SQ":-61.914885937068,"START_DATE":"2022-01-01 00:00:00","FISCAL_YEAR":"12-31","CURRENCY":"HKD","IS_CNY_CODE":0,"DPS_HKD_LY":null,"ORG_TYPE":"一般企业","PREMIUM_INCOME":null,"PREMIUM_INCOME_YOY":null,"NET_INTEREST_INCOME":null,"NET_INTEREST_INCOME_YOY":null,"FEE_COMMISSION_INCOME":null,"FEE_COMMISSION_INCOME_YOY":null,"ACCOUNTS_RECE_TDAYS":61.301870615124,"INVENTORY_TDAYS":5.698094629706,"CURRENT_ASSETS_TDAYS":1.576132000404,"TOTAL_ASSETS_TDAYS":1.225372553826,"PREMIUM_EXPENSE":null,"LOAN_DEPOSIT":null,"LOAN_EQUITY":null,"LOAN_ASSETS":null,"DEPOSIT_EQUITY":null,"DEPOSIT_ASSETS":null,"EQUITY_MULTIPLIER":-0.475514233487,"EQUITY_RATIO":-1.475499055508},{"SECUCODE":"09690.HK","SECURITY_CODE":"09690","SECURITY_NAME_ABBR":"途虎-W","ORG_CODE":"10000288969","STD_REPORT_DATE":"2022-06-30 00:00:00","REPORT_DATE":"2022-06-30 00:00:00","DATE_TYPE_CODE":"002","REPORT_TYPE":"2022年中报","PER_NETCASH_OPERATE":-3.636019198476,"PER_OI":34.950593446857,"BPS":-20.820419092695,"BASIC_EPS":-7,"DILUTED_EPS":-7,"OPERATE_INCOME":5468028000,"OPERATE_INCOME_YOY":-0.1561740801,"GROSS_PROFIT":996971000,"GROSS_PROFIT_YOY":23.111261488764,"HOLDER_PROFIT":-950632000,"HOLDER_PROFIT_YOY":69.5665508403,"GROSS_PROFIT_RATIO":18.232733994778,"EPS_TTM":-23.44238967981,"OPERATE_INCOME_QOQ":-0.072951280605,"NET_PROFIT_RATIO":-17.4077199312,"ROE_AVG":5.863283815047,"GROSS_PROFIT_QOQ":10.006833121068,"ROA":-10.155632011641,"HOLDER_PROFIT_QOQ":37.205399398039,"ROE_YEARLY":11.726567630095,"ROIC_YEARLY":-26.945761999634,"TOTAL_ASSETS":8889123000,"TOTAL_LIABILITIES":25947909000,"TAX_EBT":-1.693033849993,"OCF_SALES":-10.403311760657,"TOTAL_PARENT_EQUITY":-17059896000,"DEBT_ASSET_RATIO":291.9062881681,"OPERATE_PROFIT":-518047000,"PRETAX_PROFIT":-936012000,"NETCASH_OPERATE":-568856000,"NETCASH_INVEST":1038802000,"NETCASH_FINANCE":1118244000,"END_CASH":3133752000,"DIVI_RATIO":null,"DIVIDEND_RATE":null,"CURRENT_RATIO":1.332174196486,"COMMON_ACS":2500000000,"CURRENTDEBT_DEBT":19.81568919484,"ISSUED_COMMON_SHARES":819382930,"HK_COMMON_SHARES":751464070,"PER_SHARES":100,"TOTAL_MARKET_CAP":12995413269.8,"HKSK_MARKET_CAP":11918220150.2,"PE_TTM":1.700059780586,"PB_TTM":2.567878601696,"REPORT_DATE_SQ":"2021-06-30 00:00:00","REPORT_TYPE_SQ":"2021年中报","OPERATE_INCOME_SQ":5476581000,"DPS_HKD":null,"OPERATE_INCOME_QOQ_SQ":0,"NET_PROFIT_RATIO_SQ":-57.0600708727,"HOLDER_PROFIT_SQ":-3123642000,"HOLDER_PROFIT_QOQ_SQ":0,"ROE_AVG_SQ":null,"PE_TTM_SQ":-13.000422283315,"PB_TTM_SQ":-0.748072690406,"ROA_SQ":null,"START_DATE":"2022-01-01 00:00:00","FISCAL_YEAR":"12-31","CURRENCY":"HKD","IS_CNY_CODE":0,"DPS_HKD_LY":null,"ORG_TYPE":"一般企业","PREMIUM_INCOME":null,"PREMIUM_INCOME_YOY":null,"NET_INTEREST_INCOME":null,"NET_INTEREST_INCOME_YOY":null,"FEE_COMMISSION_INCOME":null,"FEE_COMMISSION_INCOME_YOY":null,"ACCOUNTS_RECE_TDAYS":27.437543278639,"INVENTORY_TDAYS":2.772314412782,"CURRENT_ASSETS_TDAYS":0.749249846208,"TOTAL_ASSETS_TDAYS":0.584151177294,"PREMIUM_EXPENSE":null,"LOAN_DEPOSIT":null,"LOAN_EQUITY":null,"LOAN_ASSETS":null,"DEPOSIT_EQUITY":null,"DEPOSIT_ASSETS":null,"EQUITY_MULTIPLIER":-0.521087667083,"EQUITY_RATIO":-1.520988697704},{"SECUCODE":"09690.HK","SECURITY_CODE":"09690","SECURITY_NAME_ABBR":"途虎-W","ORG_CODE":"10000288969","STD_REPORT_DATE":"2022-03-31 00:00:00","REPORT_DATE":"2022-03-31 00:00:00","DATE_TYPE_CODE":"003","REPORT_TYPE":"2022年一季报","PER_NETCASH_OPERATE":null,"PER_OI":null,"BPS":null,"BASIC_EPS":-4,"DILUTED_EPS":-4,"OPERATE_INCOME":2969165000,"OPERATE_INCOME_YOY":null,"GROSS_PROFIT":532872000,"GROSS_PROFIT_YOY":null,"HOLDER_PROFIT":-608888000,"HOLDER_PROFIT_YOY":null,"GROSS_PROFIT_RATIO":17.946863848927,"EPS_TTM":-35.464539789429,"OPERATE_INCOME_QOQ":0,"NET_PROFIT_RATIO":-20.535200974,"ROE_AVG":null,"GROSS_PROFIT_QOQ":0,"ROA":null,"HOLDER_PROFIT_QOQ":0,"ROE_YEARLY":null,"ROIC_YEARLY":null,"TOTAL_ASSETS":null,"TOTAL_LIABILITIES":null,"TAX_EBT":-0.866354446001,"OCF_SALES":-19.005646368592,"TOTAL_PARENT_EQUITY":null,"DEBT_ASSET_RATIO":null,"OPERATE_PROFIT":-260676000,"PRETAX_PROFIT":-604487000,"NETCASH_OPERATE":-564309000,"NETCASH_INVEST":626563000,"NETCASH_FINANCE":-466697000,"END_CASH":1064241000,"DIVI_RATIO":null,"DIVIDEND_RATE":null,"CURRENT_RATIO":null,"COMMON_ACS":2500000000,"CURRENTDEBT_DEBT":null,"ISSUED_COMMON_SHARES":819382930,"HK_COMMON_SHARES":751464070,"PER_SHARES":100,"TOTAL_MARKET_CAP":12995413269.8,"HKSK_MARKET_CAP":11918220150.2,"PE_TTM":1.700059780586,"PB_TTM":2.567878601696,"REPORT_DATE_SQ":"2021-03-31 00:00:00","REPORT_TYPE_SQ":"2021年一季报","OPERATE_INCOME_SQ":null,"DPS_HKD":null,"OPERATE_INCOME_QOQ_SQ":0,"NET_PROFIT_RATIO_SQ":null,"HOLDER_PROFIT_SQ":null,"HOLDER_PROFIT_QOQ_SQ":0,"ROE_AVG_SQ":null,"PE_TTM_SQ":-13.000422283315,"PB_TTM_SQ":-0.748072690406,"ROA_SQ":null,"START_DATE":"2022-01-01 00:00:00","FISCAL_YEAR":"12-31","CURRENCY":"HKD","IS_CNY_CODE":0,"DPS_HKD_LY":null,"ORG_TYPE":"一般企业","PREMIUM_INCOME":null,"PREMIUM_INCOME_YOY":null,"NET_INTEREST_INCOME":null,"NET_INTEREST_INCOME_YOY":null,"FEE_COMMISSION_INCOME":null,"FEE_COMMISSION_INCOME_YOY":null,"ACCOUNTS_RECE_TDAYS":null,"INVENTORY_TDAYS":null,"CURRENT_ASSETS_TDAYS":0.766603010396,"TOTAL_ASSETS_TDAYS":0.603970401603,"PREMIUM_EXPENSE":null,"LOAN_DEPOSIT":null,"LOAN_EQUITY":null,"LOAN_ASSETS":null,"DEPOSIT_EQUITY":null,"DEPOSIT_ASSETS":null,"EQUITY_MULTIPLIER":null,"EQUITY_RATIO":null},{"SECUCODE":"09690.HK","SECURITY_CODE":"09690","SECURITY_NAME_ABBR":"途虎-W","ORG_CODE":"10000288969","STD_REPORT_DATE":"2021-12-31 00:00:00","REPORT_DATE":"2021-12-31 00:00:00","DATE_TYPE_CODE":"001","REPORT_TYPE":"2021年年报","PER_NETCASH_OPERATE":-0.599619404762,"PER_OI":71.190841532476,"BPS":-18.754004309072,"BASIC_EPS":-41,"DILUTED_EPS":-41,"OPERATE_INCOME":11724263000,"OPERATE_INCOME_YOY":33.9408173999,"GROSS_PROFIT":1870302000,"GROSS_PROFIT_YOY":73.172583521447,"HOLDER_PROFIT":-5840577000,"HOLDER_PROFIT_YOY":-48.6829494052,"GROSS_PROFIT_RATIO":15.952405707719,"EPS_TTM":-35.464539789429,"OPERATE_INCOME_QOQ":4.308027756843,"NET_PROFIT_RATIO":-49.8521826063,"ROE_AVG":46.214198661464,"GROSS_PROFIT_QOQ":17.108549610004,"ROA":-61.914885937068,"HOLDER_PROFIT_QOQ":-3.472707694739,"ROE_YEARLY":46.214198661464,"ROIC_YEARLY":-91.101481235495,"TOTAL_ASSETS":9832154000,"TOTAL_LIABILITIES":25196528000,"TAX_EBT":-0.599348121568,"OCF_SALES":-0.842270426721,"TOTAL_PARENT_EQUITY":-15366711000,"DEBT_ASSET_RATIO":256.2666125856,"OPERATE_PROFIT":-1313879000,"PRETAX_PROFIT":-5809979000,"NETCASH_OPERATE":-98750000,"NETCASH_INVEST":-917972000,"NETCASH_FINANCE":1407937000,"END_CASH":1472293000,"DIVI_RATIO":null,"DIVIDEND_RATE":null,"CURRENT_RATIO":1.348824733027,"COMMON_ACS":2500000000,"CURRENTDEBT_DEBT":22.792795102563,"ISSUED_COMMON_SHARES":819382930,"HK_COMMON_SHARES":751464070,"PER_SHARES":100,"TOTAL_MARKET_CAP":12995413269.8,"HKSK_MARKET_CAP":11918220150.2,"PE_TTM":1.700059780586,"PB_TTM":2.567878601696,"REPORT_DATE_SQ":"2020-12-31 00:00:00","REPORT_TYPE_SQ":"2020年年报","OPERATE_INCOME_SQ":8753316000,"DPS_HKD":null,"OPERATE_INCOME_QOQ_SQ":24.330499529783,"NET_PROFIT_RATIO_SQ":-44.876810114,"HOLDER_PROFIT_SQ":-3928209000,"HOLDER_PROFIT_QOQ_SQ":-14.582568858185,"ROE_AVG_SQ":47.891300821527,"PE_TTM_SQ":-13.000422283315,"PB_TTM_SQ":-0.748072690406,"ROA_SQ":-51.691238656463,"START_DATE":"2021-01-01 00:00:00","FISCAL_YEAR":"12-31","CURRENCY":"HKD","IS_CNY_CODE":0,"DPS_HKD_LY":null,"ORG_TYPE":"一般企业","PREMIUM_INCOME":null,"PREMIUM_INCOME_YOY":null,"NET_INTEREST_INCOME":null,"NET_INTEREST_INCOME_YOY":null,"FEE_COMMISSION_INCOME":null,"FEE_COMMISSION_INCOME_YOY":null,"ACCOUNTS_RECE_TDAYS":48.497468459152,"INVENTORY_TDAYS":6.16440843903,"CURRENT_ASSETS_TDAYS":1.530168632573,"TOTAL_ASSETS_TDAYS":1.242867624793,"PREMIUM_EXPENSE":null,"LOAN_DEPOSIT":null,"LOAN_EQUITY":null,"LOAN_ASSETS":null,"DEPOSIT_EQUITY":null,"DEPOSIT_ASSETS":null,"EQUITY_MULTIPLIER":-0.639931962083,"EQUITY_RATIO":-1.639682557966},{"SECUCODE":"09690.HK","SECURITY_CODE":"09690","SECURITY_NAME_ABBR":"途虎-W","ORG_CODE":"10000288969","STD_REPORT_DATE":"2021-09-30 00:00:00","REPORT_DATE":"2021-09-30 00:00:00","DATE_TYPE_CODE":"004","REPORT_TYPE":"2021年三季报","PER_NETCASH_OPERATE":-2.812223854286,"PER_OI":52.139972427429,"BPS":-17.323023802802,"BASIC_EPS":-154,"DILUTED_EPS":-154,"OPERATE_INCOME":8441572000,"OPERATE_INCOME_YOY":41.7596315205,"GROSS_PROFIT":1312452000,"GROSS_PROFIT_YOY":65.003828228819,"HOLDER_PROFIT":-4433803000,"HOLDER_PROFIT_YOY":-63.1601859682,"GROSS_PROFIT_RATIO":15.547483336042,"EPS_TTM":-34.864015669714,"OPERATE_INCOME_QOQ":28.408925257582,"NET_PROFIT_RATIO":-52.53881623,"ROE_AVG":36.789559266556,"GROSS_PROFIT_QOQ":47.873561834852,"ROA":-46.596714890734,"HOLDER_PROFIT_QOQ":-43.692914506331,"ROE_YEARLY":49.052745688741,"ROIC_YEARLY":-99.799682738153,"TOTAL_ASSETS":9996222000,"TOTAL_LIABILITIES":24185150000,"TAX_EBT":-0.304389115087,"OCF_SALES":-5.393604413965,"TOTAL_PARENT_EQUITY":-14194190000,"DEBT_ASSET_RATIO":241.9429060299,"OPERATE_PROFIT":null,"PRETAX_PROFIT":-4421643000,"NETCASH_OPERATE":-455305000,"NETCASH_INVEST":-690084000,"NETCASH_FINANCE":1377699000,"END_CASH":1426945000,"DIVI_RATIO":null,"DIVIDEND_RATE":null,"CURRENT_RATIO":1.49337801413,"COMMON_ACS":2500000000,"CURRENTDEBT_DEBT":22.445310448767,"ISSUED_COMMON_SHARES":819382930,"HK_COMMON_SHARES":751464070,"PER_SHARES":100,"TOTAL_MARKET_CAP":12995413269.8,"HKSK_MARKET_CAP":11918220150.2,"PE_TTM":1.700059780586,"PB_TTM":2.567878601696,"REPORT_DATE_SQ":"2020-09-30 00:00:00","REPORT_TYPE_SQ":"2020年三季报","OPERATE_INCOME_SQ":5954849000,"DPS_HKD":null,"OPERATE_INCOME_QOQ_SQ":0,"NET_PROFIT_RATIO_SQ":-45.6343057565,"HOLDER_PROFIT_SQ":-2717454000,"HOLDER_PROFIT_QOQ_SQ":0,"ROE_AVG_SQ":null,"PE_TTM_SQ":-13.000422283315,"PB_TTM_SQ":-0.748072690406,"ROA_SQ":null,"START_DATE":"2021-01-01 00:00:00","FISCAL_YEAR":"12-31","CURRENCY":"HKD","IS_CNY_CODE":0,"DPS_HKD_LY":null,"ORG_TYPE":"一般企业","PREMIUM_INCOME":null,"PREMIUM_INCOME_YOY":null,"NET_INTEREST_INCOME":null,"NET_INTEREST_INCOME_YOY":null,"FEE_COMMISSION_INCOME":null,"FEE_COMMISSION_INCOME_YOY":null,"ACCOUNTS_RECE_TDAYS":29.913172278771,"INVENTORY_TDAYS":4.866557605003,"CURRENT_ASSETS_TDAYS":1.076418425642,"TOTAL_ASSETS_TDAYS":0.887160579109,"PREMIUM_EXPENSE":null,"LOAN_DEPOSIT":null,"LOAN_EQUITY":null,"LOAN_ASSETS":null,"DEPOSIT_EQUITY":null,"DEPOSIT_ASSETS":null,"EQUITY_MULTIPLIER":-0.70450861404,"EQUITY_RATIO":-1.703876727027}],"count":13},"success":true,"message":"ok","code":0}