{"version":"f9f96c3769596e39355f8256deb0ebc9","result":{"pages":3,"data":[{"SECUCODE":"09696.HK","SECURITY_CODE":"09696","SECURITY_NAME_ABBR":"天齐锂业","ORG_CODE":"10152212","STD_REPORT_DATE":"2024-09-30 00:00:00","REPORT_DATE":"2024-09-30 00:00:00","DATE_TYPE_CODE":"004","REPORT_TYPE":"2024年三季报","PER_NETCASH_OPERATE":2.554421005783,"PER_OI":6.132467805848,"BPS":26.509646633297,"BASIC_EPS":-3.48,"DILUTED_EPS":-3.48,"OPERATE_INCOME":10064738520.01,"OPERATE_INCOME_YOY":-69.8653000802,"GROSS_PROFIT":4934605885.13,"GROSS_PROFIT_YOY":-82.946180080446,"HOLDER_PROFIT":-5701413364.59,"HOLDER_PROFIT_YOY":-170.4007369273,"GROSS_PROFIT_RATIO":49.028654597627,"EPS_TTM":-3.973615865427,"OPERATE_INCOME_QOQ":-22.428574925391,"NET_PROFIT_RATIO":17.2288947037,"ROE_AVG":-11.789878999814,"GROSS_PROFIT_QOQ":-35.648630482657,"ROA":-7.846479973118,"HOLDER_PROFIT_QOQ":-49.34301875082,"ROE_YEARLY":-15.719838666419,"ROIC_YEARLY":-9.49238629673,"TOTAL_ASSETS":70355035161.95,"TOTAL_LIABILITIES":20001526283.47,"TAX_EBT":42.266411221192,"OCF_SALES":41.654046733803,"TOTAL_PARENT_EQUITY":43508204212.27,"DEBT_ASSET_RATIO":28.4294169386,"OPERATE_PROFIT":3081396559.88,"PRETAX_PROFIT":3003525743.85,"NETCASH_OPERATE":4192370886.76,"NETCASH_INVEST":-4665264157.86,"NETCASH_FINANCE":-2559321184.06,"END_CASH":6246825220.19,"DIVI_RATIO":-0.33807052546,"DIVIDEND_RATE":5.953333333333,"CURRENT_RATIO":2.802740131384,"COMMON_ACS":null,"CURRENTDEBT_DEBT":24.316802577409,"ISSUED_COMMON_SHARES":1641221583,"HK_COMMON_SHARES":164122200,"PER_SHARES":200,"TOTAL_MARKET_CAP":40866417416.7,"HKSK_MARKET_CAP":4086642780,"PE_TTM":-5.742685167175,"PB_TTM":0.847033961282,"REPORT_DATE_SQ":"2023-09-30 00:00:00","REPORT_TYPE_SQ":"2023年三季报","OPERATE_INCOME_SQ":33399166232.91,"DPS_HKD":1.48238,"OPERATE_INCOME_QOQ_SQ":-3.674377544784,"NET_PROFIT_RATIO_SQ":66.9785126415,"HOLDER_PROFIT_SQ":8098513756.3,"HOLDER_PROFIT_QOQ_SQ":-20.333142074121,"ROE_AVG_SQ":15.761129269801,"PE_TTM_SQ":3.143356176949,"PB_TTM_SQ":0.984749908787,"ROA_SQ":11.019164347019,"START_DATE":"2024-01-01 00:00:00","FISCAL_YEAR":"12-31","CURRENCY":"HKD","IS_CNY_CODE":0,"DPS_HKD_LY":1.48238,"ORG_TYPE":"一般企业","PREMIUM_INCOME":null,"PREMIUM_INCOME_YOY":null,"NET_INTEREST_INCOME":null,"NET_INTEREST_INCOME_YOY":null,"FEE_COMMISSION_INCOME":null,"FEE_COMMISSION_INCOME_YOY":null,"ACCOUNTS_RECE_TDAYS":2.258313430255,"INVENTORY_TDAYS":1.78951851253,"CURRENT_ASSETS_TDAYS":0.605576220154,"TOTAL_ASSETS_TDAYS":0.138514372107,"PREMIUM_EXPENSE":null,"LOAN_DEPOSIT":null,"LOAN_EQUITY":null,"LOAN_ASSETS":null,"DEPOSIT_EQUITY":null,"DEPOSIT_ASSETS":null,"EQUITY_MULTIPLIER":1.397222094924,"EQUITY_RATIO":0.459718497824},{"SECUCODE":"09696.HK","SECURITY_CODE":"09696","SECURITY_NAME_ABBR":"天齐锂业","ORG_CODE":"10152212","STD_REPORT_DATE":"2024-06-30 00:00:00","REPORT_DATE":"2024-06-30 00:00:00","DATE_TYPE_CODE":"002","REPORT_TYPE":"2024年中报","PER_NETCASH_OPERATE":1.362377891663,"PER_OI":3.900230819716,"BPS":28.198280768039,"BASIC_EPS":-3.17,"DILUTED_EPS":-3.17,"OPERATE_INCOME":6401143000,"OPERATE_INCOME_YOY":-74.1757764512,"GROSS_PROFIT":3315656000,"GROSS_PROFIT_YOY":-84.638831466421,"HOLDER_PROFIT":-5198402000,"HOLDER_PROFIT_YOY":-180.6355100756,"GROSS_PROFIT_RATIO":51.7978742234,"EPS_TTM":-2.660730912408,"OPERATE_INCOME_QOQ":-30.148483237019,"NET_PROFIT_RATIO":7.3461255279,"ROE_AVG":-10.450256749767,"GROSS_PROFIT_QOQ":-36.492846535311,"ROA":-7.124525624559,"HOLDER_PROFIT_QOQ":-192.35734206311,"ROE_YEARLY":-20.900513499535,"ROIC_YEARLY":-16.901782446615,"TOTAL_ASSETS":70960703000,"TOTAL_LIABILITIES":19117332000,"TAX_EBT":65.157070157707,"OCF_SALES":34.930699095458,"TOTAL_PARENT_EQUITY":46279627000,"DEBT_ASSET_RATIO":26.9407308437,"OPERATE_PROFIT":2766733000,"PRETAX_PROFIT":1349588000,"NETCASH_OPERATE":2235964000,"NETCASH_INVEST":-3791498000,"NETCASH_FINANCE":-2411965000,"END_CASH":5262696000,"DIVI_RATIO":-0.504884728228,"DIVIDEND_RATE":5.647161904762,"CURRENT_RATIO":3.438503780625,"COMMON_ACS":null,"CURRENTDEBT_DEBT":20.622490627876,"ISSUED_COMMON_SHARES":1641221583,"HK_COMMON_SHARES":164122200,"PER_SHARES":200,"TOTAL_MARKET_CAP":43082066553.75,"HKSK_MARKET_CAP":4308207750,"PE_TTM":-6.054035567805,"PB_TTM":0.892957489304,"REPORT_DATE_SQ":"2023-06-30 00:00:00","REPORT_TYPE_SQ":"2023年中报","OPERATE_INCOME_SQ":24787359000,"DPS_HKD":1.48238,"OPERATE_INCOME_QOQ_SQ":9.550925064085,"NET_PROFIT_RATIO_SQ":66.5004287064,"HOLDER_PROFIT_SQ":6446790000,"HOLDER_PROFIT_QOQ_SQ":-20.911656189545,"ROE_AVG_SQ":12.509674842061,"PE_TTM_SQ":3.435761402712,"PB_TTM_SQ":1.076354551465,"ROA_SQ":8.523207279889,"START_DATE":"2024-01-01 00:00:00","FISCAL_YEAR":"12-31","CURRENCY":"HKD","IS_CNY_CODE":0,"DPS_HKD_LY":1.48238,"ORG_TYPE":"一般企业","PREMIUM_INCOME":null,"PREMIUM_INCOME_YOY":null,"NET_INTEREST_INCOME":null,"NET_INTEREST_INCOME_YOY":null,"FEE_COMMISSION_INCOME":null,"FEE_COMMISSION_INCOME_YOY":null,"ACCOUNTS_RECE_TDAYS":1.190073510171,"INVENTORY_TDAYS":1.016763403218,"CURRENT_ASSETS_TDAYS":0.386022323906,"TOTAL_ASSETS_TDAYS":0.087729089305,"PREMIUM_EXPENSE":null,"LOAN_DEPOSIT":null,"LOAN_EQUITY":null,"LOAN_ASSETS":null,"DEPOSIT_EQUITY":null,"DEPOSIT_ASSETS":null,"EQUITY_MULTIPLIER":1.368751715625,"EQUITY_RATIO":0.413083104581},{"SECUCODE":"09696.HK","SECURITY_CODE":"09696","SECURITY_NAME_ABBR":"天齐锂业","ORG_CODE":"10152212","STD_REPORT_DATE":"2024-03-31 00:00:00","REPORT_DATE":"2024-03-31 00:00:00","DATE_TYPE_CODE":"003","REPORT_TYPE":"2024年一季报","PER_NETCASH_OPERATE":null,"PER_OI":1.574823882395,"BPS":29.135754467421,"BASIC_EPS":-2.38,"DILUTED_EPS":-2.38,"OPERATE_INCOME":2584634945.21,"OPERATE_INCOME_YOY":-77.4241557745,"GROSS_PROFIT":1250735965.27,"GROSS_PROFIT_YOY":-87.83382683206,"HOLDER_PROFIT":-3896784834.74,"HOLDER_PROFIT_YOY":-179.9303344452,"GROSS_PROFIT_RATIO":48.391203856001,"EPS_TTM":-0.910095465239,"OPERATE_INCOME_QOQ":-21.914490855179,"NET_PROFIT_RATIO":-32.134376366,"ROE_AVG":-7.714335340168,"GROSS_PROFIT_QOQ":-26.289013161214,"ROA":-5.377933976465,"HOLDER_PROFIT_QOQ":-120.52209301128,"ROE_YEARLY":-30.857341360671,"ROIC_YEARLY":-26.297054121537,"TOTAL_ASSETS":69948471891.85,"TOTAL_LIABILITIES":17123401907.86,"TAX_EBT":-63.747535309261,"OCF_SALES":null,"TOTAL_PARENT_EQUITY":47818229068.92,"DEBT_ASSET_RATIO":24.4800228579,"OPERATE_PROFIT":-253570141.01,"PRETAX_PROFIT":-507217601.42,"NETCASH_OPERATE":null,"NETCASH_INVEST":null,"NETCASH_FINANCE":null,"END_CASH":null,"DIVI_RATIO":-1.476067571931,"DIVIDEND_RATE":5.647161904762,"CURRENT_RATIO":3.246920771102,"COMMON_ACS":null,"CURRENTDEBT_DEBT":29.92210188034,"ISSUED_COMMON_SHARES":1641221583,"HK_COMMON_SHARES":164122200,"PER_SHARES":200,"TOTAL_MARKET_CAP":43082066553.75,"HKSK_MARKET_CAP":4308207750,"PE_TTM":-6.054035567805,"PB_TTM":0.892957489304,"REPORT_DATE_SQ":"2023-03-31 00:00:00","REPORT_TYPE_SQ":"2023年一季报","OPERATE_INCOME_SQ":11448674607.22,"DPS_HKD":1.48238,"OPERATE_INCOME_QOQ_SQ":15.413697283519,"NET_PROFIT_RATIO_SQ":73.8404668722,"HOLDER_PROFIT_SQ":4875226485.4,"HOLDER_PROFIT_QOQ_SQ":6.461798615011,"ROE_AVG_SQ":9.453740562904,"PE_TTM_SQ":3.435761402712,"PB_TTM_SQ":1.076354551465,"ROA_SQ":6.605287163481,"START_DATE":"2024-01-01 00:00:00","FISCAL_YEAR":"12-31","CURRENCY":"HKD","IS_CNY_CODE":0,"DPS_HKD_LY":1.48238,"ORG_TYPE":"一般企业","PREMIUM_INCOME":null,"PREMIUM_INCOME_YOY":null,"NET_INTEREST_INCOME":null,"NET_INTEREST_INCOME_YOY":null,"FEE_COMMISSION_INCOME":null,"FEE_COMMISSION_INCOME_YOY":null,"ACCOUNTS_RECE_TDAYS":0.606058989936,"INVENTORY_TDAYS":0.434200783771,"CURRENT_ASSETS_TDAYS":0.14262172854,"TOTAL_ASSETS_TDAYS":0.035670422356,"PREMIUM_EXPENSE":null,"LOAN_DEPOSIT":null,"LOAN_EQUITY":null,"LOAN_ASSETS":null,"DEPOSIT_EQUITY":null,"DEPOSIT_ASSETS":null,"EQUITY_MULTIPLIER":1.324152943159,"EQUITY_RATIO":0.358093602404},{"SECUCODE":"09696.HK","SECURITY_CODE":"09696","SECURITY_NAME_ABBR":"天齐锂业","ORG_CODE":"10152212","STD_REPORT_DATE":"2023-12-31 00:00:00","REPORT_DATE":"2023-12-31 00:00:00","DATE_TYPE_CODE":"001","REPORT_TYPE":"2023年年报","PER_NETCASH_OPERATE":13.823894491156,"PER_OI":24.64524194598,"BPS":32.420287760742,"BASIC_EPS":4.44,"DILUTED_EPS":4.44,"OPERATE_INCOME":40448303000,"OPERATE_INCOME_YOY":0.6955127973,"GROSS_PROFIT":34347819000,"GROSS_PROFIT_YOY":0.566616877907,"HOLDER_PROFIT":7278343000,"HOLDER_PROFIT_YOY":-69.6033926662,"GROSS_PROFIT_RATIO":84.917824611826,"EPS_TTM":4.434710751668,"OPERATE_INCOME_QOQ":-17.321061766933,"NET_PROFIT_RATIO":63.3997797139,"ROE_AVG":14.08284760876,"GROSS_PROFIT_QOQ":-18.236959871463,"ROA":9.867127721888,"HOLDER_PROFIT_QOQ":-54.685087653496,"ROE_YEARLY":14.08284760876,"ROIC_YEARLY":12.27816938254,"TOTAL_ASSETS":74969069000,"TOTAL_LIABILITIES":19013466000,"TAX_EBT":29.281612626657,"OCF_SALES":56.091534915569,"TOTAL_PARENT_EQUITY":53208876000,"DEBT_ASSET_RATIO":25.3617475228,"OPERATE_PROFIT":33695100000,"PRETAX_PROFIT":36262330000,"NETCASH_OPERATE":22688074000,"NETCASH_INVEST":-2022702000,"NETCASH_FINANCE":-23437996000,"END_CASH":9330480000,"DIVI_RATIO":0.302919960021,"DIVIDEND_RATE":5.647161904762,"CURRENT_RATIO":2.944267205336,"COMMON_ACS":null,"CURRENTDEBT_DEBT":35.027106578043,"ISSUED_COMMON_SHARES":1641221583,"HK_COMMON_SHARES":164122200,"PER_SHARES":200,"TOTAL_MARKET_CAP":43082066553.75,"HKSK_MARKET_CAP":4308207750,"PE_TTM":-6.054035567805,"PB_TTM":0.892957489304,"REPORT_DATE_SQ":"2022-12-31 00:00:00","REPORT_TYPE_SQ":"2022年年报","OPERATE_INCOME_SQ":40168923000,"DPS_HKD":1.48238,"OPERATE_INCOME_QOQ_SQ":41.58396043418,"NET_PROFIT_RATIO_SQ":76.9573508356,"HOLDER_PROFIT_SQ":23944590000,"HOLDER_PROFIT_QOQ_SQ":25.359198241398,"ROE_AVG_SQ":74.232014498695,"PE_TTM_SQ":3.435761402712,"PB_TTM_SQ":1.076354551465,"ROA_SQ":40.461184289318,"START_DATE":"2023-01-01 00:00:00","FISCAL_YEAR":"12-31","CURRENCY":"HKD","IS_CNY_CODE":0,"DPS_HKD_LY":3.2925713,"ORG_TYPE":"一般企业","PREMIUM_INCOME":null,"PREMIUM_INCOME_YOY":null,"NET_INTEREST_INCOME":null,"NET_INTEREST_INCOME_YOY":null,"FEE_COMMISSION_INCOME":null,"FEE_COMMISSION_INCOME_YOY":null,"ACCOUNTS_RECE_TDAYS":4.649501183575,"INVENTORY_TDAYS":2.304485665442,"CURRENT_ASSETS_TDAYS":1.775267472053,"TOTAL_ASSETS_TDAYS":0.548350870294,"PREMIUM_EXPENSE":null,"LOAN_DEPOSIT":null,"LOAN_EQUITY":null,"LOAN_ASSETS":null,"DEPOSIT_EQUITY":null,"DEPOSIT_ASSETS":null,"EQUITY_MULTIPLIER":1.339795569712,"EQUITY_RATIO":0.357336358693},{"SECUCODE":"09696.HK","SECURITY_CODE":"09696","SECURITY_NAME_ABBR":"天齐锂业","ORG_CODE":"10152212","STD_REPORT_DATE":"2023-09-30 00:00:00","REPORT_DATE":"2023-09-30 00:00:00","DATE_TYPE_CODE":"004","REPORT_TYPE":"2023年三季报","PER_NETCASH_OPERATE":12.207502649842,"PER_OI":20.350187067282,"BPS":32.055318531465,"BASIC_EPS":4.93,"DILUTED_EPS":4.93,"OPERATE_INCOME":33399166232.91,"OPERATE_INCOME_YOY":35.5158251073,"GROSS_PROFIT":28935487230.47,"GROSS_PROFIT_YOY":37.259894667971,"HOLDER_PROFIT":8098513756.3,"HOLDER_PROFIT_YOY":-49.3254076163,"GROSS_PROFIT_RATIO":86.635357986746,"EPS_TTM":9.786426856038,"OPERATE_INCOME_QOQ":-3.674377544784,"NET_PROFIT_RATIO":66.9785126415,"ROE_AVG":15.761129269801,"GROSS_PROFIT_QOQ":-4.129455749991,"ROA":11.019164347019,"HOLDER_PROFIT_QOQ":-20.333142074121,"ROE_YEARLY":21.014839026402,"ROIC_YEARLY":13.176957472719,"TOTAL_ASSETS":74431600384.02,"TOTAL_LIABILITIES":22768262398.65,"TAX_EBT":29.427381600189,"OCF_SALES":59.987176577205,"TOTAL_PARENT_EQUITY":52609880623.78,"DEBT_ASSET_RATIO":30.589510747,"OPERATE_PROFIT":31605319462.14,"PRETAX_PROFIT":31698221328.16,"NETCASH_OPERATE":20035216823.45,"NETCASH_INVEST":-901519712.73,"NETCASH_FINANCE":-23230195129.05,"END_CASH":7695051066.63,"DIVI_RATIO":0.137267914364,"DIVIDEND_RATE":5.647161904762,"CURRENT_RATIO":2.171578157618,"COMMON_ACS":null,"CURRENTDEBT_DEBT":45.349052764265,"ISSUED_COMMON_SHARES":1641221583,"HK_COMMON_SHARES":164122200,"PER_SHARES":200,"TOTAL_MARKET_CAP":43082066553.75,"HKSK_MARKET_CAP":4308207750,"PE_TTM":-6.054035567805,"PB_TTM":0.892957489304,"REPORT_DATE_SQ":"2022-09-30 00:00:00","REPORT_TYPE_SQ":"2022年三季报","OPERATE_INCOME_SQ":24645952756.05,"DPS_HKD":1.48238,"OPERATE_INCOME_QOQ_SQ":46.024116649816,"NET_PROFIT_RATIO_SQ":79.3427321292,"HOLDER_PROFIT_SQ":15981408779.72,"HOLDER_PROFIT_QOQ_SQ":36.848285938771,"ROE_AVG_SQ":57.701157599117,"PE_TTM_SQ":3.435761402712,"PB_TTM_SQ":1.076354551465,"ROA_SQ":29.386787610038,"START_DATE":"2023-01-01 00:00:00","FISCAL_YEAR":"12-31","CURRENCY":"HKD","IS_CNY_CODE":0,"DPS_HKD_LY":3.2925713,"ORG_TYPE":"一般企业","PREMIUM_INCOME":null,"PREMIUM_INCOME_YOY":null,"NET_INTEREST_INCOME":null,"NET_INTEREST_INCOME_YOY":null,"FEE_COMMISSION_INCOME":null,"FEE_COMMISSION_INCOME_YOY":null,"ACCOUNTS_RECE_TDAYS":3.481619055888,"INVENTORY_TDAYS":1.617320390489,"CURRENT_ASSETS_TDAYS":1.380638079005,"TOTAL_ASSETS_TDAYS":0.454442522231,"PREMIUM_EXPENSE":null,"LOAN_DEPOSIT":null,"LOAN_EQUITY":null,"LOAN_ASSETS":null,"DEPOSIT_EQUITY":null,"DEPOSIT_ASSETS":null,"EQUITY_MULTIPLIER":1.440704439289,"EQUITY_RATIO":0.432775405089},{"SECUCODE":"09696.HK","SECURITY_CODE":"09696","SECURITY_NAME_ABBR":"天齐锂业","ORG_CODE":"10152212","STD_REPORT_DATE":"2023-06-30 00:00:00","REPORT_DATE":"2023-06-30 00:00:00","DATE_TYPE_CODE":"002","REPORT_TYPE":"2023年中报","PER_NETCASH_OPERATE":7.380244158049,"PER_OI":15.102993560864,"BPS":32.240066513919,"BASIC_EPS":3.93,"DILUTED_EPS":3.93,"OPERATE_INCOME":24787359000,"OPERATE_INCOME_YOY":74.9532255524,"GROSS_PROFIT":21584660000,"GROSS_PROFIT_YOY":81.071584844678,"HOLDER_PROFIT":6446790000,"HOLDER_PROFIT_YOY":-36.9834037206,"GROSS_PROFIT_RATIO":87.079305221666,"EPS_TTM":12.284188319744,"OPERATE_INCOME_QOQ":9.550925064085,"NET_PROFIT_RATIO":66.5004287064,"ROE_AVG":12.509674842061,"GROSS_PROFIT_QOQ":9.679902151491,"ROA":8.523207279889,"HOLDER_PROFIT_QOQ":-20.911656189545,"ROE_YEARLY":25.019349684123,"ROIC_YEARLY":21.396026518595,"TOTAL_ASSETS":78718135000,"TOTAL_LIABILITIES":22034153000,"TAX_EBT":29.600563479077,"OCF_SALES":48.866101467284,"TOTAL_PARENT_EQUITY":52913093000,"DEBT_ASSET_RATIO":27.9912030436,"OPERATE_PROFIT":21612886000,"PRETAX_PROFIT":23414534000,"NETCASH_OPERATE":12112616000,"NETCASH_INVEST":-131672000,"NETCASH_FINANCE":-14272329000,"END_CASH":10089720000,"DIVI_RATIO":0.109357034314,"DIVIDEND_RATE":5.647161904762,"CURRENT_RATIO":2.748082154159,"COMMON_ACS":null,"CURRENTDEBT_DEBT":44.94758659432,"ISSUED_COMMON_SHARES":1641221583,"HK_COMMON_SHARES":164122200,"PER_SHARES":200,"TOTAL_MARKET_CAP":43082066553.75,"HKSK_MARKET_CAP":4308207750,"PE_TTM":-6.054035567805,"PB_TTM":0.892957489304,"REPORT_DATE_SQ":"2022-06-30 00:00:00","REPORT_TYPE_SQ":"2022年中报","OPERATE_INCOME_SQ":14167992000,"DPS_HKD":1.48238,"OPERATE_INCOME_QOQ_SQ":63.113429492973,"NET_PROFIT_RATIO_SQ":84.0477041489,"HOLDER_PROFIT_SQ":10230305000,"HOLDER_PROFIT_QOQ_SQ":77.770162819719,"ROE_AVG_SQ":52.237099423155,"PE_TTM_SQ":3.435761402712,"PB_TTM_SQ":1.076354551465,"ROA_SQ":20.33734817991,"START_DATE":"2023-01-01 00:00:00","FISCAL_YEAR":"12-31","CURRENCY":"HKD","IS_CNY_CODE":0,"DPS_HKD_LY":3.2925713,"ORG_TYPE":"一般企业","PREMIUM_INCOME":null,"PREMIUM_INCOME_YOY":null,"NET_INTEREST_INCOME":null,"NET_INTEREST_INCOME_YOY":null,"FEE_COMMISSION_INCOME":null,"FEE_COMMISSION_INCOME_YOY":null,"ACCOUNTS_RECE_TDAYS":2.0961984448,"INVENTORY_TDAYS":1.215376123679,"CURRENT_ASSETS_TDAYS":0.932262695389,"TOTAL_ASSETS_TDAYS":0.327710067612,"PREMIUM_EXPENSE":null,"LOAN_DEPOSIT":null,"LOAN_EQUITY":null,"LOAN_ASSETS":null,"DEPOSIT_EQUITY":null,"DEPOSIT_ASSETS":null,"EQUITY_MULTIPLIER":1.388719215245,"EQUITY_RATIO":0.416421565075},{"SECUCODE":"09696.HK","SECURITY_CODE":"09696","SECURITY_NAME_ABBR":"天齐锂业","ORG_CODE":"10152212","STD_REPORT_DATE":"2023-03-31 00:00:00","REPORT_DATE":"2023-03-31 00:00:00","DATE_TYPE_CODE":"003","REPORT_TYPE":"2023年一季报","PER_NETCASH_OPERATE":3.007583673685,"PER_OI":6.975703174883,"BPS":32.282538237599,"BASIC_EPS":2.97,"DILUTED_EPS":2.97,"OPERATE_INCOME":11448674607.22,"OPERATE_INCOME_YOY":117.7730573391,"GROSS_PROFIT":10280438622.77,"GROSS_PROFIT_YOY":129.293496787804,"HOLDER_PROFIT":4875226485.4,"HOLDER_PROFIT_YOY":46.49226768,"GROSS_PROFIT_RATIO":89.795884462353,"EPS_TTM":15.53223613986,"OPERATE_INCOME_QOQ":15.413697283519,"NET_PROFIT_RATIO":73.8404668722,"ROE_AVG":9.453740562904,"GROSS_PROFIT_QOQ":16.972712826161,"ROA":6.605287163481,"HOLDER_PROFIT_QOQ":6.461798615011,"ROE_YEARLY":37.814962251616,"ROIC_YEARLY":33.607016272833,"TOTAL_ASSETS":75057865996.1,"TOTAL_LIABILITIES":19314702539.31,"TAX_EBT":28.09042199491,"OCF_SALES":43.115132600739,"TOTAL_PARENT_EQUITY":52982798509.57,"DEBT_ASSET_RATIO":25.7330824464,"OPERATE_PROFIT":11674748409.19,"PRETAX_PROFIT":11756090099.78,"NETCASH_OPERATE":4936111237.93,"NETCASH_INVEST":-708887294.68,"NETCASH_FINANCE":-4902867794.62,"END_CASH":11533566630.06,"DIVI_RATIO":0.086488667279,"DIVIDEND_RATE":5.647161904762,"CURRENT_RATIO":3.270347401257,"COMMON_ACS":null,"CURRENTDEBT_DEBT":44.325942076071,"ISSUED_COMMON_SHARES":1641221583,"HK_COMMON_SHARES":164122200,"PER_SHARES":200,"TOTAL_MARKET_CAP":43082066553.75,"HKSK_MARKET_CAP":4308207750,"PE_TTM":-6.054035567805,"PB_TTM":0.892957489304,"REPORT_DATE_SQ":"2022-03-31 00:00:00","REPORT_TYPE_SQ":"2022年一季报","OPERATE_INCOME_SQ":5257158413.95,"DPS_HKD":1.48238,"OPERATE_INCOME_QOQ_SQ":56.772674105864,"NET_PROFIT_RATIO_SQ":87.540623294,"HOLDER_PROFIT_SQ":3327975300.41,"HOLDER_PROFIT_QOQ_SQ":115.157795507764,"ROE_AVG_SQ":23.879976694176,"PE_TTM_SQ":3.435761402712,"PB_TTM_SQ":1.076354551465,"ROA_SQ":8.347069146323,"START_DATE":"2023-01-01 00:00:00","FISCAL_YEAR":"12-31","CURRENCY":"HKD","IS_CNY_CODE":0,"DPS_HKD_LY":3.2925713,"ORG_TYPE":"一般企业","PREMIUM_INCOME":null,"PREMIUM_INCOME_YOY":null,"NET_INTEREST_INCOME":null,"NET_INTEREST_INCOME_YOY":null,"FEE_COMMISSION_INCOME":null,"FEE_COMMISSION_INCOME_YOY":null,"ACCOUNTS_RECE_TDAYS":1.025152831412,"INVENTORY_TDAYS":0.440922297172,"CURRENT_ASSETS_TDAYS":0.424346480792,"TOTAL_ASSETS_TDAYS":0.15511440063,"PREMIUM_EXPENSE":null,"LOAN_DEPOSIT":null,"LOAN_EQUITY":null,"LOAN_ASSETS":null,"DEPOSIT_EQUITY":null,"DEPOSIT_ASSETS":null,"EQUITY_MULTIPLIER":1.346494553619,"EQUITY_RATIO":0.36454666576},{"SECUCODE":"09696.HK","SECURITY_CODE":"09696","SECURITY_NAME_ABBR":"天齐锂业","ORG_CODE":"10152212","STD_REPORT_DATE":"2022-12-31 00:00:00","REPORT_DATE":"2022-12-31 00:00:00","DATE_TYPE_CODE":"001","REPORT_TYPE":"2022年年报","PER_NETCASH_OPERATE":12.367362951015,"PER_OI":24.475015083932,"BPS":30.560025239444,"BASIC_EPS":15.41,"DILUTED_EPS":15.41,"OPERATE_INCOME":40168923000,"OPERATE_INCOME_YOY":428.6871189965,"GROSS_PROFIT":34154295000,"GROSS_PROFIT_YOY":628.565275932596,"HOLDER_PROFIT":23944590000,"HOLDER_PROFIT_YOY":556.1626774198,"GROSS_PROFIT_RATIO":85.026663522943,"EPS_TTM":14.589492514613,"OPERATE_INCOME_QOQ":41.58396043418,"NET_PROFIT_RATIO":76.9573508356,"ROE_AVG":74.232014498695,"GROSS_PROFIT_QOQ":44.078395222821,"ROA":40.461184289318,"HOLDER_PROFIT_QOQ":25.359198241398,"ROE_YEARLY":74.232014498695,"ROIC_YEARLY":50.803294571032,"TOTAL_ASSETS":72558017000,"TOTAL_LIABILITIES":17799775000,"TAX_EBT":22.185817854646,"OCF_SALES":50.530563142059,"TOTAL_PARENT_EQUITY":50155773000,"DEBT_ASSET_RATIO":24.5317826147,"OPERATE_PROFIT":34914263000,"PRETAX_PROFIT":39726613000,"NETCASH_OPERATE":20297583000,"NETCASH_INVEST":744009000,"NETCASH_FINANCE":-10570625000,"END_CASH":12289948000,"DIVI_RATIO":0.092077390783,"DIVIDEND_RATE":5.647161904762,"CURRENT_RATIO":3.436120494389,"COMMON_ACS":null,"CURRENTDEBT_DEBT":42.444957871659,"ISSUED_COMMON_SHARES":1641221583,"HK_COMMON_SHARES":164122200,"PER_SHARES":200,"TOTAL_MARKET_CAP":43082066553.75,"HKSK_MARKET_CAP":4308207750,"PE_TTM":-6.054035567805,"PB_TTM":0.892957489304,"REPORT_DATE_SQ":"2021-12-31 00:00:00","REPORT_TYPE_SQ":"2021年年报","OPERATE_INCOME_SQ":7597863000,"DPS_HKD":1.48238,"OPERATE_INCOME_QOQ_SQ":63.503061379958,"NET_PROFIT_RATIO_SQ":55.3555782725,"HOLDER_PROFIT_SQ":3649185000,"HOLDER_PROFIT_QOQ_SQ":158.042834777517,"ROE_AVG_SQ":37.315603133861,"PE_TTM_SQ":3.435761402712,"PB_TTM_SQ":1.076354551465,"ROA_SQ":8.285297862189,"START_DATE":"2022-01-01 00:00:00","FISCAL_YEAR":"12-31","CURRENCY":"HKD","IS_CNY_CODE":0,"DPS_HKD_LY":null,"ORG_TYPE":"一般企业","PREMIUM_INCOME":null,"PREMIUM_INCOME_YOY":null,"NET_INTEREST_INCOME":null,"NET_INTEREST_INCOME_YOY":null,"FEE_COMMISSION_INCOME":null,"FEE_COMMISSION_INCOME_YOY":null,"ACCOUNTS_RECE_TDAYS":5.624178061463,"INVENTORY_TDAYS":3.988878200377,"CURRENT_ASSETS_TDAYS":2.478586248568,"TOTAL_ASSETS_TDAYS":0.678768020754,"PREMIUM_EXPENSE":null,"LOAN_DEPOSIT":null,"LOAN_EQUITY":null,"LOAN_ASSETS":null,"DEPOSIT_EQUITY":null,"DEPOSIT_ASSETS":null,"EQUITY_MULTIPLIER":1.325061111348,"EQUITY_RATIO":0.354889854853},{"SECUCODE":"09696.HK","SECURITY_CODE":"09696","SECURITY_NAME_ABBR":"天齐锂业","ORG_CODE":"10152212","STD_REPORT_DATE":"2022-09-30 00:00:00","REPORT_DATE":"2022-09-30 00:00:00","DATE_TYPE_CODE":"004","REPORT_TYPE":"2022年三季报","PER_NETCASH_OPERATE":7.150382279874,"PER_OI":15.016834418543,"BPS":25.003725408533,"BASIC_EPS":10.48,"DILUTED_EPS":10.48,"OPERATE_INCOME":24645952756.05,"OPERATE_INCOME_YOY":536.3992695252,"GROSS_PROFIT":21080802444.49,"GROSS_PROFIT_YOY":921.687622396751,"HOLDER_PROFIT":15981408779.72,"HOLDER_PROFIT_YOY":2916.4442194354,"GROSS_PROFIT_RATIO":85.534540511181,"EPS_TTM":11.638150785329,"OPERATE_INCOME_QOQ":46.024116649816,"NET_PROFIT_RATIO":79.3427321292,"ROE_AVG":57.701157599117,"GROSS_PROFIT_QOQ":53.756721878459,"ROA":29.386787610038,"HOLDER_PROFIT_QOQ":36.848285938771,"ROE_YEARLY":76.934876798823,"ROIC_YEARLY":35.926578503279,"TOTAL_ASSETS":62965638055.71,"TOTAL_LIABILITIES":16075642483.9,"TAX_EBT":22.357715178635,"OCF_SALES":47.615776272026,"TOTAL_PARENT_EQUITY":41036653795.89,"DEBT_ASSET_RATIO":25.5308180466,"OPERATE_PROFIT":25670582588.84,"PRETAX_PROFIT":25185724918.98,"NETCASH_OPERATE":11735361724.43,"NETCASH_INVEST":65570041.75,"NETCASH_FINANCE":-7357305948.84,"END_CASH":6701010842.19,"DIVI_RATIO":0.115427478848,"DIVIDEND_RATE":5.647161904762,"CURRENT_RATIO":1.46525081812,"COMMON_ACS":null,"CURRENTDEBT_DEBT":84.577965270359,"ISSUED_COMMON_SHARES":1641221583,"HK_COMMON_SHARES":164122200,"PER_SHARES":200,"TOTAL_MARKET_CAP":43082066553.75,"HKSK_MARKET_CAP":4308207750,"PE_TTM":-6.054035567805,"PB_TTM":0.892957489304,"REPORT_DATE_SQ":"2021-09-30 00:00:00","REPORT_TYPE_SQ":"2021年三季报","OPERATE_INCOME_SQ":3872718580.34,"DPS_HKD":1.48238,"OPERATE_INCOME_QOQ_SQ":44.5284646733,"NET_PROFIT_RATIO_SQ":59.8076169632,"HOLDER_PROFIT_SQ":529809524.63,"HOLDER_PROFIT_QOQ_SQ":177.238655976231,"ROE_AVG_SQ":23.410068840209,"PE_TTM_SQ":3.435761402712,"PB_TTM_SQ":1.076354551465,"ROA_SQ":4.940849578864,"START_DATE":"2022-01-01 00:00:00","FISCAL_YEAR":"12-31","CURRENCY":"HKD","IS_CNY_CODE":0,"DPS_HKD_LY":null,"ORG_TYPE":"一般企业","PREMIUM_INCOME":null,"PREMIUM_INCOME_YOY":null,"NET_INTEREST_INCOME":null,"NET_INTEREST_INCOME_YOY":null,"FEE_COMMISSION_INCOME":null,"FEE_COMMISSION_INCOME_YOY":null,"ACCOUNTS_RECE_TDAYS":3.697505994248,"INVENTORY_TDAYS":2.372796287906,"CURRENT_ASSETS_TDAYS":1.868907011271,"TOTAL_ASSETS_TDAYS":0.453192449472,"PREMIUM_EXPENSE":null,"LOAN_DEPOSIT":null,"LOAN_EQUITY":null,"LOAN_ASSETS":null,"DEPOSIT_EQUITY":null,"DEPOSIT_ASSETS":null,"EQUITY_MULTIPLIER":1.342837364087,"EQUITY_RATIO":0.391738628687}],"count":23},"success":true,"message":"ok","code":0}