{"version":"c9870c95779c4f17044a4f74b05fe05d","result":{"pages":2,"data":[{"SECUCODE":"09699.HK","SECURITY_CODE":"09699","SECURITY_NAME_ABBR":"顺丰同城","ORG_CODE":"10000057468","STD_REPORT_DATE":"2024-06-30 00:00:00","REPORT_DATE":"2024-06-30 00:00:00","DATE_TYPE_CODE":"002","REPORT_TYPE":"2024年中报","PER_NETCASH_OPERATE":0.106463738772,"PER_OI":7.382728780877,"BPS":3.178633894635,"BASIC_EPS":0.07,"DILUTED_EPS":0.07,"OPERATE_INCOME":6878470000,"OPERATE_INCOME_YOY":19.6423983827,"GROSS_PROFIT":473283000,"GROSS_PROFIT_YOY":23.434325520501,"HOLDER_PROFIT":62174000,"HOLDER_PROFIT_YOY":105.0999538167,"GROSS_PROFIT_RATIO":6.8806435152,"EPS_TTM":0.088499753815,"OPERATE_INCOME_QOQ":9.11634032473,"NET_PROFIT_RATIO":0.9038928715,"ROE_AVG":2.112184536726,"GROSS_PROFIT_QOQ":11.30608752548,"ROA":1.469683725121,"HOLDER_PROFIT_QOQ":62.970649273644,"ROE_YEARLY":4.224369073452,"ROIC_YEARLY":4.870753543349,"TOTAL_ASSETS":4261177000,"TOTAL_LIABILITIES":1355096000,"TAX_EBT":22.83423521819,"OCF_SALES":1.4420648778,"TOTAL_PARENT_EQUITY":2906081000,"DEBT_ASSET_RATIO":31.8009789314,"OPERATE_PROFIT":62632000,"PRETAX_PROFIT":80572000,"NETCASH_OPERATE":99192000,"NETCASH_INVEST":-411040000,"NETCASH_FINANCE":-134907000,"END_CASH":1452713000,"DIVI_RATIO":null,"DIVIDEND_RATE":null,"CURRENT_RATIO":2.880049773356,"COMMON_ACS":null,"CURRENTDEBT_DEBT":99.454872569914,"ISSUED_COMMON_SHARES":914254707,"HK_COMMON_SHARES":742489809,"PER_SHARES":200,"TOTAL_MARKET_CAP":8475141133.89,"HKSK_MARKET_CAP":6882880529.43,"PE_TTM":93.05771700422,"PB_TTM":2.661691745715,"REPORT_DATE_SQ":"2023-06-30 00:00:00","REPORT_TYPE_SQ":"2023年中报","OPERATE_INCOME_SQ":5749191000,"DPS_HKD":null,"OPERATE_INCOME_QOQ_SQ":12.520254128735,"NET_PROFIT_RATIO_SQ":0.5272741852,"HOLDER_PROFIT_SQ":30314000,"HOLDER_PROFIT_QOQ_SQ":60.736207010732,"ROE_AVG_SQ":0.998649809908,"PE_TTM_SQ":-72.971277680867,"PB_TTM_SQ":2.642923193705,"ROA_SQ":0.744476686109,"START_DATE":"2024-01-01 00:00:00","FISCAL_YEAR":"12-31","CURRENCY":"HKD","IS_CNY_CODE":0,"DPS_HKD_LY":null,"ORG_TYPE":"一般企业","PREMIUM_INCOME":null,"PREMIUM_INCOME_YOY":null,"NET_INTEREST_INCOME":null,"NET_INTEREST_INCOME_YOY":null,"FEE_COMMISSION_INCOME":null,"FEE_COMMISSION_INCOME_YOY":null,"ACCOUNTS_RECE_TDAYS":5.348611889779,"INVENTORY_TDAYS":959.003892798323,"CURRENT_ASSETS_TDAYS":1.795448725796,"TOTAL_ASSETS_TDAYS":1.625949016106,"PREMIUM_EXPENSE":null,"LOAN_DEPOSIT":null,"LOAN_EQUITY":null,"LOAN_ASSETS":null,"DEPOSIT_EQUITY":null,"DEPOSIT_ASSETS":null,"EQUITY_MULTIPLIER":1.466296706802,"EQUITY_RATIO":0.466296706802},{"SECUCODE":"09699.HK","SECURITY_CODE":"09699","SECURITY_NAME_ABBR":"顺丰同城","ORG_CODE":"10000057468","STD_REPORT_DATE":"2023-12-31 00:00:00","REPORT_DATE":"2023-12-31 00:00:00","DATE_TYPE_CODE":"001","REPORT_TYPE":"2023年年报","PER_NETCASH_OPERATE":0.285273770845,"PER_OI":13.270463039843,"BPS":3.260682145988,"BASIC_EPS":0.05,"DILUTED_EPS":0.05,"OPERATE_INCOME":12387416000,"OPERATE_INCOME_YOY":21.10347004,"GROSS_PROFIT":794740000,"GROSS_PROFIT_YOY":93.495923082729,"HOLDER_PROFIT":50595000,"HOLDER_PROFIT_YOY":117.6348800814,"GROSS_PROFIT_RATIO":6.415704453616,"EPS_TTM":0.054201705788,"OPERATE_INCOME_QOQ":7.246464392331,"NET_PROFIT_RATIO":0.4084386929,"ROE_AVG":1.687166149435,"GROSS_PROFIT_QOQ":28.979801160062,"ROA":1.218809486069,"HOLDER_PROFIT_QOQ":144.913847437616,"ROE_YEARLY":1.687166149435,"ROIC_YEARLY":2.048094911459,"TOTAL_ASSETS":4199691000,"TOTAL_LIABILITIES":1218597000,"TAX_EBT":-3.62363993673,"OCF_SALES":2.14968965279,"TOTAL_PARENT_EQUITY":2981094000,"DEBT_ASSET_RATIO":29.01634906,"OPERATE_PROFIT":19151000,"PRETAX_PROFIT":62589000,"NETCASH_OPERATE":266291000,"NETCASH_INVEST":294630000,"NETCASH_FINANCE":-120054000,"END_CASH":1898743000,"DIVI_RATIO":null,"DIVIDEND_RATE":null,"CURRENT_RATIO":3.131973450726,"COMMON_ACS":null,"CURRENTDEBT_DEBT":99.05768683166,"ISSUED_COMMON_SHARES":914254707,"HK_COMMON_SHARES":742489809,"PER_SHARES":200,"TOTAL_MARKET_CAP":8703704810.64,"HKSK_MARKET_CAP":7068502981.68,"PE_TTM":95.567364172618,"PB_TTM":2.733474155254,"REPORT_DATE_SQ":"2022-12-31 00:00:00","REPORT_TYPE_SQ":"2022年年报","OPERATE_INCOME_SQ":10228787000,"DPS_HKD":null,"OPERATE_INCOME_QOQ_SQ":14.745731432021,"NET_PROFIT_RATIO_SQ":-2.7949114634,"HOLDER_PROFIT_SQ":-286903000,"HOLDER_PROFIT_QOQ_SQ":54.90385930277,"ROE_AVG_SQ":-9.070626211275,"PE_TTM_SQ":-73.904812150132,"PB_TTM_SQ":2.676734577846,"ROA_SQ":-6.90368675637,"START_DATE":"2023-01-01 00:00:00","FISCAL_YEAR":"12-31","CURRENCY":"HKD","IS_CNY_CODE":0,"DPS_HKD_LY":null,"ORG_TYPE":"一般企业","PREMIUM_INCOME":null,"PREMIUM_INCOME_YOY":null,"NET_INTEREST_INCOME":null,"NET_INTEREST_INCOME_YOY":null,"FEE_COMMISSION_INCOME":null,"FEE_COMMISSION_INCOME_YOY":null,"ACCOUNTS_RECE_TDAYS":10.829400919161,"INVENTORY_TDAYS":1033.67596968346,"CURRENT_ASSETS_TDAYS":3.438034199895,"TOTAL_ASSETS_TDAYS":2.984069597527,"PREMIUM_EXPENSE":null,"LOAN_DEPOSIT":null,"LOAN_EQUITY":null,"LOAN_ASSETS":null,"DEPOSIT_EQUITY":null,"DEPOSIT_ASSETS":null,"EQUITY_MULTIPLIER":1.408775100685,"EQUITY_RATIO":0.408775100685},{"SECUCODE":"09699.HK","SECURITY_CODE":"09699","SECURITY_NAME_ABBR":"顺丰同城","ORG_CODE":"10000057468","STD_REPORT_DATE":"2023-06-30 00:00:00","REPORT_DATE":"2023-06-30 00:00:00","DATE_TYPE_CODE":"002","REPORT_TYPE":"2023年中报","PER_NETCASH_OPERATE":0.036772956871,"PER_OI":6.159026763491,"BPS":3.340928929995,"BASIC_EPS":0.05,"DILUTED_EPS":0.05,"OPERATE_INCOME":5749191000,"OPERATE_INCOME_YOY":28.7911884574,"GROSS_PROFIT":383429000,"GROSS_PROFIT_YOY":112.294310455562,"HOLDER_PROFIT":30314000,"HOLDER_PROFIT_YOY":121.0601639572,"GROSS_PROFIT_RATIO":6.669268771902,"EPS_TTM":-0.120679275724,"OPERATE_INCOME_QOQ":12.520254128735,"NET_PROFIT_RATIO":0.5272741852,"ROE_AVG":0.998649809908,"GROSS_PROFIT_QOQ":49.065819618393,"ROA":0.744476686109,"HOLDER_PROFIT_QOQ":60.736207010732,"ROE_YEARLY":1.997299619815,"ROIC_YEARLY":2.339668294867,"TOTAL_ASSETS":4041034000,"TOTAL_LIABILITIES":986574000,"TAX_EBT":2.258474762093,"OCF_SALES":0.597057916496,"TOTAL_PARENT_EQUITY":3054460000,"DEBT_ASSET_RATIO":24.4139000068,"OPERATE_PROFIT":28558000,"PRETAX_PROFIT":45606000,"NETCASH_OPERATE":34326000,"NETCASH_INVEST":23645000,"NETCASH_FINANCE":-15313000,"END_CASH":1501068000,"DIVI_RATIO":null,"DIVIDEND_RATE":null,"CURRENT_RATIO":3.729036385183,"COMMON_ACS":null,"CURRENTDEBT_DEBT":98.872664392129,"ISSUED_COMMON_SHARES":914254707,"HK_COMMON_SHARES":742489809,"PER_SHARES":200,"TOTAL_MARKET_CAP":8703704810.64,"HKSK_MARKET_CAP":7068502981.68,"PE_TTM":95.567364172618,"PB_TTM":2.733474155254,"REPORT_DATE_SQ":"2022-06-30 00:00:00","REPORT_TYPE_SQ":"2022年中报","OPERATE_INCOME_SQ":4463963000,"DPS_HKD":null,"OPERATE_INCOME_QOQ_SQ":9.445613401496,"NET_PROFIT_RATIO_SQ":-3.2121641806,"HOLDER_PROFIT_SQ":-143940000,"HOLDER_PROFIT_QOQ_SQ":29.220415842003,"ROE_AVG_SQ":-4.446060245136,"PE_TTM_SQ":-73.904812150132,"PB_TTM_SQ":2.676734577846,"ROA_SQ":-3.50247014907,"START_DATE":"2023-01-01 00:00:00","FISCAL_YEAR":"12-31","CURRENCY":"HKD","IS_CNY_CODE":0,"DPS_HKD_LY":null,"ORG_TYPE":"一般企业","PREMIUM_INCOME":null,"PREMIUM_INCOME_YOY":null,"NET_INTEREST_INCOME":null,"NET_INTEREST_INCOME_YOY":null,"FEE_COMMISSION_INCOME":null,"FEE_COMMISSION_INCOME_YOY":null,"ACCOUNTS_RECE_TDAYS":5.192462914953,"INVENTORY_TDAYS":393.11051686875,"CURRENT_ASSETS_TDAYS":1.627985526163,"TOTAL_ASSETS_TDAYS":1.411934638611,"PREMIUM_EXPENSE":null,"LOAN_DEPOSIT":null,"LOAN_EQUITY":null,"LOAN_ASSETS":null,"DEPOSIT_EQUITY":null,"DEPOSIT_ASSETS":null,"EQUITY_MULTIPLIER":1.322994571872,"EQUITY_RATIO":0.322994571872},{"SECUCODE":"09699.HK","SECURITY_CODE":"09699","SECURITY_NAME_ABBR":"顺丰同城","ORG_CODE":"10000057468","STD_REPORT_DATE":"2022-12-31 00:00:00","REPORT_DATE":"2022-12-31 00:00:00","DATE_TYPE_CODE":"001","REPORT_TYPE":"2022年年报","PER_NETCASH_OPERATE":-0.444253657011,"PER_OI":10.957954413247,"BPS":3.299449241993,"BASIC_EPS":-0.31,"DILUTED_EPS":-0.31,"OPERATE_INCOME":10228787000,"OPERATE_INCOME_YOY":25.5841696178,"GROSS_PROFIT":410727000,"GROSS_PROFIT_YOY":333.215201088504,"HOLDER_PROFIT":-286903000,"HOLDER_PROFIT_YOY":68.0811391432,"GROSS_PROFIT_RATIO":4.026783330188,"EPS_TTM":-0.307355114054,"OPERATE_INCOME_QOQ":14.745731432021,"NET_PROFIT_RATIO":-2.7949114634,"ROE_AVG":-9.070626211275,"GROSS_PROFIT_QOQ":41.736816659066,"ROA":-6.90368675637,"HOLDER_PROFIT_QOQ":54.90385930277,"ROE_YEARLY":-9.070626211275,"ROIC_YEARLY":-13.303061341356,"TOTAL_ASSETS":4102673000,"TOTAL_LIABILITIES":1086136000,"TAX_EBT":0.811396277761,"OCF_SALES":-4.039788446216,"TOTAL_PARENT_EQUITY":3016537000,"DEBT_ASSET_RATIO":26.4738622844,"OPERATE_PROFIT":-281984000,"PRETAX_PROFIT":-239587000,"NETCASH_OPERATE":-414692000,"NETCASH_INVEST":-644191000,"NETCASH_FINANCE":-21899000,"END_CASH":1458024000,"DIVI_RATIO":null,"DIVIDEND_RATE":null,"CURRENT_RATIO":3.204879189764,"COMMON_ACS":null,"CURRENTDEBT_DEBT":98.406184860828,"ISSUED_COMMON_SHARES":914254707,"HK_COMMON_SHARES":742489809,"PER_SHARES":200,"TOTAL_MARKET_CAP":8703704810.64,"HKSK_MARKET_CAP":7068502981.68,"PE_TTM":95.567364172618,"PB_TTM":2.733474155254,"REPORT_DATE_SQ":"2021-12-31 00:00:00","REPORT_TYPE_SQ":"2021年年报","OPERATE_INCOME_SQ":8173953000,"DPS_HKD":null,"OPERATE_INCOME_QOQ_SQ":68.765957394093,"NET_PROFIT_RATIO_SQ":-10.9965276287,"HOLDER_PROFIT_SQ":-898851000,"HOLDER_PROFIT_QOQ_SQ":-18.632477955646,"ROE_AVG_SQ":-48.918299156958,"PE_TTM_SQ":-73.904812150132,"PB_TTM_SQ":2.676734577846,"ROA_SQ":-31.973726686036,"START_DATE":"2022-01-01 00:00:00","FISCAL_YEAR":"12-31","CURRENCY":"HKD","IS_CNY_CODE":0,"DPS_HKD_LY":null,"ORG_TYPE":"一般企业","PREMIUM_INCOME":null,"PREMIUM_INCOME_YOY":null,"NET_INTEREST_INCOME":null,"NET_INTEREST_INCOME_YOY":null,"FEE_COMMISSION_INCOME":null,"FEE_COMMISSION_INCOME_YOY":null,"ACCOUNTS_RECE_TDAYS":11.017425321972,"INVENTORY_TDAYS":996.241682677723,"CURRENT_ASSETS_TDAYS":2.828337958744,"TOTAL_ASSETS_TDAYS":2.470091395291,"PREMIUM_EXPENSE":null,"LOAN_DEPOSIT":null,"LOAN_EQUITY":null,"LOAN_ASSETS":null,"DEPOSIT_EQUITY":null,"DEPOSIT_ASSETS":null,"EQUITY_MULTIPLIER":1.360060559509,"EQUITY_RATIO":0.360060559509},{"SECUCODE":"09699.HK","SECURITY_CODE":"09699","SECURITY_NAME_ABBR":"顺丰同城","ORG_CODE":"10000057468","STD_REPORT_DATE":"2022-06-30 00:00:00","REPORT_DATE":"2022-06-30 00:00:00","DATE_TYPE_CODE":"002","REPORT_TYPE":"2022年中报","PER_NETCASH_OPERATE":-0.269201269769,"PER_OI":4.782180238617,"BPS":3.462386330377,"BASIC_EPS":-0.15,"DILUTED_EPS":-0.15,"OPERATE_INCOME":4463963000,"OPERATE_INCOME_YOY":20.8163308224,"GROSS_PROFIT":180612000,"GROSS_PROFIT_YOY":1186.58404524125,"HOLDER_PROFIT":-143940000,"HOLDER_PROFIT_YOY":64.5980697905,"GROSS_PROFIT_RATIO":4.021476020014,"EPS_TTM":-0.68155524908,"OPERATE_INCOME_QOQ":9.445613401496,"NET_PROFIT_RATIO":-3.2121641806,"ROE_AVG":-4.446060245136,"GROSS_PROFIT_QOQ":207.604763260872,"ROA":-3.50247014907,"HOLDER_PROFIT_QOQ":29.220415842003,"ROE_YEARLY":-8.892120490271,"ROIC_YEARLY":-14.615434798778,"TOTAL_ASSETS":4010427000,"TOTAL_LIABILITIES":844924000,"TAX_EBT":null,"OCF_SALES":-5.607741507593,"TOTAL_PARENT_EQUITY":3165503000,"DEBT_ASSET_RATIO":21.0681805204,"OPERATE_PROFIT":-135979000,"PRETAX_PROFIT":-114233000,"NETCASH_OPERATE":-251288000,"NETCASH_INVEST":-535511000,"NETCASH_FINANCE":-10029000,"END_CASH":1741719000,"DIVI_RATIO":null,"DIVIDEND_RATE":null,"CURRENT_RATIO":4.051845594048,"COMMON_ACS":null,"CURRENTDEBT_DEBT":98.067400144865,"ISSUED_COMMON_SHARES":914254707,"HK_COMMON_SHARES":742489809,"PER_SHARES":200,"TOTAL_MARKET_CAP":8703704810.64,"HKSK_MARKET_CAP":7068502981.68,"PE_TTM":95.567364172618,"PB_TTM":2.733474155254,"REPORT_DATE_SQ":"2021-06-30 00:00:00","REPORT_TYPE_SQ":"2021年中报","OPERATE_INCOME_SQ":3709011000,"DPS_HKD":null,"OPERATE_INCOME_QOQ_SQ":0,"NET_PROFIT_RATIO_SQ":-10.9621675428,"HOLDER_PROFIT_SQ":-406588000,"HOLDER_PROFIT_QOQ_SQ":0,"ROE_AVG_SQ":null,"PE_TTM_SQ":-73.904812150132,"PB_TTM_SQ":2.676734577846,"ROA_SQ":null,"START_DATE":"2022-01-01 00:00:00","FISCAL_YEAR":"12-31","CURRENCY":"HKD","IS_CNY_CODE":0,"DPS_HKD_LY":null,"ORG_TYPE":"一般企业","PREMIUM_INCOME":null,"PREMIUM_INCOME_YOY":null,"NET_INTEREST_INCOME":null,"NET_INTEREST_INCOME_YOY":null,"FEE_COMMISSION_INCOME":null,"FEE_COMMISSION_INCOME_YOY":null,"ACCOUNTS_RECE_TDAYS":5.417677382162,"INVENTORY_TDAYS":580.220573355818,"CURRENT_ASSETS_TDAYS":1.246357551609,"TOTAL_ASSETS_TDAYS":1.090377064247,"PREMIUM_EXPENSE":null,"LOAN_DEPOSIT":null,"LOAN_EQUITY":null,"LOAN_ASSETS":null,"DEPOSIT_EQUITY":null,"DEPOSIT_ASSETS":null,"EQUITY_MULTIPLIER":1.266916189938,"EQUITY_RATIO":0.266916189939},{"SECUCODE":"09699.HK","SECURITY_CODE":"09699","SECURITY_NAME_ABBR":"顺丰同城","ORG_CODE":"10000057468","STD_REPORT_DATE":"2021-12-31 00:00:00","REPORT_DATE":"2021-12-31 00:00:00","DATE_TYPE_CODE":"001","REPORT_TYPE":"2021年年报","PER_NETCASH_OPERATE":-0.57006867693,"PER_OI":8.756639897773,"BPS":3.619826044822,"BASIC_EPS":-1.28,"DILUTED_EPS":-1.28,"OPERATE_INCOME":8173953000,"OPERATE_INCOME_YOY":68.7659573941,"GROSS_PROFIT":94809000,"GROSS_PROFIT_YOY":150.294950823846,"HOLDER_PROFIT":-898851000,"HOLDER_PROFIT_YOY":-18.6324779556,"GROSS_PROFIT_RATIO":1.15989167053,"EPS_TTM":-0.962926325702,"OPERATE_INCOME_QOQ":68.765957394093,"NET_PROFIT_RATIO":-10.9965276287,"ROE_AVG":-48.918299156958,"GROSS_PROFIT_QOQ":150.294950823846,"ROA":-31.973726686036,"HOLDER_PROFIT_QOQ":-18.632477955646,"ROE_YEARLY":-48.918299156958,"ROIC_YEARLY":-63.73155139022,"TOTAL_ASSETS":4208915000,"TOTAL_LIABILITIES":899472000,"TAX_EBT":0.413810983109,"OCF_SALES":-6.510130410586,"TOTAL_PARENT_EQUITY":3309443000,"DEBT_ASSET_RATIO":21.3706382761,"OPERATE_PROFIT":-913011000,"PRETAX_PROFIT":-902586000,"NETCASH_OPERATE":-532135000,"NETCASH_INVEST":-415078000,"NETCASH_FINANCE":3219632000,"END_CASH":2538226000,"DIVI_RATIO":null,"DIVIDEND_RATE":null,"CURRENT_RATIO":4.361210375361,"COMMON_ACS":null,"CURRENTDEBT_DEBT":97.720329259832,"ISSUED_COMMON_SHARES":914254707,"HK_COMMON_SHARES":742489809,"PER_SHARES":200,"TOTAL_MARKET_CAP":8703704810.64,"HKSK_MARKET_CAP":7068502981.68,"PE_TTM":95.567364172618,"PB_TTM":2.733474155254,"REPORT_DATE_SQ":"2020-12-31 00:00:00","REPORT_TYPE_SQ":"2020年年报","OPERATE_INCOME_SQ":4843366000,"DPS_HKD":null,"OPERATE_INCOME_QOQ_SQ":129.868714683434,"NET_PROFIT_RATIO_SQ":-15.6436040555,"HOLDER_PROFIT_SQ":-757677000,"HOLDER_PROFIT_QOQ_SQ":-61.27821709469,"ROE_AVG_SQ":-608.38776763812,"PE_TTM_SQ":-73.904812150132,"PB_TTM_SQ":2.676734577846,"ROA_SQ":-64.417936055372,"START_DATE":"2021-01-01 00:00:00","FISCAL_YEAR":"12-31","CURRENCY":"HKD","IS_CNY_CODE":0,"DPS_HKD_LY":null,"ORG_TYPE":"一般企业","PREMIUM_INCOME":null,"PREMIUM_INCOME_YOY":null,"NET_INTEREST_INCOME":null,"NET_INTEREST_INCOME_YOY":null,"FEE_COMMISSION_INCOME":null,"FEE_COMMISSION_INCOME_YOY":null,"ACCOUNTS_RECE_TDAYS":11.331764474284,"INVENTORY_TDAYS":1466.13628527357,"CURRENT_ASSETS_TDAYS":3.322481079248,"TOTAL_ASSETS_TDAYS":2.907620274845,"PREMIUM_EXPENSE":null,"LOAN_DEPOSIT":null,"LOAN_EQUITY":null,"LOAN_ASSETS":null,"DEPOSIT_EQUITY":null,"DEPOSIT_ASSETS":null,"EQUITY_MULTIPLIER":1.271789542832,"EQUITY_RATIO":0.271789542832},{"SECUCODE":"09699.HK","SECURITY_CODE":"09699","SECURITY_NAME_ABBR":"顺丰同城","ORG_CODE":"10000057468","STD_REPORT_DATE":"2021-06-30 00:00:00","REPORT_DATE":"2021-06-30 00:00:00","DATE_TYPE_CODE":"002","REPORT_TYPE":"2021年中报","PER_NETCASH_OPERATE":null,"PER_OI":null,"BPS":null,"BASIC_EPS":-0.61,"DILUTED_EPS":-0.61,"OPERATE_INCOME":3709011000,"OPERATE_INCOME_YOY":null,"GROSS_PROFIT":-16622000,"GROSS_PROFIT_YOY":null,"HOLDER_PROFIT":-406588000,"HOLDER_PROFIT_YOY":null,"GROSS_PROFIT_RATIO":-0.448151811898,"EPS_TTM":-0.51069547552,"OPERATE_INCOME_QOQ":0,"NET_PROFIT_RATIO":-10.9621675428,"ROE_AVG":null,"GROSS_PROFIT_QOQ":0,"ROA":null,"HOLDER_PROFIT_QOQ":0,"ROE_YEARLY":null,"ROIC_YEARLY":null,"TOTAL_ASSETS":null,"TOTAL_LIABILITIES":null,"TAX_EBT":null,"OCF_SALES":-11.87451317885,"TOTAL_PARENT_EQUITY":null,"DEBT_ASSET_RATIO":null,"OPERATE_PROFIT":-408003000,"PRETAX_PROFIT":-406588000,"NETCASH_OPERATE":-440427000,"NETCASH_INVEST":-432838000,"NETCASH_FINANCE":1531351000,"END_CASH":921554000,"DIVI_RATIO":null,"DIVIDEND_RATE":null,"CURRENT_RATIO":null,"COMMON_ACS":null,"CURRENTDEBT_DEBT":null,"ISSUED_COMMON_SHARES":914254707,"HK_COMMON_SHARES":742489809,"PER_SHARES":200,"TOTAL_MARKET_CAP":8703704810.64,"HKSK_MARKET_CAP":7068502981.68,"PE_TTM":95.567364172618,"PB_TTM":2.733474155254,"REPORT_DATE_SQ":"2020-06-30 00:00:00","REPORT_TYPE_SQ":"2020年中报","OPERATE_INCOME_SQ":null,"DPS_HKD":null,"OPERATE_INCOME_QOQ_SQ":0,"NET_PROFIT_RATIO_SQ":null,"HOLDER_PROFIT_SQ":null,"HOLDER_PROFIT_QOQ_SQ":0,"ROE_AVG_SQ":null,"PE_TTM_SQ":-73.904812150132,"PB_TTM_SQ":2.676734577846,"ROA_SQ":null,"START_DATE":"2021-01-01 00:00:00","FISCAL_YEAR":"12-31","CURRENCY":"HKD","IS_CNY_CODE":0,"DPS_HKD_LY":null,"ORG_TYPE":"一般企业","PREMIUM_INCOME":null,"PREMIUM_INCOME_YOY":null,"NET_INTEREST_INCOME":null,"NET_INTEREST_INCOME_YOY":null,"FEE_COMMISSION_INCOME":null,"FEE_COMMISSION_INCOME_YOY":null,"ACCOUNTS_RECE_TDAYS":null,"INVENTORY_TDAYS":null,"CURRENT_ASSETS_TDAYS":6.824112651801,"TOTAL_ASSETS_TDAYS":5.247907351859,"PREMIUM_EXPENSE":null,"LOAN_DEPOSIT":null,"LOAN_EQUITY":null,"LOAN_ASSETS":null,"DEPOSIT_EQUITY":null,"DEPOSIT_ASSETS":null,"EQUITY_MULTIPLIER":null,"EQUITY_RATIO":null},{"SECUCODE":"09699.HK","SECURITY_CODE":"09699","SECURITY_NAME_ABBR":"顺丰同城","ORG_CODE":"10000057468","STD_REPORT_DATE":"2020-12-31 00:00:00","REPORT_DATE":"2020-12-31 00:00:00","DATE_TYPE_CODE":"001","REPORT_TYPE":"2020年年报","PER_NETCASH_OPERATE":-0.3797844189,"PER_OI":3.264564058942,"BPS":0.399739806863,"BASIC_EPS":-1.6,"DILUTED_EPS":-1.6,"OPERATE_INCOME":4843366000,"OPERATE_INCOME_YOY":129.8687146834,"GROSS_PROFIT":-188506000,"GROSS_PROFIT_YOY":43.931232432593,"HOLDER_PROFIT":-757677000,"HOLDER_PROFIT_YOY":-61.2782170947,"GROSS_PROFIT_RATIO":-3.892045325503,"EPS_TTM":-0.51069547552,"OPERATE_INCOME_QOQ":129.868714683434,"NET_PROFIT_RATIO":-15.6436040555,"ROE_AVG":-608.38776763812,"GROSS_PROFIT_QOQ":43.931232432593,"ROA":-64.417936055372,"HOLDER_PROFIT_QOQ":-61.27821709469,"ROE_YEARLY":-608.38776763812,"ROIC_YEARLY":-75.105829874233,"TOTAL_ASSETS":1413520000,"TOTAL_LIABILITIES":1048056000,"TAX_EBT":3.380940843418,"OCF_SALES":-11.633541631997,"TOTAL_PARENT_EQUITY":365464000,"DEBT_ASSET_RATIO":74.1451129096,"OPERATE_PROFIT":-769241000,"PRETAX_PROFIT":-784190000,"NETCASH_OPERATE":-563455000,"NETCASH_INVEST":-28417000,"NETCASH_FINANCE":784054000,"END_CASH":263468000,"DIVI_RATIO":null,"DIVIDEND_RATE":null,"CURRENT_RATIO":1.063275303176,"COMMON_ACS":null,"CURRENTDEBT_DEBT":97.54650514858,"ISSUED_COMMON_SHARES":914254707,"HK_COMMON_SHARES":742489809,"PER_SHARES":200,"TOTAL_MARKET_CAP":8703704810.64,"HKSK_MARKET_CAP":7068502981.68,"PE_TTM":95.567364172618,"PB_TTM":2.733474155254,"REPORT_DATE_SQ":"2019-12-31 00:00:00","REPORT_TYPE_SQ":"2019年年报","OPERATE_INCOME_SQ":2107014000,"DPS_HKD":null,"OPERATE_INCOME_QOQ_SQ":112.12817409899,"NET_PROFIT_RATIO_SQ":-22.2967194333,"HOLDER_PROFIT_SQ":-469795000,"HOLDER_PROFIT_QOQ_SQ":-43.057031580678,"ROE_AVG_SQ":144.912806165492,"PE_TTM_SQ":-73.904812150132,"PB_TTM_SQ":2.676734577846,"ROA_SQ":-80.914944536159,"START_DATE":"2020-01-01 00:00:00","FISCAL_YEAR":"12-31","CURRENCY":"HKD","IS_CNY_CODE":0,"DPS_HKD_LY":null,"ORG_TYPE":"一般企业","PREMIUM_INCOME":null,"PREMIUM_INCOME_YOY":null,"NET_INTEREST_INCOME":null,"NET_INTEREST_INCOME_YOY":null,"FEE_COMMISSION_INCOME":null,"FEE_COMMISSION_INCOME_YOY":null,"ACCOUNTS_RECE_TDAYS":8.930637442229,"INVENTORY_TDAYS":737.919343012172,"CURRENT_ASSETS_TDAYS":5.445021857699,"TOTAL_ASSETS_TDAYS":4.117844956106,"PREMIUM_EXPENSE":null,"LOAN_DEPOSIT":null,"LOAN_EQUITY":null,"LOAN_ASSETS":null,"DEPOSIT_EQUITY":null,"DEPOSIT_ASSETS":null,"EQUITY_MULTIPLIER":3.867740735063,"EQUITY_RATIO":2.867740735066},{"SECUCODE":"09699.HK","SECURITY_CODE":"09699","SECURITY_NAME_ABBR":"顺丰同城","ORG_CODE":"10000057468","STD_REPORT_DATE":"2019-12-31 00:00:00","REPORT_DATE":"2019-12-31 00:00:00","DATE_TYPE_CODE":"001","REPORT_TYPE":"2019年年报","PER_NETCASH_OPERATE":-1.653018023467,"PER_OI":5.309801016088,"BPS":-0.127302598618,"BASIC_EPS":-1.75,"DILUTED_EPS":-1.75,"OPERATE_INCOME":2107014000,"OPERATE_INCOME_YOY":112.128174099,"GROSS_PROFIT":-336205000,"GROSS_PROFIT_YOY":-45.309285479661,"HOLDER_PROFIT":-469795000,"HOLDER_PROFIT_YOY":-43.0570315807,"GROSS_PROFIT_RATIO":-15.956467303967,"EPS_TTM":-1.183911435023,"OPERATE_INCOME_QOQ":112.12817409899,"NET_PROFIT_RATIO":-22.2967194333,"ROE_AVG":144.912806165492,"GROSS_PROFIT_QOQ":-45.30928547966,"ROA":-80.914944536159,"HOLDER_PROFIT_QOQ":-43.057031580678,"ROE_YEARLY":144.912806165492,"ROIC_YEARLY":-86.207165473461,"TOTAL_ASSETS":938859000,"TOTAL_LIABILITIES":1055246000,"TAX_EBT":19.410893883019,"OCF_SALES":-31.131449529998,"TOTAL_PARENT_EQUITY":-116387000,"DEBT_ASSET_RATIO":112.3966431594,"OPERATE_PROFIT":-573420000,"PRETAX_PROFIT":-582951000,"NETCASH_OPERATE":-655944000,"NETCASH_INVEST":-115958000,"NETCASH_FINANCE":843188000,"END_CASH":71286000,"DIVI_RATIO":null,"DIVIDEND_RATE":null,"CURRENT_RATIO":0.667428641977,"COMMON_ACS":null,"CURRENTDEBT_DEBT":98.249981520897,"ISSUED_COMMON_SHARES":914254707,"HK_COMMON_SHARES":742489809,"PER_SHARES":200,"TOTAL_MARKET_CAP":8703704810.64,"HKSK_MARKET_CAP":7068502981.68,"PE_TTM":95.567364172618,"PB_TTM":2.733474155254,"REPORT_DATE_SQ":"2018-12-31 00:00:00","REPORT_TYPE_SQ":"2018年年报","OPERATE_INCOME_SQ":993274000,"DPS_HKD":null,"OPERATE_INCOME_QOQ_SQ":null,"NET_PROFIT_RATIO_SQ":-33.0620755199,"HOLDER_PROFIT_SQ":-328397000,"HOLDER_PROFIT_QOQ_SQ":null,"ROE_AVG_SQ":61.729223527996,"PE_TTM_SQ":-73.904812150132,"PB_TTM_SQ":2.676734577846,"ROA_SQ":-147.695054599097,"START_DATE":"2019-01-01 00:00:00","FISCAL_YEAR":"12-31","CURRENCY":"HKD","IS_CNY_CODE":0,"DPS_HKD_LY":null,"ORG_TYPE":"一般企业","PREMIUM_INCOME":null,"PREMIUM_INCOME_YOY":null,"NET_INTEREST_INCOME":null,"NET_INTEREST_INCOME_YOY":null,"FEE_COMMISSION_INCOME":null,"FEE_COMMISSION_INCOME_YOY":null,"ACCOUNTS_RECE_TDAYS":7.423677038723,"INVENTORY_TDAYS":null,"CURRENT_ASSETS_TDAYS":4.938373863121,"TOTAL_ASSETS_TDAYS":3.629006714565,"PREMIUM_EXPENSE":null,"LOAN_DEPOSIT":null,"LOAN_EQUITY":null,"LOAN_ASSETS":null,"DEPOSIT_EQUITY":null,"DEPOSIT_ASSETS":null,"EQUITY_MULTIPLIER":-8.066699889169,"EQUITY_RATIO":-9.066699889163}],"count":10},"success":true,"message":"ok","code":0}