{"version":"43a9a4db7e0f648e73f15dd2a3d4508a","result":{"pages":3,"data":[{"SECUCODE":"09698.HK","SECURITY_CODE":"09698","SECURITY_NAME_ABBR":"万国数据-SW","ORG_CODE":"10583180","STD_REPORT_DATE":"2024-09-30 00:00:00","REPORT_DATE":"2024-09-30 00:00:00","DATE_TYPE_CODE":"004","REPORT_TYPE":"2024年三季报","PER_NETCASH_OPERATE":0.636813166424,"PER_OI":5.523003667401,"BPS":12.213544386616,"BASIC_EPS":-0.55,"DILUTED_EPS":-0.55,"OPERATE_INCOME":8419449000,"OPERATE_INCOME_YOY":13.7761687111,"GROSS_PROFIT":1868420000,"GROSS_PROFIT_YOY":25.386123252086,"HOLDER_PROFIT":-804461000,"HOLDER_PROFIT_YOY":30.890901984,"GROSS_PROFIT_RATIO":22.191713495741,"EPS_TTM":-2.613492376196,"OPERATE_INCOME_QOQ":4.242273839023,"NET_PROFIT_RATIO":-9.5945471016,"ROE_AVG":-4.059832467396,"GROSS_PROFIT_QOQ":10.016521100865,"ROA":-1.026170445429,"HOLDER_PROFIT_QOQ":5.434717077508,"ROE_YEARLY":-5.413109956527,"ROIC_YEARLY":-1.197267243815,"TOTAL_ASSETS":82342273000,"TOTAL_LIABILITIES":57548895000,"TAX_EBT":-16.139791933842,"OCF_SALES":11.530196334701,"TOTAL_PARENT_EQUITY":19672030000,"DEBT_ASSET_RATIO":69.889854753,"OPERATE_PROFIT":855115000,"PRETAX_PROFIT":-695548000,"NETCASH_OPERATE":970779000,"NETCASH_INVEST":-6525650000,"NETCASH_FINANCE":7397150000,"END_CASH":9753076000,"DIVI_RATIO":null,"DIVIDEND_RATE":null,"CURRENT_RATIO":1.193522742585,"COMMON_ACS":2000000000,"CURRENTDEBT_DEBT":20.813018216944,"ISSUED_COMMON_SHARES":1524432991,"HK_COMMON_SHARES":194357712,"PER_SHARES":100,"TOTAL_MARKET_CAP":63340190776.05,"HKSK_MARKET_CAP":8075562933.6,"PE_TTM":-14.341002624824,"PB_TTM":3.067854286513,"REPORT_DATE_SQ":"2023-09-30 00:00:00","REPORT_TYPE_SQ":"2023年三季报","OPERATE_INCOME_SQ":7400011000,"DPS_HKD":null,"OPERATE_INCOME_QOQ_SQ":1.568902902377,"NET_PROFIT_RATIO_SQ":-15.1452342436,"HOLDER_PROFIT_SQ":-1164045000,"HOLDER_PROFIT_QOQ_SQ":-6.406545815145,"ROE_AVG_SQ":-4.951586922259,"PE_TTM_SQ":-6.708340869013,"PB_TTM_SQ":0.423437831267,"ROA_SQ":-1.535110001051,"START_DATE":"2024-01-01 00:00:00","FISCAL_YEAR":"12-31","CURRENCY":"HKD","IS_CNY_CODE":0,"DPS_HKD_LY":null,"ORG_TYPE":"一般企业","PREMIUM_INCOME":null,"PREMIUM_INCOME_YOY":null,"NET_INTEREST_INCOME":null,"NET_INTEREST_INCOME_YOY":null,"FEE_COMMISSION_INCOME":null,"FEE_COMMISSION_INCOME_YOY":null,"ACCOUNTS_RECE_TDAYS":2.671966413533,"INVENTORY_TDAYS":null,"CURRENT_ASSETS_TDAYS":0.666115015607,"TOTAL_ASSETS_TDAYS":0.107398490798,"PREMIUM_EXPENSE":null,"LOAN_DEPOSIT":null,"LOAN_EQUITY":null,"LOAN_ASSETS":null,"DEPOSIT_EQUITY":null,"DEPOSIT_ASSETS":null,"EQUITY_MULTIPLIER":3.321139741429,"EQUITY_RATIO":2.92541720402},{"SECUCODE":"09698.HK","SECURITY_CODE":"09698","SECURITY_NAME_ABBR":"万国数据-SW","ORG_CODE":"10583180","STD_REPORT_DATE":"2024-06-30 00:00:00","REPORT_DATE":"2024-06-30 00:00:00","DATE_TYPE_CODE":"002","REPORT_TYPE":"2024年中报","PER_NETCASH_OPERATE":0.215991783138,"PER_OI":3.577550493986,"BPS":12.054382913837,"BASIC_EPS":-0.41,"DILUTED_EPS":-0.41,"OPERATE_INCOME":5453736000,"OPERATE_INCOME_YOY":11.7344925546,"GROSS_PROFIT":1211499000,"GROSS_PROFIT_YOY":16.190427780612,"HOLDER_PROFIT":-598503000,"HOLDER_PROFIT_YOY":17.9142225069,"GROSS_PROFIT_RATIO":22.214111574158,"EPS_TTM":-2.763691172307,"OPERATE_INCOME_QOQ":3.48257625866,"NET_PROFIT_RATIO":-10.5743842386,"ROE_AVG":-3.037656704996,"GROSS_PROFIT_QOQ":4.331789924053,"ROA":-0.779239380637,"HOLDER_PROFIT_QOQ":0.015758025083,"ROE_YEARLY":-6.075313409992,"ROIC_YEARLY":-1.808163486405,"TOTAL_ASSETS":79165413000,"TOTAL_LIABILITIES":56290271000,"TAX_EBT":-26.905734864039,"OCF_SALES":6.037420953269,"TOTAL_PARENT_EQUITY":19447346000,"DEBT_ASSET_RATIO":71.1046262084,"OPERATE_PROFIT":534864000,"PRETAX_PROFIT":-454431000,"NETCASH_OPERATE":329265000,"NETCASH_INVEST":-3626845000,"NETCASH_FINANCE":5455363000,"END_CASH":10096689000,"DIVI_RATIO":null,"DIVIDEND_RATE":null,"CURRENT_RATIO":1.391895833512,"COMMON_ACS":2000000000,"CURRENTDEBT_DEBT":18.259624296355,"ISSUED_COMMON_SHARES":1524432991,"HK_COMMON_SHARES":194357712,"PER_SHARES":100,"TOTAL_MARKET_CAP":30641103119.1,"HKSK_MARKET_CAP":3906590011.2,"PE_TTM":-6.937524735474,"PB_TTM":1.484088355209,"REPORT_DATE_SQ":"2023-06-30 00:00:00","REPORT_TYPE_SQ":"2023年中报","OPERATE_INCOME_SQ":4880978000,"DPS_HKD":null,"OPERATE_INCOME_QOQ_SQ":1.7027719433,"NET_PROFIT_RATIO_SQ":-14.3397081487,"HOLDER_PROFIT_SQ":-729119000,"HOLDER_PROFIT_QOQ_SQ":10.387981379365,"ROE_AVG_SQ":-3.081185321516,"PE_TTM_SQ":-8.289158354762,"PB_TTM_SQ":0.523220764315,"ROA_SQ":-0.960197688898,"START_DATE":"2024-01-01 00:00:00","FISCAL_YEAR":"12-31","CURRENCY":"HKD","IS_CNY_CODE":0,"DPS_HKD_LY":null,"ORG_TYPE":"一般企业","PREMIUM_INCOME":null,"PREMIUM_INCOME_YOY":null,"NET_INTEREST_INCOME":null,"NET_INTEREST_INCOME_YOY":null,"FEE_COMMISSION_INCOME":null,"FEE_COMMISSION_INCOME_YOY":null,"ACCOUNTS_RECE_TDAYS":1.836373985867,"INVENTORY_TDAYS":null,"CURRENT_ASSETS_TDAYS":0.431294074552,"TOTAL_ASSETS_TDAYS":0.071006592495,"PREMIUM_EXPENSE":null,"LOAN_DEPOSIT":null,"LOAN_EQUITY":null,"LOAN_ASSETS":null,"DEPOSIT_EQUITY":null,"DEPOSIT_ASSETS":null,"EQUITY_MULTIPLIER":3.460761598767,"EQUITY_RATIO":2.89449629785},{"SECUCODE":"09698.HK","SECURITY_CODE":"09698","SECURITY_NAME_ABBR":"万国数据-SW","ORG_CODE":"10583180","STD_REPORT_DATE":"2024-03-31 00:00:00","REPORT_DATE":"2024-03-31 00:00:00","DATE_TYPE_CODE":"003","REPORT_TYPE":"2024年一季报","PER_NETCASH_OPERATE":-0.081979333128,"PER_OI":1.723504421324,"BPS":12.174212385568,"BASIC_EPS":-0.24,"DILUTED_EPS":-0.24,"OPERATE_INCOME":2627367000,"OPERATE_INCOME_YOY":9.0665341612,"GROSS_PROFIT":573674000,"GROSS_PROFIT_YOY":16.67463243893,"HOLDER_PROFIT":-359285000,"HOLDER_PROFIT_YOY":26.5621774314,"GROSS_PROFIT_RATIO":21.834559085198,"EPS_TTM":-2.764126744092,"OPERATE_INCOME_QOQ":2.193632080186,"NET_PROFIT_RATIO":-13.1283905142,"ROE_AVG":-1.815321956976,"GROSS_PROFIT_QOQ":4.264714296861,"ROA":-0.4785339112,"HOLDER_PROFIT_QOQ":2.9917503093,"ROE_YEARLY":-7.261287827902,"ROIC_YEARLY":-2.13737147034,"TOTAL_ASSETS":75714037000,"TOTAL_LIABILITIES":55922977000,"TAX_EBT":-22.083047236124,"OCF_SALES":-4.756549047012,"TOTAL_PARENT_EQUITY":19625386000,"DEBT_ASSET_RATIO":73.8607782861,"OPERATE_PROFIT":219231000,"PRETAX_PROFIT":-282538000,"NETCASH_OPERATE":-124972000,"NETCASH_INVEST":-1595107000,"NETCASH_FINANCE":1621969000,"END_CASH":7809913000,"DIVI_RATIO":null,"DIVIDEND_RATE":null,"CURRENT_RATIO":1.126525251948,"COMMON_ACS":2000000000,"CURRENTDEBT_DEBT":19.21104629319,"ISSUED_COMMON_SHARES":1524432991,"HK_COMMON_SHARES":194357712,"PER_SHARES":100,"TOTAL_MARKET_CAP":30641103119.1,"HKSK_MARKET_CAP":3906590011.2,"PE_TTM":-6.937524735474,"PB_TTM":1.484088355209,"REPORT_DATE_SQ":"2023-03-31 00:00:00","REPORT_TYPE_SQ":"2023年一季报","OPERATE_INCOME_SQ":2408958000,"DPS_HKD":null,"OPERATE_INCOME_QOQ_SQ":1.773220493069,"NET_PROFIT_RATIO_SQ":-19.7019624252,"HOLDER_PROFIT_SQ":-489237000,"HOLDER_PROFIT_QOQ_SQ":5.644734532762,"ROE_AVG_SQ":-2.048327451711,"PE_TTM_SQ":-8.289158354762,"PB_TTM_SQ":0.523220764315,"ROA_SQ":-0.639743646961,"START_DATE":"2024-01-01 00:00:00","FISCAL_YEAR":"12-31","CURRENCY":"HKD","IS_CNY_CODE":0,"DPS_HKD_LY":null,"ORG_TYPE":"一般企业","PREMIUM_INCOME":null,"PREMIUM_INCOME_YOY":null,"NET_INTEREST_INCOME":null,"NET_INTEREST_INCOME_YOY":null,"FEE_COMMISSION_INCOME":null,"FEE_COMMISSION_INCOME_YOY":null,"ACCOUNTS_RECE_TDAYS":0.912106654706,"INVENTORY_TDAYS":null,"CURRENT_ASSETS_TDAYS":0.227612140714,"TOTAL_ASSETS_TDAYS":0.034994063394,"PREMIUM_EXPENSE":null,"LOAN_DEPOSIT":null,"LOAN_EQUITY":null,"LOAN_ASSETS":null,"DEPOSIT_EQUITY":null,"DEPOSIT_ASSETS":null,"EQUITY_MULTIPLIER":3.825668609973,"EQUITY_RATIO":2.849522399203},{"SECUCODE":"09698.HK","SECURITY_CODE":"09698","SECURITY_NAME_ABBR":"万国数据-SW","ORG_CODE":"10583180","STD_REPORT_DATE":"2023-12-31 00:00:00","REPORT_DATE":"2023-12-31 00:00:00","DATE_TYPE_CODE":"001","REPORT_TYPE":"2023年年报","PER_NETCASH_OPERATE":1.354770601393,"PER_OI":6.531281505177,"BPS":12.39376221293,"BASIC_EPS":-2.96,"DILUTED_EPS":-2.96,"OPERATE_INCOME":9956501000,"OPERATE_INCOME_YOY":6.7649041657,"GROSS_PROFIT":1922450000,"GROSS_PROFIT_YOY":-0.692561485688,"HOLDER_PROFIT":-4343678000,"HOLDER_PROFIT_YOY":-187.6827043119,"GROSS_PROFIT_RATIO":19.308490000654,"EPS_TTM":-2.849372865613,"OPERATE_INCOME_QOQ":1.555031622152,"NET_PROFIT_RATIO":-43.0411547189,"ROE_AVG":-19.732202263616,"GROSS_PROFIT_QOQ":-2.816597385357,"ROA":-5.820258955871,"HOLDER_PROFIT_QOQ":-219.751805914522,"ROE_YEARLY":-19.732202263616,"ROIC_YEARLY":-6.548605581452,"TOTAL_ASSETS":74446690000,"TOTAL_LIABILITIES":54322887000,"TAX_EBT":0.343637577119,"OCF_SALES":20.742799101813,"TOTAL_PARENT_EQUITY":19958226000,"DEBT_ASSET_RATIO":72.9688411936,"OPERATE_PROFIT":-2458705000,"PRETAX_PROFIT":-4300170000,"NETCASH_OPERATE":2065257000,"NETCASH_INVEST":-6326187000,"NETCASH_FINANCE":3142494000,"END_CASH":7917932000,"DIVI_RATIO":null,"DIVIDEND_RATE":null,"CURRENT_RATIO":1.322459182352,"COMMON_ACS":2000000000,"CURRENTDEBT_DEBT":15.289091686162,"ISSUED_COMMON_SHARES":1524432991,"HK_COMMON_SHARES":194357712,"PER_SHARES":100,"TOTAL_MARKET_CAP":30641103119.1,"HKSK_MARKET_CAP":3906590011.2,"PE_TTM":-6.937524735474,"PB_TTM":1.484088355209,"REPORT_DATE_SQ":"2022-12-31 00:00:00","REPORT_TYPE_SQ":"2022年年报","OPERATE_INCOME_SQ":9325631000,"DPS_HKD":null,"OPERATE_INCOME_QOQ_SQ":2.378500586345,"NET_PROFIT_RATIO_SQ":-13.5767542164,"HOLDER_PROFIT_SQ":-1509885000,"HOLDER_PROFIT_QOQ_SQ":9.379623266603,"ROE_AVG_SQ":-6.100498992159,"PE_TTM_SQ":-8.289158354762,"PB_TTM_SQ":0.523220764315,"ROA_SQ":-2.062030928627,"START_DATE":"2023-01-01 00:00:00","FISCAL_YEAR":"12-31","CURRENCY":"HKD","IS_CNY_CODE":0,"DPS_HKD_LY":null,"ORG_TYPE":"一般企业","PREMIUM_INCOME":null,"PREMIUM_INCOME_YOY":null,"NET_INTEREST_INCOME":null,"NET_INTEREST_INCOME_YOY":null,"FEE_COMMISSION_INCOME":null,"FEE_COMMISSION_INCOME_YOY":null,"ACCOUNTS_RECE_TDAYS":4.02125430488,"INVENTORY_TDAYS":null,"CURRENT_ASSETS_TDAYS":0.868246666442,"TOTAL_ASSETS_TDAYS":0.133410934499,"PREMIUM_EXPENSE":null,"LOAN_DEPOSIT":null,"LOAN_EQUITY":null,"LOAN_ASSETS":null,"DEPOSIT_EQUITY":null,"DEPOSIT_ASSETS":null,"EQUITY_MULTIPLIER":3.699434445863,"EQUITY_RATIO":2.721829435141},{"SECUCODE":"09698.HK","SECURITY_CODE":"09698","SECURITY_NAME_ABBR":"万国数据-SW","ORG_CODE":"10583180","STD_REPORT_DATE":"2023-09-30 00:00:00","REPORT_DATE":"2023-09-30 00:00:00","DATE_TYPE_CODE":"004","REPORT_TYPE":"2023年三季报","PER_NETCASH_OPERATE":0.731988225516,"PER_OI":4.854271092064,"BPS":14.346168791358,"BASIC_EPS":-0.79,"DILUTED_EPS":-0.79,"OPERATE_INCOME":7400011000,"OPERATE_INCOME_YOY":6.9119019787,"GROSS_PROFIT":1490133000,"GROSS_PROFIT_YOY":2.922318543082,"HOLDER_PROFIT":-1164045000,"HOLDER_PROFIT_YOY":11.5115657666,"GROSS_PROFIT_RATIO":20.136902499199,"EPS_TTM":-0.891120179122,"OPERATE_INCOME_QOQ":1.568902902377,"NET_PROFIT_RATIO":-15.1452342436,"ROE_AVG":-4.951586922259,"GROSS_PROFIT_QOQ":-2.241437334787,"ROA":-1.535110001051,"HOLDER_PROFIT_QOQ":-6.406545815145,"ROE_YEARLY":-6.602115896345,"ROIC_YEARLY":-1.720984037189,"TOTAL_ASSETS":76842279000,"TOTAL_LIABILITIES":53763354000,"TAX_EBT":-23.027550731415,"OCF_SALES":15.079261368666,"TOTAL_PARENT_EQUITY":22948987000,"DEBT_ASSET_RATIO":69.9658504402,"OPERATE_PROFIT":479479000,"PRETAX_PROFIT":-910974000,"NETCASH_OPERATE":1115867000,"NETCASH_INVEST":-5172136000,"NETCASH_FINANCE":2765599000,"END_CASH":7740395000,"DIVI_RATIO":null,"DIVIDEND_RATE":null,"CURRENT_RATIO":1.521464998572,"COMMON_ACS":2000000000,"CURRENTDEBT_DEBT":13.759820490366,"ISSUED_COMMON_SHARES":1524432991,"HK_COMMON_SHARES":194357712,"PER_SHARES":100,"TOTAL_MARKET_CAP":30641103119.1,"HKSK_MARKET_CAP":3906590011.2,"PE_TTM":-6.937524735474,"PB_TTM":1.484088355209,"REPORT_DATE_SQ":"2022-09-30 00:00:00","REPORT_TYPE_SQ":"2022年三季报","OPERATE_INCOME_SQ":6921597000,"DPS_HKD":null,"OPERATE_INCOME_QOQ_SQ":3.478155073176,"NET_PROFIT_RATIO_SQ":-15.7221375356,"HOLDER_PROFIT_SQ":-1315477000,"HOLDER_PROFIT_QOQ_SQ":-0.947577286015,"ROE_AVG_SQ":-5.310153934588,"PE_TTM_SQ":-8.289158354762,"PB_TTM_SQ":0.523220764315,"ROA_SQ":-1.795770562171,"START_DATE":"2023-01-01 00:00:00","FISCAL_YEAR":"12-31","CURRENCY":"HKD","IS_CNY_CODE":0,"DPS_HKD_LY":null,"ORG_TYPE":"一般企业","PREMIUM_INCOME":null,"PREMIUM_INCOME_YOY":null,"NET_INTEREST_INCOME":null,"NET_INTEREST_INCOME_YOY":null,"FEE_COMMISSION_INCOME":null,"FEE_COMMISSION_INCOME_YOY":null,"ACCOUNTS_RECE_TDAYS":2.797879588516,"INVENTORY_TDAYS":null,"CURRENT_ASSETS_TDAYS":0.63775385151,"TOTAL_ASSETS_TDAYS":0.097589276136,"PREMIUM_EXPENSE":null,"LOAN_DEPOSIT":null,"LOAN_EQUITY":null,"LOAN_ASSETS":null,"DEPOSIT_EQUITY":null,"DEPOSIT_ASSETS":null,"EQUITY_MULTIPLIER":3.32954325212,"EQUITY_RATIO":2.342733210838},{"SECUCODE":"09698.HK","SECURITY_CODE":"09698","SECURITY_NAME_ABBR":"万国数据-SW","ORG_CODE":"10583180","STD_REPORT_DATE":"2023-06-30 00:00:00","REPORT_DATE":"2023-06-30 00:00:00","DATE_TYPE_CODE":"002","REPORT_TYPE":"2023年中报","PER_NETCASH_OPERATE":0.397145039221,"PER_OI":3.201831781926,"BPS":14.545071597706,"BASIC_EPS":-0.5,"DILUTED_EPS":-0.5,"OPERATE_INCOME":4880978000,"OPERATE_INCOME_YOY":7.1799234256,"GROSS_PROFIT":1042684000,"GROSS_PROFIT_YOY":9.179512846878,"HOLDER_PROFIT":-729119000,"HOLDER_PROFIT_YOY":24.2348606159,"GROSS_PROFIT_RATIO":21.362194215995,"EPS_TTM":-0.837467443658,"OPERATE_INCOME_QOQ":1.7027719433,"NET_PROFIT_RATIO":-14.3397081487,"ROE_AVG":-3.081185321516,"GROSS_PROFIT_QOQ":4.244750601068,"ROA":-0.960197688898,"HOLDER_PROFIT_QOQ":10.387981379365,"ROE_YEARLY":-6.162370643032,"ROIC_YEARLY":-2.16309135466,"TOTAL_ASSETS":77054564000,"TOTAL_LIABILITIES":53665517000,"TAX_EBT":-36.946670632063,"OCF_SALES":12.403682212868,"TOTAL_PARENT_EQUITY":23259115000,"DEBT_ASSET_RATIO":69.646123752,"OPERATE_PROFIT":398797000,"PRETAX_PROFIT":-511088000,"NETCASH_OPERATE":605421000,"NETCASH_INVEST":-3599726000,"NETCASH_FINANCE":2323258000,"END_CASH":8370564000,"DIVI_RATIO":null,"DIVIDEND_RATE":null,"CURRENT_RATIO":1.253141874645,"COMMON_ACS":2000000000,"CURRENTDEBT_DEBT":18.111879924682,"ISSUED_COMMON_SHARES":1524432991,"HK_COMMON_SHARES":194357712,"PER_SHARES":100,"TOTAL_MARKET_CAP":30641103119.1,"HKSK_MARKET_CAP":3906590011.2,"PE_TTM":-6.937524735474,"PB_TTM":1.484088355209,"REPORT_DATE_SQ":"2022-06-30 00:00:00","REPORT_TYPE_SQ":"2022年中报","OPERATE_INCOME_SQ":4554004000,"DPS_HKD":null,"OPERATE_INCOME_QOQ_SQ":5.343161118523,"NET_PROFIT_RATIO_SQ":-16.437403217,"HOLDER_PROFIT_SQ":-962341000,"HOLDER_PROFIT_QOQ_SQ":-3.969620291438,"ROE_AVG_SQ":-3.850844264535,"PE_TTM_SQ":-8.289158354762,"PB_TTM_SQ":0.523220764315,"ROA_SQ":-1.32145980717,"START_DATE":"2023-01-01 00:00:00","FISCAL_YEAR":"12-31","CURRENCY":"HKD","IS_CNY_CODE":0,"DPS_HKD_LY":null,"ORG_TYPE":"一般企业","PREMIUM_INCOME":null,"PREMIUM_INCOME_YOY":null,"NET_INTEREST_INCOME":null,"NET_INTEREST_INCOME_YOY":null,"FEE_COMMISSION_INCOME":null,"FEE_COMMISSION_INCOME_YOY":null,"ACCOUNTS_RECE_TDAYS":1.827613450337,"INVENTORY_TDAYS":null,"CURRENT_ASSETS_TDAYS":0.404533229248,"TOTAL_ASSETS_TDAYS":0.064278996915,"PREMIUM_EXPENSE":null,"LOAN_DEPOSIT":null,"LOAN_EQUITY":null,"LOAN_ASSETS":null,"DEPOSIT_EQUITY":null,"DEPOSIT_ASSETS":null,"EQUITY_MULTIPLIER":3.294472151859,"EQUITY_RATIO":2.30728972276},{"SECUCODE":"09698.HK","SECURITY_CODE":"09698","SECURITY_NAME_ABBR":"万国数据-SW","ORG_CODE":"10583180","STD_REPORT_DATE":"2023-03-31 00:00:00","REPORT_DATE":"2023-03-31 00:00:00","DATE_TYPE_CODE":"003","REPORT_TYPE":"2023年一季报","PER_NETCASH_OPERATE":-0.084739703721,"PER_OI":1.580232134979,"BPS":14.869991750264,"BASIC_EPS":-0.33,"DILUTED_EPS":-0.33,"OPERATE_INCOME":2408958000,"OPERATE_INCOME_YOY":7.3704957314,"GROSS_PROFIT":491687000,"GROSS_PROFIT_YOY":1.083432528057,"HOLDER_PROFIT":-489237000,"HOLDER_PROFIT_YOY":14.8362131092,"GROSS_PROFIT_RATIO":20.410775115216,"EPS_TTM":-0.934548129312,"OPERATE_INCOME_QOQ":1.773220493069,"NET_PROFIT_RATIO":-19.7019624252,"ROE_AVG":-2.048327451711,"GROSS_PROFIT_QOQ":0.272230851762,"ROA":-0.639743646961,"HOLDER_PROFIT_QOQ":5.644734532762,"ROE_YEARLY":-8.193309806842,"ROIC_YEARLY":-2.923791930505,"TOTAL_ASSETS":78133872000,"TOTAL_LIABILITIES":54314431000,"TAX_EBT":-52.586772289451,"OCF_SALES":-5.362484526505,"TOTAL_PARENT_EQUITY":23701352000,"DEBT_ASSET_RATIO":69.5145774934,"OPERATE_PROFIT":154565000,"PRETAX_PROFIT":-311044000,"NETCASH_OPERATE":-129180000,"NETCASH_INVEST":-2193358000,"NETCASH_FINANCE":3874415000,"END_CASH":10456645000,"DIVI_RATIO":null,"DIVIDEND_RATE":null,"CURRENT_RATIO":1.293175104898,"COMMON_ACS":2000000000,"CURRENTDEBT_DEBT":20.527135780912,"ISSUED_COMMON_SHARES":1524432991,"HK_COMMON_SHARES":194357712,"PER_SHARES":100,"TOTAL_MARKET_CAP":30641103119.1,"HKSK_MARKET_CAP":3906590011.2,"PE_TTM":-6.937524735474,"PB_TTM":1.484088355209,"REPORT_DATE_SQ":"2022-03-31 00:00:00","REPORT_TYPE_SQ":"2022年一季报","OPERATE_INCOME_SQ":2243594000,"DPS_HKD":null,"OPERATE_INCOME_QOQ_SQ":6.876185382164,"NET_PROFIT_RATIO_SQ":-16.636387867,"HOLDER_PROFIT_SQ":-574466000,"HOLDER_PROFIT_QOQ_SQ":-20.820816859281,"ROE_AVG_SQ":-2.281048837903,"PE_TTM_SQ":-8.289158354762,"PB_TTM_SQ":0.523220764315,"ROA_SQ":-0.780005869196,"START_DATE":"2023-01-01 00:00:00","FISCAL_YEAR":"12-31","CURRENCY":"HKD","IS_CNY_CODE":0,"DPS_HKD_LY":null,"ORG_TYPE":"一般企业","PREMIUM_INCOME":null,"PREMIUM_INCOME_YOY":null,"NET_INTEREST_INCOME":null,"NET_INTEREST_INCOME_YOY":null,"FEE_COMMISSION_INCOME":null,"FEE_COMMISSION_INCOME_YOY":null,"ACCOUNTS_RECE_TDAYS":0.882733141894,"INVENTORY_TDAYS":null,"CURRENT_ASSETS_TDAYS":0.182711781361,"TOTAL_ASSETS_TDAYS":0.031500388897,"PREMIUM_EXPENSE":null,"LOAN_DEPOSIT":null,"LOAN_EQUITY":null,"LOAN_ASSETS":null,"DEPOSIT_EQUITY":null,"DEPOSIT_ASSETS":null,"EQUITY_MULTIPLIER":3.28025632508,"EQUITY_RATIO":2.291617414905},{"SECUCODE":"09698.HK","SECURITY_CODE":"09698","SECURITY_NAME_ABBR":"万国数据-SW","ORG_CODE":"10583180","STD_REPORT_DATE":"2022-12-31 00:00:00","REPORT_DATE":"2022-12-31 00:00:00","DATE_TYPE_CODE":"001","REPORT_TYPE":"2022年年报","PER_NETCASH_OPERATE":1.874839377574,"PER_OI":6.117442390093,"BPS":15.101384669521,"BASIC_EPS":-1.03,"DILUTED_EPS":-1.03,"OPERATE_INCOME":9325631000,"OPERATE_INCOME_YOY":19.2737112564,"GROSS_PROFIT":1935857000,"GROSS_PROFIT_YOY":8.790909893005,"HOLDER_PROFIT":-1509885000,"HOLDER_PROFIT_YOY":-14.9132186904,"GROSS_PROFIT_RATIO":20.758455915745,"EPS_TTM":-0.990456785516,"OPERATE_INCOME_QOQ":2.378500586345,"NET_PROFIT_RATIO":-13.5767542164,"ROE_AVG":-6.100498992159,"GROSS_PROFIT_QOQ":0.039326214307,"ROA":-2.062030928627,"HOLDER_PROFIT_QOQ":9.379623266603,"ROE_YEARLY":-6.100498992159,"ROIC_YEARLY":-2.372359740575,"TOTAL_ASSETS":74813954000,"TOTAL_LIABILITIES":50629299000,"TAX_EBT":-27.905823213451,"OCF_SALES":30.647438226968,"TOTAL_PARENT_EQUITY":24068061000,"DEBT_ASSET_RATIO":67.6736040445,"OPERATE_PROFIT":551779000,"PRETAX_PROFIT":-989883000,"NETCASH_OPERATE":2858067000,"NETCASH_INVEST":-11274884000,"NETCASH_FINANCE":4856318000,"END_CASH":8882066000,"DIVI_RATIO":null,"DIVIDEND_RATE":null,"CURRENT_RATIO":1.127101135252,"COMMON_ACS":2000000000,"CURRENTDEBT_DEBT":20.943159809501,"ISSUED_COMMON_SHARES":1524432991,"HK_COMMON_SHARES":194357712,"PER_SHARES":100,"TOTAL_MARKET_CAP":30641103119.1,"HKSK_MARKET_CAP":3906590011.2,"PE_TTM":-6.937524735474,"PB_TTM":1.484088355209,"REPORT_DATE_SQ":"2021-12-31 00:00:00","REPORT_TYPE_SQ":"2021年年报","OPERATE_INCOME_SQ":7818681000,"DPS_HKD":null,"OPERATE_INCOME_QOQ_SQ":7.652269670644,"NET_PROFIT_RATIO_SQ":-15.2354725816,"HOLDER_PROFIT_SQ":-1313935000,"HOLDER_PROFIT_QOQ_SQ":-4.49418811793,"ROE_AVG_SQ":-5.055616650485,"PE_TTM_SQ":-8.289158354762,"PB_TTM_SQ":0.523220764315,"ROA_SQ":-2.038827495784,"START_DATE":"2022-01-01 00:00:00","FISCAL_YEAR":"12-31","CURRENCY":"HKD","IS_CNY_CODE":0,"DPS_HKD_LY":null,"ORG_TYPE":"一般企业","PREMIUM_INCOME":null,"PREMIUM_INCOME_YOY":null,"NET_INTEREST_INCOME":null,"NET_INTEREST_INCOME_YOY":null,"FEE_COMMISSION_INCOME":null,"FEE_COMMISSION_INCOME_YOY":null,"ACCOUNTS_RECE_TDAYS":4.506538871644,"INVENTORY_TDAYS":null,"CURRENT_ASSETS_TDAYS":0.706087321532,"TOTAL_ASSETS_TDAYS":0.127358968073,"PREMIUM_EXPENSE":null,"LOAN_DEPOSIT":null,"LOAN_EQUITY":null,"LOAN_ASSETS":null,"DEPOSIT_EQUITY":null,"DEPOSIT_ASSETS":null,"EQUITY_MULTIPLIER":3.093447229244,"EQUITY_RATIO":2.103588610649},{"SECUCODE":"09698.HK","SECURITY_CODE":"09698","SECURITY_NAME_ABBR":"万国数据-SW","ORG_CODE":"10583180","STD_REPORT_DATE":"2022-09-30 00:00:00","REPORT_DATE":"2022-09-30 00:00:00","DATE_TYPE_CODE":"004","REPORT_TYPE":"2022年三季报","PER_NETCASH_OPERATE":1.279271707183,"PER_OI":4.540440296623,"BPS":15.11789310259,"BASIC_EPS":-0.9,"DILUTED_EPS":-0.9,"OPERATE_INCOME":6921597000,"OPERATE_INCOME_YOY":22.9128635215,"GROSS_PROFIT":1447823000,"GROSS_PROFIT_YOY":12.047074811401,"HOLDER_PROFIT":-1315477000,"HOLDER_PROFIT_YOY":-36.5669449269,"GROSS_PROFIT_RATIO":20.9174703468,"EPS_TTM":-1.092973587862,"OPERATE_INCOME_QOQ":3.478155073176,"NET_PROFIT_RATIO":-15.7221375356,"ROE_AVG":-5.310153934588,"GROSS_PROFIT_QOQ":1.969198925451,"ROA":-1.795770562171,"HOLDER_PROFIT_QOQ":-0.947577286015,"ROE_YEARLY":-7.080205246117,"ROIC_YEARLY":-2.073554202059,"TOTAL_ASSETS":74875917000,"TOTAL_LIABILITIES":50659883000,"TAX_EBT":-22.26853792076,"OCF_SALES":28.175058443882,"TOTAL_PARENT_EQUITY":24113404000,"DEBT_ASSET_RATIO":67.6584475086,"OPERATE_PROFIT":415489000,"PRETAX_PROFIT":-890027000,"NETCASH_OPERATE":1950164000,"NETCASH_INVEST":-9143923000,"NETCASH_FINANCE":3996347000,"END_CASH":9253805000,"DIVI_RATIO":null,"DIVIDEND_RATE":null,"CURRENT_RATIO":1.114375796879,"COMMON_ACS":2000000000,"CURRENTDEBT_DEBT":22.290801579625,"ISSUED_COMMON_SHARES":1524432991,"HK_COMMON_SHARES":194357712,"PER_SHARES":100,"TOTAL_MARKET_CAP":30641103119.1,"HKSK_MARKET_CAP":3906590011.2,"PE_TTM":-6.937524735474,"PB_TTM":1.484088355209,"REPORT_DATE_SQ":"2021-09-30 00:00:00","REPORT_TYPE_SQ":"2021年三季报","OPERATE_INCOME_SQ":5631304000,"DPS_HKD":null,"OPERATE_INCOME_QOQ_SQ":7.978742937171,"NET_PROFIT_RATIO_SQ":-15.5972932735,"HOLDER_PROFIT_SQ":-963247000,"HOLDER_PROFIT_QOQ_SQ":-9.938806503875,"ROE_AVG_SQ":-3.682065911268,"PE_TTM_SQ":-8.289158354762,"PB_TTM_SQ":0.523220764315,"ROA_SQ":-1.58309298431,"START_DATE":"2022-01-01 00:00:00","FISCAL_YEAR":"12-31","CURRENCY":"HKD","IS_CNY_CODE":0,"DPS_HKD_LY":null,"ORG_TYPE":"一般企业","PREMIUM_INCOME":null,"PREMIUM_INCOME_YOY":null,"NET_INTEREST_INCOME":null,"NET_INTEREST_INCOME_YOY":null,"FEE_COMMISSION_INCOME":null,"FEE_COMMISSION_INCOME_YOY":null,"ACCOUNTS_RECE_TDAYS":3.159366501462,"INVENTORY_TDAYS":null,"CURRENT_ASSETS_TDAYS":0.511801834053,"TOTAL_ASSETS_TDAYS":0.0944873999,"PREMIUM_EXPENSE":null,"LOAN_DEPOSIT":null,"LOAN_EQUITY":null,"LOAN_ASSETS":null,"DEPOSIT_EQUITY":null,"DEPOSIT_ASSETS":null,"EQUITY_MULTIPLIER":3.091997517021,"EQUITY_RATIO":2.100901349308}],"count":24},"success":true,"message":"ok","code":0}