{"version":"ef187e78425a9d2ddbc3a8b01feece01","result":{"pages":2,"data":[{"SECUCODE":"09858.HK","SECURITY_CODE":"09858","SECURITY_NAME_ABBR":"优然牧业","ORG_CODE":"10000143838","STD_REPORT_DATE":"2024-06-30 00:00:00","REPORT_DATE":"2024-06-30 00:00:00","DATE_TYPE_CODE":"002","REPORT_TYPE":"2024年中报","PER_NETCASH_OPERATE":0.880830341118,"PER_OI":2.64924129289,"BPS":2.94638374221,"BASIC_EPS":-0.09,"DILUTED_EPS":-0.09,"OPERATE_INCOME":10054941000,"OPERATE_INCOME_YOY":10.7780454363,"GROSS_PROFIT":2848892000,"GROSS_PROFIT_YOY":36.104186473148,"HOLDER_PROFIT":-330873000,"HOLDER_PROFIT_YOY":66.6464385187,"GROSS_PROFIT_RATIO":28.333254267728,"EPS_TTM":-0.102449172736,"OPERATE_INCOME_QOQ":5.233184136683,"NET_PROFIT_RATIO":-4.6415687571,"ROE_AVG":-2.840088672246,"GROSS_PROFIT_QOQ":16.907345655328,"ROA":-0.738158754897,"HOLDER_PROFIT_QOQ":62.967294615136,"ROE_YEARLY":-5.680177344492,"ROIC_YEARLY":-1.63220822224,"TOTAL_ASSETS":43448467000,"TOTAL_LIABILITIES":30847368000,"TAX_EBT":-15.601081932617,"OCF_SALES":33.248399965748,"TOTAL_PARENT_EQUITY":11469470000,"DEBT_ASSET_RATIO":70.9975981431,"OPERATE_PROFIT":107331000,"PRETAX_PROFIT":-403722000,"NETCASH_OPERATE":3343107000,"NETCASH_INVEST":-3957784000,"NETCASH_FINANCE":-2198596000,"END_CASH":1674270000,"DIVI_RATIO":null,"DIVIDEND_RATE":null,"CURRENT_RATIO":0.432249933518,"COMMON_ACS":10000000000,"CURRENTDEBT_DEBT":63.219766431937,"ISSUED_COMMON_SHARES":3892727833,"HK_COMMON_SHARES":3892727833,"PER_SHARES":1000,"TOTAL_MARKET_CAP":8992201294.23,"HKSK_MARKET_CAP":8992201294.23,"PE_TTM":-20.198010674413,"PB_TTM":0.715552006956,"REPORT_DATE_SQ":"2023-06-30 00:00:00","REPORT_TYPE_SQ":"2023年中报","OPERATE_INCOME_SQ":9076655000,"DPS_HKD":null,"OPERATE_INCOME_QOQ_SQ":2.048113096174,"NET_PROFIT_RATIO_SQ":-13.7007300597,"HOLDER_PROFIT_SQ":-992017000,"HOLDER_PROFIT_QOQ_SQ":-292.051035390613,"ROE_AVG_SQ":-7.980388210273,"PE_TTM_SQ":-5.377663302895,"PB_TTM_SQ":0.364829542257,"ROA_SQ":-2.224357299565,"START_DATE":"2024-01-01 00:00:00","FISCAL_YEAR":"12-31","CURRENCY":"HKD","IS_CNY_CODE":0,"DPS_HKD_LY":null,"ORG_TYPE":"一般企业","PREMIUM_INCOME":null,"PREMIUM_INCOME_YOY":null,"NET_INTEREST_INCOME":null,"NET_INTEREST_INCOME_YOY":null,"FEE_COMMISSION_INCOME":null,"FEE_COMMISSION_INCOME_YOY":null,"ACCOUNTS_RECE_TDAYS":10.537417746352,"INVENTORY_TDAYS":1.905090848766,"CURRENT_ASSETS_TDAYS":1.013807882229,"TOTAL_ASSETS_TDAYS":0.224319987703,"PREMIUM_EXPENSE":null,"LOAN_DEPOSIT":null,"LOAN_EQUITY":null,"LOAN_ASSETS":null,"DEPOSIT_EQUITY":null,"DEPOSIT_ASSETS":null,"EQUITY_MULTIPLIER":3.44799029037,"EQUITY_RATIO":2.689519916788},{"SECUCODE":"09858.HK","SECURITY_CODE":"09858","SECURITY_NAME_ABBR":"优然牧业","ORG_CODE":"10000143838","STD_REPORT_DATE":"2023-12-31 00:00:00","REPORT_DATE":"2023-12-31 00:00:00","DATE_TYPE_CODE":"001","REPORT_TYPE":"2023年年报","PER_NETCASH_OPERATE":1.156652625122,"PER_OI":4.92540346166,"BPS":3.039184476168,"BASIC_EPS":-0.28,"DILUTED_EPS":-0.28,"OPERATE_INCOME":18693896000,"OPERATE_INCOME_YOY":3.562924577,"GROSS_PROFIT":4469785000,"GROSS_PROFIT_YOY":5.825738531087,"HOLDER_PROFIT":-1049980000,"HOLDER_PROFIT_YOY":-353.1469172146,"GROSS_PROFIT_RATIO":23.91039834607,"EPS_TTM":-0.27664512131,"OPERATE_INCOME_QOQ":1.484409103551,"NET_PROFIT_RATIO":-7.7720128538,"ROE_AVG":-8.435449744971,"GROSS_PROFIT_QOQ":5.920104910972,"ROA":-2.342501557096,"HOLDER_PROFIT_QOQ":-31.812315773088,"ROE_YEARLY":-8.435449744971,"ROIC_YEARLY":-2.600566728773,"TOTAL_ASSETS":46199728000,"TOTAL_LIABILITIES":33101033000,"TAX_EBT":-6.869269969048,"OCF_SALES":23.483408701964,"TOTAL_PARENT_EQUITY":11830718000,"DEBT_ASSET_RATIO":71.6476793976,"OPERATE_PROFIT":-149812000,"PRETAX_PROFIT":-1359504000,"NETCASH_OPERATE":4389964000,"NETCASH_INVEST":-4344378000,"NETCASH_FINANCE":2989958000,"END_CASH":4488341000,"DIVI_RATIO":null,"DIVIDEND_RATE":null,"CURRENT_RATIO":0.545380734397,"COMMON_ACS":10000000000,"CURRENTDEBT_DEBT":63.184070418588,"ISSUED_COMMON_SHARES":3892727833,"HK_COMMON_SHARES":3892727833,"PER_SHARES":1000,"TOTAL_MARKET_CAP":6500855481.11,"HKSK_MARKET_CAP":6500855481.11,"PE_TTM":-14.602025033017,"PB_TTM":0.517303831868,"REPORT_DATE_SQ":"2022-12-31 00:00:00","REPORT_TYPE_SQ":"2022年年报","OPERATE_INCOME_SQ":18050761000,"DPS_HKD":null,"OPERATE_INCOME_QOQ_SQ":7.692731285746,"NET_PROFIT_RATIO_SQ":2.2491350919,"HOLDER_PROFIT_SQ":414771000,"HOLDER_PROFIT_QOQ_SQ":-50.743705667126,"ROE_AVG_SQ":3.160803358947,"PE_TTM_SQ":-6.252080100113,"PB_TTM_SQ":0.424151419047,"ROA_SQ":1.100072252323,"START_DATE":"2023-01-01 00:00:00","FISCAL_YEAR":"12-31","CURRENCY":"HKD","IS_CNY_CODE":0,"DPS_HKD_LY":0.024723,"ORG_TYPE":"一般企业","PREMIUM_INCOME":null,"PREMIUM_INCOME_YOY":null,"NET_INTEREST_INCOME":null,"NET_INTEREST_INCOME_YOY":null,"FEE_COMMISSION_INCOME":null,"FEE_COMMISSION_INCOME_YOY":null,"ACCOUNTS_RECE_TDAYS":17.731997213175,"INVENTORY_TDAYS":3.092990790466,"CURRENT_ASSETS_TDAYS":1.627281162697,"TOTAL_ASSETS_TDAYS":0.417060139128,"PREMIUM_EXPENSE":null,"LOAN_DEPOSIT":null,"LOAN_EQUITY":null,"LOAN_ASSETS":null,"DEPOSIT_EQUITY":null,"DEPOSIT_ASSETS":null,"EQUITY_MULTIPLIER":3.527048152508,"EQUITY_RATIO":2.797888767191},{"SECUCODE":"09858.HK","SECURITY_CODE":"09858","SECURITY_NAME_ABBR":"优然牧业","ORG_CODE":"10000143838","STD_REPORT_DATE":"2023-06-30 00:00:00","REPORT_DATE":"2023-06-30 00:00:00","DATE_TYPE_CODE":"002","REPORT_TYPE":"2023年中报","PER_NETCASH_OPERATE":0.702553667541,"PER_OI":2.391485860267,"BPS":3.030683496541,"BASIC_EPS":-0.26,"DILUTED_EPS":-0.26,"OPERATE_INCOME":9076655000,"OPERATE_INCOME_YOY":4.2460309029,"GROSS_PROFIT":2093170000,"GROSS_PROFIT_YOY":-0.179452562385,"HOLDER_PROFIT":-992017000,"HOLDER_PROFIT_YOY":-552.3025085945,"GROSS_PROFIT_RATIO":23.061028539699,"EPS_TTM":-0.209878052508,"OPERATE_INCOME_QOQ":2.048113096174,"NET_PROFIT_RATIO":-13.7007300597,"ROE_AVG":-7.980388210273,"GROSS_PROFIT_QOQ":-0.089092037781,"ROA":-2.224357299565,"HOLDER_PROFIT_QOQ":-292.051035390613,"ROE_YEARLY":-15.960776420545,"ROIC_YEARLY":-4.757963441889,"TOTAL_ASSETS":45749515000,"TOTAL_LIABILITIES":32537478000,"TAX_EBT":-3.087737913655,"OCF_SALES":29.377287117336,"TOTAL_PARENT_EQUITY":11797626000,"DEBT_ASSET_RATIO":71.1209244513,"OPERATE_PROFIT":-617229000,"PRETAX_PROFIT":-1206320000,"NETCASH_OPERATE":2666475000,"NETCASH_INVEST":-6694176000,"NETCASH_FINANCE":3816200000,"END_CASH":1243330000,"DIVI_RATIO":null,"DIVIDEND_RATE":null,"CURRENT_RATIO":0.577229829025,"COMMON_ACS":10000000000,"CURRENTDEBT_DEBT":69.621161172971,"ISSUED_COMMON_SHARES":3892727833,"HK_COMMON_SHARES":3892727833,"PER_SHARES":1000,"TOTAL_MARKET_CAP":6617637316.1,"HKSK_MARKET_CAP":6617637316.1,"PE_TTM":-14.864336859958,"PB_TTM":0.526596715076,"REPORT_DATE_SQ":"2022-06-30 00:00:00","REPORT_TYPE_SQ":"2022年中报","OPERATE_INCOME_SQ":8706955000,"DPS_HKD":null,"OPERATE_INCOME_QOQ_SQ":9.22176853673,"NET_PROFIT_RATIO_SQ":2.2984039771,"HOLDER_PROFIT_SQ":219326000,"HOLDER_PROFIT_QOQ_SQ":-45.952608959086,"ROE_AVG_SQ":1.658553096446,"PE_TTM_SQ":-6.252080100113,"PB_TTM_SQ":0.424151419047,"ROA_SQ":0.641910351617,"START_DATE":"2023-01-01 00:00:00","FISCAL_YEAR":"12-31","CURRENCY":"HKD","IS_CNY_CODE":0,"DPS_HKD_LY":0.024723,"ORG_TYPE":"一般企业","PREMIUM_INCOME":null,"PREMIUM_INCOME_YOY":null,"NET_INTEREST_INCOME":null,"NET_INTEREST_INCOME_YOY":null,"FEE_COMMISSION_INCOME":null,"FEE_COMMISSION_INCOME_YOY":null,"ACCOUNTS_RECE_TDAYS":7.706772359681,"INVENTORY_TDAYS":1.746843586812,"CURRENT_ASSETS_TDAYS":0.736586626675,"TOTAL_ASSETS_TDAYS":0.203521953806,"PREMIUM_EXPENSE":null,"LOAN_DEPOSIT":null,"LOAN_EQUITY":null,"LOAN_ASSETS":null,"DEPOSIT_EQUITY":null,"DEPOSIT_ASSETS":null,"EQUITY_MULTIPLIER":3.462714719914,"EQUITY_RATIO":2.757968255647},{"SECUCODE":"09858.HK","SECURITY_CODE":"09858","SECURITY_NAME_ABBR":"优然牧业","ORG_CODE":"10000143838","STD_REPORT_DATE":"2022-12-31 00:00:00","REPORT_DATE":"2022-12-31 00:00:00","DATE_TYPE_CODE":"001","REPORT_TYPE":"2022年年报","PER_NETCASH_OPERATE":0.671279789978,"PER_OI":4.755952462505,"BPS":3.355936135389,"BASIC_EPS":0.11,"DILUTED_EPS":0.11,"OPERATE_INCOME":18050761000,"OPERATE_INCOME_YOY":17.6239056958,"GROSS_PROFIT":4223722000,"GROSS_PROFIT_YOY":-10.027885948579,"HOLDER_PROFIT":414771000,"HOLDER_PROFIT_YOY":-73.3782579896,"GROSS_PROFIT_RATIO":23.399135360554,"EPS_TTM":0.10928243739,"OPERATE_INCOME_QOQ":7.692731285746,"NET_PROFIT_RATIO":2.2491350919,"ROE_AVG":3.160803358947,"GROSS_PROFIT_QOQ":-9.216682274659,"ROA":1.100072252323,"HOLDER_PROFIT_QOQ":-50.743705667126,"ROE_YEARLY":3.160803358947,"ROIC_YEARLY":1.203247952261,"TOTAL_ASSETS":43446317000,"TOTAL_LIABILITIES":28695188000,"TAX_EBT":14.57781892398,"OCF_SALES":14.114518495924,"TOTAL_PARENT_EQUITY":13063746000,"DEBT_ASSET_RATIO":66.0474580619,"OPERATE_PROFIT":1608282000,"PRETAX_PROFIT":475270000,"NETCASH_OPERATE":2547778000,"NETCASH_INVEST":-10783819000,"NETCASH_FINANCE":8051843000,"END_CASH":1452253000,"DIVI_RATIO":null,"DIVIDEND_RATE":null,"CURRENT_RATIO":0.581475917815,"COMMON_ACS":10000000000,"CURRENTDEBT_DEBT":69.336656724465,"ISSUED_COMMON_SHARES":3892727833,"HK_COMMON_SHARES":3892727833,"PER_SHARES":1000,"TOTAL_MARKET_CAP":6500855481.11,"HKSK_MARKET_CAP":6500855481.11,"PE_TTM":-14.602025033017,"PB_TTM":0.517303831868,"REPORT_DATE_SQ":"2021-12-31 00:00:00","REPORT_TYPE_SQ":"2021年年报","OPERATE_INCOME_SQ":15346167000,"DPS_HKD":null,"OPERATE_INCOME_QOQ_SQ":11.782990683274,"NET_PROFIT_RATIO_SQ":13.1708197884,"HOLDER_PROFIT_SQ":1558016000,"HOLDER_PROFIT_QOQ_SQ":0.858061538322,"ROE_AVG_SQ":14.837456994554,"PE_TTM_SQ":-6.252080100113,"PB_TTM_SQ":0.424151419047,"ROA_SQ":5.75310829901,"START_DATE":"2022-01-01 00:00:00","FISCAL_YEAR":"12-31","CURRENCY":"HKD","IS_CNY_CODE":0,"DPS_HKD_LY":null,"ORG_TYPE":"一般企业","PREMIUM_INCOME":null,"PREMIUM_INCOME_YOY":null,"NET_INTEREST_INCOME":null,"NET_INTEREST_INCOME_YOY":null,"FEE_COMMISSION_INCOME":null,"FEE_COMMISSION_INCOME_YOY":null,"ACCOUNTS_RECE_TDAYS":14.353528811407,"INVENTORY_TDAYS":3.448606382361,"CURRENT_ASSETS_TDAYS":1.897745578557,"TOTAL_ASSETS_TDAYS":0.478749510198,"PREMIUM_EXPENSE":null,"LOAN_DEPOSIT":null,"LOAN_EQUITY":null,"LOAN_ASSETS":null,"DEPOSIT_EQUITY":null,"DEPOSIT_ASSETS":null,"EQUITY_MULTIPLIER":2.945287577652,"EQUITY_RATIO":2.196551280161},{"SECUCODE":"09858.HK","SECURITY_CODE":"09858","SECURITY_NAME_ABBR":"优然牧业","ORG_CODE":"10000143838","STD_REPORT_DATE":"2022-06-30 00:00:00","REPORT_DATE":"2022-06-30 00:00:00","DATE_TYPE_CODE":"002","REPORT_TYPE":"2022年中报","PER_NETCASH_OPERATE":0.490521694133,"PER_OI":2.294078575034,"BPS":3.408139887801,"BASIC_EPS":0.06,"DILUTED_EPS":0.06,"OPERATE_INCOME":8706955000,"OPERATE_INCOME_YOY":19.408025517,"GROSS_PROFIT":2096933000,"GROSS_PROFIT_YOY":-1.961212428368,"HOLDER_PROFIT":219326000,"HOLDER_PROFIT_YOY":-76.5495709818,"GROSS_PROFIT_RATIO":24.083425261759,"EPS_TTM":0.221864918728,"OPERATE_INCOME_QOQ":9.22176853673,"NET_PROFIT_RATIO":2.2984039771,"ROE_AVG":1.658553096446,"GROSS_PROFIT_QOQ":-0.893560286456,"ROA":0.641910351617,"HOLDER_PROFIT_QOQ":-45.952608959086,"ROE_YEARLY":3.317106192891,"ROIC_YEARLY":1.454513501606,"TOTAL_ASSETS":36373760000,"TOTAL_LIABILITIES":21427079000,"TAX_EBT":14.260558854528,"OCF_SALES":21.382079039113,"TOTAL_PARENT_EQUITY":13266961000,"DEBT_ASSET_RATIO":58.9080672441,"OPERATE_PROFIT":743220000,"PRETAX_PROFIT":233406000,"NETCASH_OPERATE":1861728000,"NETCASH_INVEST":-4215724000,"NETCASH_FINANCE":3736490000,"END_CASH":3013284000,"DIVI_RATIO":null,"DIVIDEND_RATE":null,"CURRENT_RATIO":0.593467549025,"COMMON_ACS":10000000000,"CURRENTDEBT_DEBT":64.666093777878,"ISSUED_COMMON_SHARES":3892727833,"HK_COMMON_SHARES":3892727833,"PER_SHARES":1000,"TOTAL_MARKET_CAP":6500855481.11,"HKSK_MARKET_CAP":6500855481.11,"PE_TTM":-14.602025033017,"PB_TTM":0.517303831868,"REPORT_DATE_SQ":"2021-06-30 00:00:00","REPORT_TYPE_SQ":"2021年中报","OPERATE_INCOME_SQ":7291767000,"DPS_HKD":null,"OPERATE_INCOME_QOQ_SQ":16.529223054198,"NET_PROFIT_RATIO_SQ":16.2857370511,"HOLDER_PROFIT_SQ":935275000,"HOLDER_PROFIT_QOQ_SQ":15.217473997472,"ROE_AVG_SQ":9.192807558768,"PE_TTM_SQ":-6.252080100113,"PB_TTM_SQ":0.424151419047,"ROA_SQ":3.721078513792,"START_DATE":"2022-01-01 00:00:00","FISCAL_YEAR":"12-31","CURRENCY":"HKD","IS_CNY_CODE":0,"DPS_HKD_LY":null,"ORG_TYPE":"一般企业","PREMIUM_INCOME":null,"PREMIUM_INCOME_YOY":null,"NET_INTEREST_INCOME":null,"NET_INTEREST_INCOME_YOY":null,"FEE_COMMISSION_INCOME":null,"FEE_COMMISSION_INCOME_YOY":null,"ACCOUNTS_RECE_TDAYS":6.57839642542,"INVENTORY_TDAYS":2.333063261276,"CURRENT_ASSETS_TDAYS":1.110773538423,"TOTAL_ASSETS_TDAYS":0.254830003993,"PREMIUM_EXPENSE":null,"LOAN_DEPOSIT":null,"LOAN_EQUITY":null,"LOAN_ASSETS":null,"DEPOSIT_EQUITY":null,"DEPOSIT_ASSETS":null,"EQUITY_MULTIPLIER":2.433567693056,"EQUITY_RATIO":1.615070625443},{"SECUCODE":"09858.HK","SECURITY_CODE":"09858","SECURITY_NAME_ABBR":"优然牧业","ORG_CODE":"10000143838","STD_REPORT_DATE":"2021-12-31 00:00:00","REPORT_DATE":"2021-12-31 00:00:00","DATE_TYPE_CODE":"001","REPORT_TYPE":"2021年年报","PER_NETCASH_OPERATE":0.597040525857,"PER_OI":4.04335533187,"BPS":3.386034566368,"BASIC_EPS":0.44,"DILUTED_EPS":0.44,"OPERATE_INCOME":15346167000,"OPERATE_INCOME_YOY":30.25985055,"GROSS_PROFIT":4694479000,"GROSS_PROFIT_YOY":30.286673593858,"HOLDER_PROFIT":1558016000,"HOLDER_PROFIT_YOY":16.2061108273,"GROSS_PROFIT_RATIO":30.590563754454,"EPS_TTM":0.410500700321,"OPERATE_INCOME_QOQ":11.782990683274,"NET_PROFIT_RATIO":13.1708197884,"ROE_AVG":14.837456994554,"GROSS_PROFIT_QOQ":13.536971208472,"ROA":5.75310829901,"HOLDER_PROFIT_QOQ":0.858061538322,"ROE_YEARLY":14.837456994554,"ROIC_YEARLY":6.63328190322,"TOTAL_ASSETS":31961639000,"TOTAL_LIABILITIES":17081728000,"TAX_EBT":3.537242051741,"OCF_SALES":14.765967293331,"TOTAL_PARENT_EQUITY":13180911000,"DEBT_ASSET_RATIO":53.4444682264,"OPERATE_PROFIT":2827753000,"PRETAX_PROFIT":2095333000,"NETCASH_OPERATE":2266010000,"NETCASH_INVEST":-8696940000,"NETCASH_FINANCE":5424302000,"END_CASH":1627420000,"DIVI_RATIO":null,"DIVIDEND_RATE":null,"CURRENT_RATIO":0.659194572756,"COMMON_ACS":10000000000,"CURRENTDEBT_DEBT":66.199309578047,"ISSUED_COMMON_SHARES":3892727833,"HK_COMMON_SHARES":3892727833,"PER_SHARES":1000,"TOTAL_MARKET_CAP":6617637316.1,"HKSK_MARKET_CAP":6617637316.1,"PE_TTM":-14.864336859958,"PB_TTM":0.526596715076,"REPORT_DATE_SQ":"2020-12-31 00:00:00","REPORT_TYPE_SQ":"2020年年报","OPERATE_INCOME_SQ":11781195000,"DPS_HKD":null,"OPERATE_INCOME_QOQ_SQ":23.036022609179,"NET_PROFIT_RATIO_SQ":13.0770265665,"HOLDER_PROFIT_SQ":1340735000,"HOLDER_PROFIT_QOQ_SQ":14.806746593436,"ROE_AVG_SQ":20.298747307632,"PE_TTM_SQ":-6.252080100113,"PB_TTM_SQ":0.424151419047,"ROA_SQ":8.341141867971,"START_DATE":"2021-01-01 00:00:00","FISCAL_YEAR":"12-31","CURRENCY":"HKD","IS_CNY_CODE":0,"DPS_HKD_LY":null,"ORG_TYPE":"一般企业","PREMIUM_INCOME":null,"PREMIUM_INCOME_YOY":null,"NET_INTEREST_INCOME":null,"NET_INTEREST_INCOME_YOY":null,"FEE_COMMISSION_INCOME":null,"FEE_COMMISSION_INCOME_YOY":null,"ACCOUNTS_RECE_TDAYS":14.865498537538,"INVENTORY_TDAYS":4.02081356668,"CURRENT_ASSETS_TDAYS":2.214540553134,"TOTAL_ASSETS_TDAYS":0.566670436797,"PREMIUM_EXPENSE":null,"LOAN_DEPOSIT":null,"LOAN_EQUITY":null,"LOAN_ASSETS":null,"DEPOSIT_EQUITY":null,"DEPOSIT_ASSETS":null,"EQUITY_MULTIPLIER":2.14797245763,"EQUITY_RATIO":1.295944415375},{"SECUCODE":"09858.HK","SECURITY_CODE":"09858","SECURITY_NAME_ABBR":"优然牧业","ORG_CODE":"10000143838","STD_REPORT_DATE":"2021-06-30 00:00:00","REPORT_DATE":"2021-06-30 00:00:00","DATE_TYPE_CODE":"002","REPORT_TYPE":"2021年中报","PER_NETCASH_OPERATE":0.420052779625,"PER_OI":1.921209705212,"BPS":3.218248369125,"BASIC_EPS":0.28,"DILUTED_EPS":0.27,"OPERATE_INCOME":7291767000,"OPERATE_INCOME_YOY":36.4368341078,"GROSS_PROFIT":2138881000,"GROSS_PROFIT_YOY":33.071675433876,"HOLDER_PROFIT":935275000,"HOLDER_PROFIT_YOY":27.9010296082,"GROSS_PROFIT_RATIO":29.332821523233,"EPS_TTM":0.407008318482,"OPERATE_INCOME_QOQ":16.529223054198,"NET_PROFIT_RATIO":16.2857370511,"ROE_AVG":9.192807558768,"GROSS_PROFIT_QOQ":14.752641546717,"ROA":3.721078513792,"HOLDER_PROFIT_QOQ":15.217473997472,"ROE_YEARLY":18.385615117535,"ROIC_YEARLY":9.093027227262,"TOTAL_ASSETS":28068085000,"TOTAL_LIABILITIES":14050849000,"TAX_EBT":2.396128452145,"OCF_SALES":21.86397343744,"TOTAL_PARENT_EQUITY":12527765000,"DEBT_ASSET_RATIO":50.0598776154,"OPERATE_PROFIT":1514326000,"PRETAX_PROFIT":1216671000,"NETCASH_OPERATE":1594270000,"NETCASH_INVEST":-4792354000,"NETCASH_FINANCE":4338447000,"END_CASH":3776602000,"DIVI_RATIO":null,"DIVIDEND_RATE":null,"CURRENT_RATIO":0.8115319986,"COMMON_ACS":10000000000,"CURRENTDEBT_DEBT":66.41948824587,"ISSUED_COMMON_SHARES":3892727833,"HK_COMMON_SHARES":3892727833,"PER_SHARES":1000,"TOTAL_MARKET_CAP":6617637316.1,"HKSK_MARKET_CAP":6617637316.1,"PE_TTM":-14.864336859958,"PB_TTM":0.526596715076,"REPORT_DATE_SQ":"2020-06-30 00:00:00","REPORT_TYPE_SQ":"2020年中报","OPERATE_INCOME_SQ":5344427000,"DPS_HKD":null,"OPERATE_INCOME_QOQ_SQ":24.877807480564,"NET_PROFIT_RATIO_SQ":13.9221473135,"HOLDER_PROFIT_SQ":731249000,"HOLDER_PROFIT_QOQ_SQ":45.634769205444,"ROE_AVG_SQ":10.605787453782,"PE_TTM_SQ":-6.252080100113,"PB_TTM_SQ":0.424151419047,"ROA_SQ":5.131325806232,"START_DATE":"2021-01-01 00:00:00","FISCAL_YEAR":"12-31","CURRENCY":"HKD","IS_CNY_CODE":0,"DPS_HKD_LY":null,"ORG_TYPE":"一般企业","PREMIUM_INCOME":null,"PREMIUM_INCOME_YOY":null,"NET_INTEREST_INCOME":null,"NET_INTEREST_INCOME_YOY":null,"FEE_COMMISSION_INCOME":null,"FEE_COMMISSION_INCOME_YOY":null,"ACCOUNTS_RECE_TDAYS":7.193794709847,"INVENTORY_TDAYS":2.892277537934,"CURRENT_ASSETS_TDAYS":1.043251839198,"TOTAL_ASSETS_TDAYS":0.290109727206,"PREMIUM_EXPENSE":null,"LOAN_DEPOSIT":null,"LOAN_EQUITY":null,"LOAN_ASSETS":null,"DEPOSIT_EQUITY":null,"DEPOSIT_ASSETS":null,"EQUITY_MULTIPLIER":2.002397976318,"EQUITY_RATIO":1.121576673892},{"SECUCODE":"09858.HK","SECURITY_CODE":"09858","SECURITY_NAME_ABBR":"优然牧业","ORG_CODE":"10000143838","STD_REPORT_DATE":"2020-12-31 00:00:00","REPORT_DATE":"2020-12-31 00:00:00","DATE_TYPE_CODE":"001","REPORT_TYPE":"2020年年报","PER_NETCASH_OPERATE":0.50884417753,"PER_OI":3.510096769658,"BPS":2.008927501611,"BASIC_EPS":0.41,"DILUTED_EPS":0.4,"OPERATE_INCOME":11781195000,"OPERATE_INCOME_YOY":53.6446874456,"GROSS_PROFIT":3603192000,"GROSS_PROFIT_YOY":91.023082713942,"HOLDER_PROFIT":1340735000,"HOLDER_PROFIT_YOY":67.1985404336,"GROSS_PROFIT_RATIO":30.584265857581,"EPS_TTM":0.399459442991,"OPERATE_INCOME_QOQ":23.036022609179,"NET_PROFIT_RATIO":13.0770265665,"ROE_AVG":20.298747307632,"GROSS_PROFIT_QOQ":36.660029355877,"ROA":8.341141867971,"HOLDER_PROFIT_QOQ":14.806746593436,"ROE_YEARLY":20.298747307632,"ROIC_YEARLY":9.674599337581,"TOTAL_ASSETS":22200943000,"TOTAL_LIABILITIES":13139407000,"TAX_EBT":3.374549605346,"OCF_SALES":14.49658544825,"TOTAL_PARENT_EQUITY":7820208000,"DEBT_ASSET_RATIO":59.1840040308,"OPERATE_PROFIT":1904235000,"PRETAX_PROFIT":1594435000,"NETCASH_OPERATE":1707871000,"NETCASH_INVEST":-4752812000,"NETCASH_FINANCE":5093578000,"END_CASH":2619113000,"DIVI_RATIO":null,"DIVIDEND_RATE":null,"CURRENT_RATIO":0.922407312789,"COMMON_ACS":10000000000,"CURRENTDEBT_DEBT":52.849477910228,"ISSUED_COMMON_SHARES":3892727833,"HK_COMMON_SHARES":3892727833,"PER_SHARES":1000,"TOTAL_MARKET_CAP":6500855481.11,"HKSK_MARKET_CAP":6500855481.11,"PE_TTM":-14.602025033017,"PB_TTM":0.517303831868,"REPORT_DATE_SQ":"2019-12-31 00:00:00","REPORT_TYPE_SQ":"2019年年报","OPERATE_INCOME_SQ":7667818000,"DPS_HKD":null,"OPERATE_INCOME_QOQ_SQ":21.059596584737,"NET_PROFIT_RATIO_SQ":10.457759952,"HOLDER_PROFIT_SQ":801882000,"HOLDER_PROFIT_QOQ_SQ":22.824710086434,"ROE_AVG_SQ":16.07339365685,"PE_TTM_SQ":-6.252080100113,"PB_TTM_SQ":0.424151419047,"ROA_SQ":9.05481793976,"START_DATE":"2020-01-01 00:00:00","FISCAL_YEAR":"12-31","CURRENCY":"HKD","IS_CNY_CODE":0,"DPS_HKD_LY":null,"ORG_TYPE":"一般企业","PREMIUM_INCOME":null,"PREMIUM_INCOME_YOY":null,"NET_INTEREST_INCOME":null,"NET_INTEREST_INCOME_YOY":null,"FEE_COMMISSION_INCOME":null,"FEE_COMMISSION_INCOME_YOY":null,"ACCOUNTS_RECE_TDAYS":12.326146251945,"INVENTORY_TDAYS":5.564344255742,"CURRENT_ASSETS_TDAYS":2.493622646062,"TOTAL_ASSETS_TDAYS":0.732945875727,"PREMIUM_EXPENSE":null,"LOAN_DEPOSIT":null,"LOAN_EQUITY":null,"LOAN_ASSETS":null,"DEPOSIT_EQUITY":null,"DEPOSIT_ASSETS":null,"EQUITY_MULTIPLIER":2.450019842109,"EQUITY_RATIO":1.680186383789},{"SECUCODE":"09858.HK","SECURITY_CODE":"09858","SECURITY_NAME_ABBR":"优然牧业","ORG_CODE":"10000143838","STD_REPORT_DATE":"2020-06-30 00:00:00","REPORT_DATE":"2020-06-30 00:00:00","DATE_TYPE_CODE":"002","REPORT_TYPE":"2020年中报","PER_NETCASH_OPERATE":0.796529347591,"PER_OI":3.4396246315,"BPS":2.15781923637,"BASIC_EPS":0.23,"DILUTED_EPS":null,"OPERATE_INCOME":5344427000,"OPERATE_INCOME_YOY":55.5040062942,"GROSS_PROFIT":1607315000,"GROSS_PROFIT_YOY":87.559001826212,"HOLDER_PROFIT":731249000,"HOLDER_PROFIT_YOY":100.1710866328,"GROSS_PROFIT_RATIO":30.074599203993,"EPS_TTM":0.751597691864,"OPERATE_INCOME_QOQ":24.877807480564,"NET_PROFIT_RATIO":13.9221473135,"ROE_AVG":10.605787453782,"GROSS_PROFIT_QOQ":39.779775852746,"ROA":5.131325806232,"HOLDER_PROFIT_QOQ":45.634769205444,"ROE_YEARLY":21.211574907565,"ROIC_YEARLY":11.566259533774,"TOTAL_ASSETS":18554793000,"TOTAL_LIABILITIES":9107644000,"TAX_EBT":3.437557994516,"OCF_SALES":23.157449807061,"TOTAL_PARENT_EQUITY":8399803000,"DEBT_ASSET_RATIO":49.0851285703,"OPERATE_PROFIT":923032000,"PRETAX_PROFIT":770547000,"NETCASH_OPERATE":1237633000,"NETCASH_INVEST":-2729006000,"NETCASH_FINANCE":2515402000,"END_CASH":1594505000,"DIVI_RATIO":null,"DIVIDEND_RATE":null,"CURRENT_RATIO":0.700695046173,"COMMON_ACS":10000000000,"CURRENTDEBT_DEBT":68.08438054891,"ISSUED_COMMON_SHARES":3892727833,"HK_COMMON_SHARES":3892727833,"PER_SHARES":1000,"TOTAL_MARKET_CAP":6500855481.11,"HKSK_MARKET_CAP":6500855481.11,"PE_TTM":-14.602025033017,"PB_TTM":0.517303831868,"REPORT_DATE_SQ":"2019-06-30 00:00:00","REPORT_TYPE_SQ":"2019年中报","OPERATE_INCOME_SQ":3436842000,"DPS_HKD":null,"OPERATE_INCOME_QOQ_SQ":0,"NET_PROFIT_RATIO_SQ":10.6292928217,"HOLDER_PROFIT_SQ":365312000,"HOLDER_PROFIT_QOQ_SQ":0,"ROE_AVG_SQ":null,"PE_TTM_SQ":-6.252080100113,"PB_TTM_SQ":0.424151419047,"ROA_SQ":null,"START_DATE":"2020-01-01 00:00:00","FISCAL_YEAR":"12-31","CURRENCY":"HKD","IS_CNY_CODE":0,"DPS_HKD_LY":null,"ORG_TYPE":"一般企业","PREMIUM_INCOME":null,"PREMIUM_INCOME_YOY":null,"NET_INTEREST_INCOME":null,"NET_INTEREST_INCOME_YOY":null,"FEE_COMMISSION_INCOME":null,"FEE_COMMISSION_INCOME_YOY":null,"ACCOUNTS_RECE_TDAYS":5.571167965008,"INVENTORY_TDAYS":3.469758437959,"CURRENT_ASSETS_TDAYS":1.446650367886,"TOTAL_ASSETS_TDAYS":0.375029520514,"PREMIUM_EXPENSE":null,"LOAN_DEPOSIT":null,"LOAN_EQUITY":null,"LOAN_ASSETS":null,"DEPOSIT_EQUITY":null,"DEPOSIT_ASSETS":null,"EQUITY_MULTIPLIER":1.964062702939,"EQUITY_RATIO":1.084268762017}],"count":13},"success":true,"message":"ok","code":0}