{"version":"0e8213df1359a6f08ec4007727716278","result":{"pages":2,"data":[{"SECUCODE":"09857.HK","SECURITY_CODE":"09857","SECURITY_NAME_ABBR":"柠萌影视","ORG_CODE":"10000263551","STD_REPORT_DATE":"2024-06-30 00:00:00","REPORT_DATE":"2024-06-30 00:00:00","DATE_TYPE_CODE":"002","REPORT_TYPE":"2024年中报","PER_NETCASH_OPERATE":-0.365584053984,"PER_OI":0.534122025903,"BPS":6.784426827893,"BASIC_EPS":-0.15,"DILUTED_EPS":-0.15,"OPERATE_INCOME":192529000,"OPERATE_INCOME_YOY":-54.3923608644,"GROSS_PROFIT":43037000,"GROSS_PROFIT_YOY":-79.49496152655,"HOLDER_PROFIT":-52572000,"HOLDER_PROFIT_YOY":-140.1460076975,"GROSS_PROFIT_RATIO":22.353515574277,"EPS_TTM":0.083515779274,"OPERATE_INCOME_QOQ":-18.79374864948,"NET_PROFIT_RATIO":-27.4659921362,"ROE_AVG":-2.093932208885,"GROSS_PROFIT_QOQ":-34.644662145607,"ROA":-1.511219016086,"HOLDER_PROFIT_QOQ":-85.908214279027,"ROE_YEARLY":-4.18786441777,"ROIC_YEARLY":-4.564486658045,"TOTAL_ASSETS":3390056000,"TOTAL_LIABILITIES":941541000,"TAX_EBT":-13.481265290356,"OCF_SALES":-68.445792581897,"TOTAL_PARENT_EQUITY":2446823000,"DEBT_ASSET_RATIO":27.7736119993,"OPERATE_PROFIT":-45272000,"PRETAX_PROFIT":-46598000,"NETCASH_OPERATE":-131778000,"NETCASH_INVEST":358197000,"NETCASH_FINANCE":17613000,"END_CASH":974684000,"DIVI_RATIO":2.593773514945,"DIVIDEND_RATE":7.446666666667,"CURRENT_RATIO":7.144056987405,"COMMON_ACS":2000000000,"CURRENTDEBT_DEBT":45.131969823938,"ISSUED_COMMON_SHARES":360652869,"HK_COMMON_SHARES":360652869,"PER_SHARES":100,"TOTAL_MARKET_CAP":1157695709.49,"HKSK_MARKET_CAP":1157695709.49,"PE_TTM":32.069120758372,"PB_TTM":0.431827606712,"REPORT_DATE_SQ":"2023-06-30 00:00:00","REPORT_TYPE_SQ":"2023年中报","OPERATE_INCOME_SQ":422142000,"DPS_HKD":0.239038,"OPERATE_INCOME_QOQ_SQ":-6.104245119915,"NET_PROFIT_RATIO_SQ":31.0208413283,"HOLDER_PROFIT_SQ":130952000,"HOLDER_PROFIT_QOQ_SQ":26.790285697112,"ROE_AVG_SQ":5.323504141558,"PE_TTM_SQ":-3.836774532967,"PB_TTM_SQ":0.840925094773,"ROA_SQ":3.959071175878,"START_DATE":"2024-01-01 00:00:00","FISCAL_YEAR":"12-31","CURRENCY":"HKD","IS_CNY_CODE":0,"DPS_HKD_LY":0.239038,"ORG_TYPE":"一般企业","PREMIUM_INCOME":null,"PREMIUM_INCOME_YOY":null,"NET_INTEREST_INCOME":null,"NET_INTEREST_INCOME_YOY":null,"FEE_COMMISSION_INCOME":null,"FEE_COMMISSION_INCOME_YOY":null,"ACCOUNTS_RECE_TDAYS":0.448397772556,"INVENTORY_TDAYS":0.239332905873,"CURRENT_ASSETS_TDAYS":0.061109880281,"TOTAL_ASSETS_TDAYS":0.055343811525,"PREMIUM_EXPENSE":null,"LOAN_DEPOSIT":null,"LOAN_EQUITY":null,"LOAN_ASSETS":null,"DEPOSIT_EQUITY":null,"DEPOSIT_ASSETS":null,"EQUITY_MULTIPLIER":1.384535524593,"EQUITY_RATIO":0.38480143435},{"SECUCODE":"09857.HK","SECURITY_CODE":"09857","SECURITY_NAME_ABBR":"柠萌影视","ORG_CODE":"10000263551","STD_REPORT_DATE":"2023-12-31 00:00:00","REPORT_DATE":"2023-12-31 00:00:00","DATE_TYPE_CODE":"001","REPORT_TYPE":"2023年年报","PER_NETCASH_OPERATE":0.981737639724,"PER_OI":3.389435635103,"BPS":7.138562372008,"BASIC_EPS":0.59,"DILUTED_EPS":0.59,"OPERATE_INCOME":1221752000,"OPERATE_INCOME_YOY":28.4069160425,"GROSS_PROFIT":481598000,"GROSS_PROFIT_YOY":28.77468347661,"HOLDER_PROFIT":213628000,"HOLDER_PROFIT_YOY":129.1827975203,"GROSS_PROFIT_RATIO":39.418638152424,"EPS_TTM":0.592655756533,"OPERATE_INCOME_QOQ":36.754761923417,"NET_PROFIT_RATIO":17.4853816486,"ROE_AVG":8.605334970926,"GROSS_PROFIT_QOQ":22.006632364826,"ROA":6.23755608612,"HOLDER_PROFIT_QOQ":139.861919689506,"ROE_YEARLY":8.605334970926,"ROIC_YEARLY":9.974874641692,"TOTAL_ASSETS":3567506000,"TOTAL_LIABILITIES":992963000,"TAX_EBT":25.173556382181,"OCF_SALES":28.964634393887,"TOTAL_PARENT_EQUITY":2574543000,"DEBT_ASSET_RATIO":27.8335341272,"OPERATE_PROFIT":287740000,"PRETAX_PROFIT":285498000,"NETCASH_OPERATE":353876000,"NETCASH_INVEST":-296930000,"NETCASH_FINANCE":-89268000,"END_CASH":716171000,"DIVI_RATIO":0.365509005813,"DIVIDEND_RATE":8.328850174216,"CURRENT_RATIO":6.132312066647,"COMMON_ACS":2000000000,"CURRENTDEBT_DEBT":53.624958835324,"ISSUED_COMMON_SHARES":360652869,"HK_COMMON_SHARES":360652869,"PER_SHARES":100,"TOTAL_MARKET_CAP":1035073734.03,"HKSK_MARKET_CAP":1035073734.03,"PE_TTM":28.672391456862,"PB_TTM":0.386088857091,"REPORT_DATE_SQ":"2022-12-31 00:00:00","REPORT_TYPE_SQ":"2022年年报","OPERATE_INCOME_SQ":951469000,"DPS_HKD":0.239038,"OPERATE_INCOME_QOQ_SQ":-18.242943659261,"NET_PROFIT_RATIO_SQ":-76.9372412554,"HOLDER_PROFIT_SQ":-732034000,"HOLDER_PROFIT_QOQ_SQ":-734.359897875445,"ROE_AVG_SQ":-137.086302306201,"PE_TTM_SQ":-4.819948007039,"PB_TTM_SQ":1.056412150308,"ROA_SQ":-23.442435402198,"START_DATE":"2023-01-01 00:00:00","FISCAL_YEAR":"12-31","CURRENCY":"HKD","IS_CNY_CODE":0,"DPS_HKD_LY":null,"ORG_TYPE":"一般企业","PREMIUM_INCOME":null,"PREMIUM_INCOME_YOY":null,"NET_INTEREST_INCOME":null,"NET_INTEREST_INCOME_YOY":null,"FEE_COMMISSION_INCOME":null,"FEE_COMMISSION_INCOME_YOY":null,"ACCOUNTS_RECE_TDAYS":2.564507732868,"INVENTORY_TDAYS":1.281693006616,"CURRENT_ASSETS_TDAYS":0.389478192524,"TOTAL_ASSETS_TDAYS":0.356729764981,"PREMIUM_EXPENSE":null,"LOAN_DEPOSIT":null,"LOAN_EQUITY":null,"LOAN_ASSETS":null,"DEPOSIT_EQUITY":null,"DEPOSIT_ASSETS":null,"EQUITY_MULTIPLIER":1.385685148782,"EQUITY_RATIO":0.385685148782},{"SECUCODE":"09857.HK","SECURITY_CODE":"09857","SECURITY_NAME_ABBR":"柠萌影视","ORG_CODE":"10000263551","STD_REPORT_DATE":"2023-06-30 00:00:00","REPORT_DATE":"2023-06-30 00:00:00","DATE_TYPE_CODE":"002","REPORT_TYPE":"2023年中报","PER_NETCASH_OPERATE":0.45153839192,"PER_OI":1.1711240398,"BPS":7.013106555933,"BASIC_EPS":0.36,"DILUTED_EPS":0.36,"OPERATE_INCOME":422142000,"OPERATE_INCOME_YOY":-12.0944063371,"GROSS_PROFIT":209885000,"GROSS_PROFIT_YOY":10.968652684005,"HOLDER_PROFIT":130952000,"HOLDER_PROFIT_YOY":300.9637518799,"GROSS_PROFIT_RATIO":49.719051883016,"EPS_TTM":-1.486771738916,"OPERATE_INCOME_QOQ":-6.104245119915,"NET_PROFIT_RATIO":31.0208413283,"ROE_AVG":5.323504141558,"GROSS_PROFIT_QOQ":5.547281308074,"ROA":3.959071175878,"HOLDER_PROFIT_QOQ":26.790285697112,"ROE_YEARLY":10.647008283116,"ROIC_YEARLY":13.117013593606,"TOTAL_ASSETS":3333061000,"TOTAL_LIABILITIES":803764000,"TAX_EBT":21.606752671436,"OCF_SALES":38.555983531608,"TOTAL_PARENT_EQUITY":2529297000,"DEBT_ASSET_RATIO":24.1148901865,"OPERATE_PROFIT":168427000,"PRETAX_PROFIT":167045000,"NETCASH_OPERATE":162761000,"NETCASH_INVEST":-51779000,"NETCASH_FINANCE":-10699000,"END_CASH":849270000,"DIVI_RATIO":-0.145698906355,"DIVIDEND_RATE":8.328850174216,"CURRENT_RATIO":7.017838463837,"COMMON_ACS":2000000000,"CURRENTDEBT_DEBT":53.285292697857,"ISSUED_COMMON_SHARES":360652869,"HK_COMMON_SHARES":360652869,"PER_SHARES":100,"TOTAL_MARKET_CAP":1035073734.03,"HKSK_MARKET_CAP":1035073734.03,"PE_TTM":28.672391456862,"PB_TTM":0.386088857091,"REPORT_DATE_SQ":"2022-06-30 00:00:00","REPORT_TYPE_SQ":"2022年中报","OPERATE_INCOME_SQ":480222000,"DPS_HKD":0.239038,"OPERATE_INCOME_QOQ_SQ":-30.376559425532,"NET_PROFIT_RATIO_SQ":-13.569140939,"HOLDER_PROFIT_SQ":-65162000,"HOLDER_PROFIT_QOQ_SQ":-224.064594586951,"ROE_AVG_SQ":4.840574596306,"PE_TTM_SQ":-4.819948007039,"PB_TTM_SQ":1.056412150308,"ROA_SQ":-2.14291762961,"START_DATE":"2023-01-01 00:00:00","FISCAL_YEAR":"12-31","CURRENCY":"HKD","IS_CNY_CODE":0,"DPS_HKD_LY":null,"ORG_TYPE":"一般企业","PREMIUM_INCOME":null,"PREMIUM_INCOME_YOY":null,"NET_INTEREST_INCOME":null,"NET_INTEREST_INCOME_YOY":null,"FEE_COMMISSION_INCOME":null,"FEE_COMMISSION_INCOME_YOY":null,"ACCOUNTS_RECE_TDAYS":1.348442306402,"INVENTORY_TDAYS":0.304971773979,"CURRENT_ASSETS_TDAYS":0.140383257046,"TOTAL_ASSETS_TDAYS":0.127626170225,"PREMIUM_EXPENSE":null,"LOAN_DEPOSIT":null,"LOAN_EQUITY":null,"LOAN_ASSETS":null,"DEPOSIT_EQUITY":null,"DEPOSIT_ASSETS":null,"EQUITY_MULTIPLIER":1.317781581206,"EQUITY_RATIO":0.317781581206},{"SECUCODE":"09857.HK","SECURITY_CODE":"09857","SECURITY_NAME_ABBR":"柠萌影视","ORG_CODE":"10000263551","STD_REPORT_DATE":"2022-12-31 00:00:00","REPORT_DATE":"2022-12-31 00:00:00","DATE_TYPE_CODE":"001","REPORT_TYPE":"2022年年报","PER_NETCASH_OPERATE":-0.551988143977,"PER_OI":2.639605201625,"BPS":6.628174085037,"BASIC_EPS":-2.95,"DILUTED_EPS":-2.95,"OPERATE_INCOME":951469000,"OPERATE_INCOME_YOY":-23.8193414702,"GROSS_PROFIT":373985000,"GROSS_PROFIT_YOY":-33.101085809348,"HOLDER_PROFIT":-732034000,"HOLDER_PROFIT_YOY":-1301.7697371661,"GROSS_PROFIT_RATIO":39.306062520166,"EPS_TTM":-2.030839422163,"OPERATE_INCOME_QOQ":-18.242943659261,"NET_PROFIT_RATIO":-76.9372412554,"ROE_AVG":-137.086302306201,"GROSS_PROFIT_QOQ":-16.693768265735,"ROA":-23.442435402198,"HOLDER_PROFIT_QOQ":-734.359897875445,"ROE_YEARLY":-137.086302306201,"ROIC_YEARLY":-35.248526684833,"TOTAL_ASSETS":3282228000,"TOTAL_LIABILITIES":891758000,"TAX_EBT":-6.102801882513,"OCF_SALES":-20.911769064468,"TOTAL_PARENT_EQUITY":2390470000,"DEBT_ASSET_RATIO":27.1692886661,"OPERATE_PROFIT":-684066000,"PRETAX_PROFIT":-689929000,"NETCASH_OPERATE":-198969000,"NETCASH_INVEST":-284923000,"NETCASH_FINANCE":329060000,"END_CASH":742750000,"DIVI_RATIO":-0.106665753085,"DIVIDEND_RATE":8.328850174216,"CURRENT_RATIO":5.639116629366,"COMMON_ACS":2000000000,"CURRENTDEBT_DEBT":59.825872041518,"ISSUED_COMMON_SHARES":360652869,"HK_COMMON_SHARES":360652869,"PER_SHARES":100,"TOTAL_MARKET_CAP":1035073734.03,"HKSK_MARKET_CAP":1035073734.03,"PE_TTM":28.672391456862,"PB_TTM":0.386088857091,"REPORT_DATE_SQ":"2021-12-31 00:00:00","REPORT_TYPE_SQ":"2021年年报","OPERATE_INCOME_SQ":1248964000,"DPS_HKD":0.239038,"OPERATE_INCOME_QOQ_SQ":-19.154574565387,"NET_PROFIT_RATIO_SQ":4.8770821257,"HOLDER_PROFIT_SQ":60913000,"HOLDER_PROFIT_QOQ_SQ":-53.569577413257,"ROE_AVG_SQ":-5.380866841368,"PE_TTM_SQ":-4.819948007039,"PB_TTM_SQ":1.056412150308,"ROA_SQ":2.212956511061,"START_DATE":"2022-01-01 00:00:00","FISCAL_YEAR":"12-31","CURRENCY":"HKD","IS_CNY_CODE":0,"DPS_HKD_LY":null,"ORG_TYPE":"一般企业","PREMIUM_INCOME":null,"PREMIUM_INCOME_YOY":null,"NET_INTEREST_INCOME":null,"NET_INTEREST_INCOME_YOY":null,"FEE_COMMISSION_INCOME":null,"FEE_COMMISSION_INCOME_YOY":null,"ACCOUNTS_RECE_TDAYS":2.567582373101,"INVENTORY_TDAYS":0.932822030394,"CURRENT_ASSETS_TDAYS":0.358886386221,"TOTAL_ASSETS_TDAYS":0.30469555471,"PREMIUM_EXPENSE":null,"LOAN_DEPOSIT":null,"LOAN_EQUITY":null,"LOAN_ASSETS":null,"DEPOSIT_EQUITY":null,"DEPOSIT_ASSETS":null,"EQUITY_MULTIPLIER":1.373047141357,"EQUITY_RATIO":0.373047141357},{"SECUCODE":"09857.HK","SECURITY_CODE":"09857","SECURITY_NAME_ABBR":"柠萌影视","ORG_CODE":"10000263551","STD_REPORT_DATE":"2022-06-30 00:00:00","REPORT_DATE":"2022-06-30 00:00:00","DATE_TYPE_CODE":"002","REPORT_TYPE":"2022年中报","PER_NETCASH_OPERATE":1.317411866071,"PER_OI":2.877644581071,"BPS":-3.798236802603,"BASIC_EPS":-0.37,"DILUTED_EPS":-0.37,"OPERATE_INCOME":480222000,"OPERATE_INCOME_YOY":-15.066588847,"GROSS_PROFIT":189139000,"GROSS_PROFIT_YOY":-36.793754866479,"HOLDER_PROFIT":-65162000,"HOLDER_PROFIT_YOY":-178.0504749242,"GROSS_PROFIT_RATIO":39.385742427461,"EPS_TTM":-0.525742312857,"OPERATE_INCOME_QOQ":-30.376559425532,"NET_PROFIT_RATIO":-13.569140939,"ROE_AVG":4.840574596306,"GROSS_PROFIT_QOQ":-35.88235882216,"ROA":-2.14291762961,"HOLDER_PROFIT_QOQ":-224.064594586951,"ROE_YEARLY":9.681149192612,"ROIC_YEARLY":-7.018191971708,"TOTAL_ASSETS":3118468000,"TOTAL_LIABILITIES":4488313000,"TAX_EBT":-58.010621014089,"OCF_SALES":45.780909662614,"TOTAL_PARENT_EQUITY":-1369845000,"DEBT_ASSET_RATIO":143.926857675,"OPERATE_PROFIT":-38197000,"PRETAX_PROFIT":-41239000,"NETCASH_OPERATE":219850000,"NETCASH_INVEST":120833000,"NETCASH_FINANCE":-10531000,"END_CASH":1192772000,"DIVI_RATIO":-0.412028880047,"DIVIDEND_RATE":8.242689655172,"CURRENT_RATIO":0.69727510265,"COMMON_ACS":2000000000,"CURRENTDEBT_DEBT":89.174395814196,"ISSUED_COMMON_SHARES":360652869,"HK_COMMON_SHARES":360652869,"PER_SHARES":100,"TOTAL_MARKET_CAP":1045893320.1,"HKSK_MARKET_CAP":1045893320.1,"PE_TTM":28.972102865819,"PB_TTM":0.390124629117,"REPORT_DATE_SQ":"2021-06-30 00:00:00","REPORT_TYPE_SQ":"2021年中报","OPERATE_INCOME_SQ":565410000,"DPS_HKD":0.239038,"OPERATE_INCOME_QOQ_SQ":8.3244575114,"NET_PROFIT_RATIO_SQ":14.7657452114,"HOLDER_PROFIT_SQ":83487000,"HOLDER_PROFIT_QOQ_SQ":161.703570716138,"ROE_AVG_SQ":-9.282377192261,"PE_TTM_SQ":-4.718033683507,"PB_TTM_SQ":1.034075077478,"ROA_SQ":2.855340951726,"START_DATE":"2022-01-01 00:00:00","FISCAL_YEAR":"12-31","CURRENCY":"HKD","IS_CNY_CODE":0,"DPS_HKD_LY":null,"ORG_TYPE":"一般企业","PREMIUM_INCOME":null,"PREMIUM_INCOME_YOY":null,"NET_INTEREST_INCOME":null,"NET_INTEREST_INCOME_YOY":null,"FEE_COMMISSION_INCOME":null,"FEE_COMMISSION_INCOME_YOY":null,"ACCOUNTS_RECE_TDAYS":1.274872073961,"INVENTORY_TDAYS":0.570212632583,"CURRENT_ASSETS_TDAYS":0.188890765997,"TOTAL_ASSETS_TDAYS":0.157925814114,"PREMIUM_EXPENSE":null,"LOAN_DEPOSIT":null,"LOAN_EQUITY":null,"LOAN_ASSETS":null,"DEPOSIT_EQUITY":null,"DEPOSIT_ASSETS":null,"EQUITY_MULTIPLIER":-2.276511576127,"EQUITY_RATIO":-3.276511576127},{"SECUCODE":"09857.HK","SECURITY_CODE":"09857","SECURITY_NAME_ABBR":"柠萌影视","ORG_CODE":"10000263551","STD_REPORT_DATE":"2022-03-31 00:00:00","REPORT_DATE":"2022-03-31 00:00:00","DATE_TYPE_CODE":"003","REPORT_TYPE":"2022年一季报","PER_NETCASH_OPERATE":1.076705732321,"PER_OI":2.667649672857,"BPS":-3.649952941314,"BASIC_EPS":-0.01,"DILUTED_EPS":-0.01,"OPERATE_INCOME":470648000,"OPERATE_INCOME_YOY":878.8241166317,"GROSS_PROFIT":183179000,"GROSS_PROFIT_YOY":335.663321124483,"HOLDER_PROFIT":-2123000,"HOLDER_PROFIT_YOY":82.2015425889,"GROSS_PROFIT_RATIO":38.920594584488,"EPS_TTM":0.400832149643,"OPERATE_INCOME_QOQ":33.833240990133,"NET_PROFIT_RATIO":-0.4510802128,"ROE_AVG":0.16090366774,"GROSS_PROFIT_QOQ":25.246051195821,"ROA":-0.070404319104,"HOLDER_PROFIT_QOQ":16.096728120434,"ROE_YEARLY":0.643614670958,"ROIC_YEARLY":-0.415324658239,"TOTAL_ASSETS":3067733000,"TOTAL_LIABILITIES":4384099000,"TAX_EBT":108.17481709665,"OCF_SALES":40.361586578505,"TOTAL_PARENT_EQUITY":-1316366000,"DEBT_ASSET_RATIO":142.9100576875,"OPERATE_PROFIT":null,"PRETAX_PROFIT":25970000,"NETCASH_OPERATE":189961000,"NETCASH_INVEST":112559000,"NETCASH_FINANCE":-7784000,"END_CASH":1116597000,"DIVI_RATIO":0.540428247966,"DIVIDEND_RATE":8.328850174216,"CURRENT_RATIO":0.61428427921,"COMMON_ACS":2000000000,"CURRENTDEBT_DEBT":89.008802036633,"ISSUED_COMMON_SHARES":360652869,"HK_COMMON_SHARES":360652869,"PER_SHARES":100,"TOTAL_MARKET_CAP":1035073734.03,"HKSK_MARKET_CAP":1035073734.03,"PE_TTM":28.672391456862,"PB_TTM":0.386088857091,"REPORT_DATE_SQ":"2021-03-31 00:00:00","REPORT_TYPE_SQ":"2021年一季报","OPERATE_INCOME_SQ":48083000,"DPS_HKD":0.239038,"OPERATE_INCOME_QOQ_SQ":0,"NET_PROFIT_RATIO_SQ":-24.807104382,"HOLDER_PROFIT_SQ":-11928000,"HOLDER_PROFIT_QOQ_SQ":0,"ROE_AVG_SQ":null,"PE_TTM_SQ":-4.819948007039,"PB_TTM_SQ":1.056412150308,"ROA_SQ":null,"START_DATE":"2022-01-01 00:00:00","FISCAL_YEAR":"12-31","CURRENCY":"HKD","IS_CNY_CODE":0,"DPS_HKD_LY":null,"ORG_TYPE":"一般企业","PREMIUM_INCOME":null,"PREMIUM_INCOME_YOY":null,"NET_INTEREST_INCOME":null,"NET_INTEREST_INCOME_YOY":null,"FEE_COMMISSION_INCOME":null,"FEE_COMMISSION_INCOME_YOY":null,"ACCOUNTS_RECE_TDAYS":1.060653454547,"INVENTORY_TDAYS":0.633658499489,"CURRENT_ASSETS_TDAYS":0.200662468221,"TOTAL_ASSETS_TDAYS":0.156079378134,"PREMIUM_EXPENSE":null,"LOAN_DEPOSIT":null,"LOAN_EQUITY":null,"LOAN_ASSETS":null,"DEPOSIT_EQUITY":null,"DEPOSIT_ASSETS":null,"EQUITY_MULTIPLIER":-2.330455967416,"EQUITY_RATIO":-3.330455967413},{"SECUCODE":"09857.HK","SECURITY_CODE":"09857","SECURITY_NAME_ABBR":"柠萌影视","ORG_CODE":"10000263551","STD_REPORT_DATE":"2021-12-31 00:00:00","REPORT_DATE":"2021-12-31 00:00:00","DATE_TYPE_CODE":"001","REPORT_TYPE":"2021年年报","PER_NETCASH_OPERATE":2.482555265268,"PER_OI":7.109839084643,"BPS":-3.666905530703,"BASIC_EPS":0.61,"DILUTED_EPS":0.6,"OPERATE_INCOME":1248964000,"OPERATE_INCOME_YOY":-12.4246314752,"GROSS_PROFIT":559030000,"GROSS_PROFIT_YOY":2.432222458388,"HOLDER_PROFIT":60913000,"HOLDER_PROFIT_YOY":21.5100738081,"GROSS_PROFIT_RATIO":44.759496670841,"EPS_TTM":0.346752691161,"OPERATE_INCOME_QOQ":-19.154574565387,"NET_PROFIT_RATIO":4.8770821257,"ROE_AVG":-5.380866841368,"GROSS_PROFIT_QOQ":-18.545673900025,"ROA":2.212956511061,"HOLDER_PROFIT_QOQ":-53.569577413257,"ROE_YEARLY":-5.380866841368,"ROIC_YEARLY":2.674603582326,"TOTAL_ASSETS":2963147000,"TOTAL_LIABILITIES":4285627000,"TAX_EBT":50.792881435346,"OCF_SALES":34.917179358252,"TOTAL_PARENT_EQUITY":-1322480000,"DEBT_ASSET_RATIO":144.6309278615,"OPERATE_PROFIT":126433000,"PRETAX_PROFIT":123789000,"NETCASH_OPERATE":436103000,"NETCASH_INVEST":328896000,"NETCASH_FINANCE":-54017000,"END_CASH":824952000,"DIVI_RATIO":0.624713295331,"DIVIDEND_RATE":8.328850174216,"CURRENT_RATIO":0.586500667204,"COMMON_ACS":2000000000,"CURRENTDEBT_DEBT":91.260788678063,"ISSUED_COMMON_SHARES":360652869,"HK_COMMON_SHARES":360652869,"PER_SHARES":100,"TOTAL_MARKET_CAP":1035073734.03,"HKSK_MARKET_CAP":1035073734.03,"PE_TTM":28.672391456862,"PB_TTM":0.386088857091,"REPORT_DATE_SQ":"2020-12-31 00:00:00","REPORT_TYPE_SQ":"2020年年报","OPERATE_INCOME_SQ":1426159000,"DPS_HKD":0.239038,"OPERATE_INCOME_QOQ_SQ":-20.511224169028,"NET_PROFIT_RATIO_SQ":4.3855558882,"HOLDER_PROFIT_SQ":50130000,"HOLDER_PROFIT_QOQ_SQ":-39.566732167183,"ROE_AVG_SQ":-5.426179122362,"PE_TTM_SQ":-4.819948007039,"PB_TTM_SQ":1.056412150308,"ROA_SQ":1.80826184122,"START_DATE":"2021-01-01 00:00:00","FISCAL_YEAR":"12-31","CURRENCY":"HKD","IS_CNY_CODE":0,"DPS_HKD_LY":null,"ORG_TYPE":"一般企业","PREMIUM_INCOME":null,"PREMIUM_INCOME_YOY":null,"NET_INTEREST_INCOME":null,"NET_INTEREST_INCOME_YOY":null,"FEE_COMMISSION_INCOME":null,"FEE_COMMISSION_INCOME_YOY":null,"ACCOUNTS_RECE_TDAYS":3.894851568822,"INVENTORY_TDAYS":1.548438788736,"CURRENT_ASSETS_TDAYS":0.647620173561,"TOTAL_ASSETS_TDAYS":0.453746000998,"PREMIUM_EXPENSE":null,"LOAN_DEPOSIT":null,"LOAN_EQUITY":null,"LOAN_ASSETS":null,"DEPOSIT_EQUITY":null,"DEPOSIT_ASSETS":null,"EQUITY_MULTIPLIER":-2.24059872361,"EQUITY_RATIO":-3.24059872361},{"SECUCODE":"09857.HK","SECURITY_CODE":"09857","SECURITY_NAME_ABBR":"柠萌影视","ORG_CODE":"10000263551","STD_REPORT_DATE":"2021-06-30 00:00:00","REPORT_DATE":"2021-06-30 00:00:00","DATE_TYPE_CODE":"002","REPORT_TYPE":"2021年中报","PER_NETCASH_OPERATE":1.259446616466,"PER_OI":3.148797535345,"BPS":-2.376936588296,"BASIC_EPS":0.48,"DILUTED_EPS":0.47,"OPERATE_INCOME":565410000,"OPERATE_INCOME_YOY":26.5777160895,"GROSS_PROFIT":299241000,"GROSS_PROFIT_YOY":88.574291367859,"HOLDER_PROFIT":83487000,"HOLDER_PROFIT_YOY":3342.7628865979,"GROSS_PROFIT_RATIO":52.924603385154,"EPS_TTM":0.730615033793,"OPERATE_INCOME_QOQ":8.3244575114,"NET_PROFIT_RATIO":14.7657452114,"ROE_AVG":-9.282377192261,"GROSS_PROFIT_QOQ":25.754183188091,"ROA":2.855340951726,"HOLDER_PROFIT_QOQ":161.703570716138,"ROE_YEARLY":-18.564754384522,"ROIC_YEARLY":6.301055459054,"TOTAL_ASSETS":3305801000,"TOTAL_LIABILITIES":4163050000,"TAX_EBT":26.382201999894,"OCF_SALES":39.997700783502,"TOTAL_PARENT_EQUITY":-857249000,"DEBT_ASSET_RATIO":125.9316577132,"OPERATE_PROFIT":114231000,"PRETAX_PROFIT":113406000,"NETCASH_OPERATE":227105000,"NETCASH_INVEST":94039000,"NETCASH_FINANCE":-23748000,"END_CASH":422650000,"DIVI_RATIO":0.296491320792,"DIVIDEND_RATE":8.242689655172,"CURRENT_RATIO":0.582519330492,"COMMON_ACS":2000000000,"CURRENTDEBT_DEBT":91.6074512677,"ISSUED_COMMON_SHARES":360652869,"HK_COMMON_SHARES":360652869,"PER_SHARES":100,"TOTAL_MARKET_CAP":1045893320.1,"HKSK_MARKET_CAP":1045893320.1,"PE_TTM":28.972102865819,"PB_TTM":0.390124629117,"REPORT_DATE_SQ":"2020-06-30 00:00:00","REPORT_TYPE_SQ":"2020年中报","OPERATE_INCOME_SQ":446690000,"DPS_HKD":0.239038,"OPERATE_INCOME_QOQ_SQ":0,"NET_PROFIT_RATIO_SQ":3.3452730081,"HOLDER_PROFIT_SQ":2425000,"HOLDER_PROFIT_QOQ_SQ":0,"ROE_AVG_SQ":null,"PE_TTM_SQ":-4.718033683507,"PB_TTM_SQ":1.034075077478,"ROA_SQ":null,"START_DATE":"2021-01-01 00:00:00","FISCAL_YEAR":"12-31","CURRENCY":"HKD","IS_CNY_CODE":0,"DPS_HKD_LY":null,"ORG_TYPE":"一般企业","PREMIUM_INCOME":null,"PREMIUM_INCOME_YOY":null,"NET_INTEREST_INCOME":null,"NET_INTEREST_INCOME_YOY":null,"FEE_COMMISSION_INCOME":null,"FEE_COMMISSION_INCOME_YOY":null,"ACCOUNTS_RECE_TDAYS":1.869946125073,"INVENTORY_TDAYS":0.545775539559,"CURRENT_ASSETS_TDAYS":0.298782485547,"TOTAL_ASSETS_TDAYS":0.193376013932,"PREMIUM_EXPENSE":null,"LOAN_DEPOSIT":null,"LOAN_EQUITY":null,"LOAN_ASSETS":null,"DEPOSIT_EQUITY":null,"DEPOSIT_ASSETS":null,"EQUITY_MULTIPLIER":-3.856290296054,"EQUITY_RATIO":-4.856290296052},{"SECUCODE":"09857.HK","SECURITY_CODE":"09857","SECURITY_NAME_ABBR":"柠萌影视","ORG_CODE":"10000263551","STD_REPORT_DATE":"2021-03-31 00:00:00","REPORT_DATE":"2021-03-31 00:00:00","DATE_TYPE_CODE":"003","REPORT_TYPE":"2021年一季报","PER_NETCASH_OPERATE":null,"PER_OI":null,"BPS":null,"BASIC_EPS":null,"DILUTED_EPS":null,"OPERATE_INCOME":48083000,"OPERATE_INCOME_YOY":null,"GROSS_PROFIT":42046000,"GROSS_PROFIT_YOY":null,"HOLDER_PROFIT":-11928000,"HOLDER_PROFIT_YOY":null,"GROSS_PROFIT_RATIO":87.444626999147,"EPS_TTM":null,"OPERATE_INCOME_QOQ":0,"NET_PROFIT_RATIO":-24.807104382,"ROE_AVG":null,"GROSS_PROFIT_QOQ":0,"ROA":null,"HOLDER_PROFIT_QOQ":0,"ROE_YEARLY":null,"ROIC_YEARLY":null,"TOTAL_ASSETS":null,"TOTAL_LIABILITIES":null,"TAX_EBT":32.045804136045,"OCF_SALES":374.995320591477,"TOTAL_PARENT_EQUITY":null,"DEBT_ASSET_RATIO":null,"OPERATE_PROFIT":null,"PRETAX_PROFIT":-17553000,"NETCASH_OPERATE":180309000,"NETCASH_INVEST":-158012000,"NETCASH_FINANCE":-19610000,"END_CASH":128091000,"DIVI_RATIO":null,"DIVIDEND_RATE":8.328850174216,"CURRENT_RATIO":null,"COMMON_ACS":2000000000,"CURRENTDEBT_DEBT":null,"ISSUED_COMMON_SHARES":360652869,"HK_COMMON_SHARES":360652869,"PER_SHARES":100,"TOTAL_MARKET_CAP":1035073734.03,"HKSK_MARKET_CAP":1035073734.03,"PE_TTM":28.672391456862,"PB_TTM":0.386088857091,"REPORT_DATE_SQ":"2020-03-31 00:00:00","REPORT_TYPE_SQ":"2020年一季报","OPERATE_INCOME_SQ":null,"DPS_HKD":0.239038,"OPERATE_INCOME_QOQ_SQ":0,"NET_PROFIT_RATIO_SQ":null,"HOLDER_PROFIT_SQ":null,"HOLDER_PROFIT_QOQ_SQ":0,"ROE_AVG_SQ":null,"PE_TTM_SQ":-4.819948007039,"PB_TTM_SQ":1.056412150308,"ROA_SQ":null,"START_DATE":"2021-01-01 00:00:00","FISCAL_YEAR":"12-31","CURRENCY":"HKD","IS_CNY_CODE":0,"DPS_HKD_LY":null,"ORG_TYPE":"一般企业","PREMIUM_INCOME":null,"PREMIUM_INCOME_YOY":null,"NET_INTEREST_INCOME":null,"NET_INTEREST_INCOME_YOY":null,"FEE_COMMISSION_INCOME":null,"FEE_COMMISSION_INCOME_YOY":null,"ACCOUNTS_RECE_TDAYS":null,"INVENTORY_TDAYS":null,"CURRENT_ASSETS_TDAYS":0.061517617083,"TOTAL_ASSETS_TDAYS":0.037831184153,"PREMIUM_EXPENSE":null,"LOAN_DEPOSIT":null,"LOAN_EQUITY":null,"LOAN_ASSETS":null,"DEPOSIT_EQUITY":null,"DEPOSIT_ASSETS":null,"EQUITY_MULTIPLIER":null,"EQUITY_RATIO":null}],"count":13},"success":true,"message":"ok","code":0}