{"version":"a3c339b3b80099f6db9c63e67362d872","result":{"pages":1,"data":[{"SECUCODE":"09860.HK","SECURITY_CODE":"09860","SECURITY_NAME_ABBR":"艾迪康控股","ORG_CODE":"10000226061","STD_REPORT_DATE":"2024-06-30 00:00:00","REPORT_DATE":"2024-06-30 00:00:00","DATE_TYPE_CODE":"002","REPORT_TYPE":"2024年中报","PER_NETCASH_OPERATE":-0.224264983194,"PER_OI":2.019323074899,"BPS":2.465083081709,"BASIC_EPS":0.14,"DILUTED_EPS":0.14,"OPERATE_INCOME":1465701000,"OPERATE_INCOME_YOY":-10.8515655554,"GROSS_PROFIT":559733000,"GROSS_PROFIT_YOY":-21.934901702631,"HOLDER_PROFIT":101582000,"HOLDER_PROFIT_YOY":-9.1452234654,"GROSS_PROFIT_RATIO":38.188757461447,"EPS_TTM":0.309518190959,"OPERATE_INCOME_QOQ":-5.409984996185,"NET_PROFIT_RATIO":7.059966528,"ROE_AVG":5.809927929257,"GROSS_PROFIT_QOQ":-10.966754921355,"ROA":2.205139971966,"HOLDER_PROFIT_QOQ":-4.35319411627,"ROE_YEARLY":11.619855858515,"ROIC_YEARLY":5.60502975027,"TOTAL_ASSETS":4659664000,"TOTAL_LIABILITIES":2754940000,"TAX_EBT":22.641368380132,"OCF_SALES":-11.105948621172,"TOTAL_PARENT_EQUITY":1788771000,"DEBT_ASSET_RATIO":59.1231470767,"OPERATE_PROFIT":161168000,"PRETAX_PROFIT":133764000,"NETCASH_OPERATE":-162780000,"NETCASH_INVEST":-1066000,"NETCASH_FINANCE":-24821000,"END_CASH":767961000,"DIVI_RATIO":null,"DIVIDEND_RATE":null,"CURRENT_RATIO":1.994685109876,"COMMON_ACS":2500000000,"CURRENTDEBT_DEBT":57.259141759893,"ISSUED_COMMON_SHARES":725643291,"HK_COMMON_SHARES":725643291,"PER_SHARES":500,"TOTAL_MARKET_CAP":5921249254.56,"HKSK_MARKET_CAP":5921249254.56,"PE_TTM":23.758700718159,"PB_TTM":3.021183689612,"REPORT_DATE_SQ":"2023-06-30 00:00:00","REPORT_TYPE_SQ":"2023年中报","OPERATE_INCOME_SQ":1644113000,"DPS_HKD":null,"OPERATE_INCOME_QOQ_SQ":-16.489710248481,"NET_PROFIT_RATIO_SQ":7.3144607457,"HOLDER_PROFIT_SQ":111807000,"HOLDER_PROFIT_QOQ_SQ":-39.460305849208,"ROE_AVG_SQ":11.918630061636,"PE_TTM_SQ":20.633133620175,"PB_TTM_SQ":6.110050868617,"ROA_SQ":2.32678406132,"START_DATE":"2024-01-01 00:00:00","FISCAL_YEAR":"12-31","CURRENCY":"HKD","IS_CNY_CODE":0,"DPS_HKD_LY":null,"ORG_TYPE":"一般企业","PREMIUM_INCOME":null,"PREMIUM_INCOME_YOY":null,"NET_INTEREST_INCOME":null,"NET_INTEREST_INCOME_YOY":null,"FEE_COMMISSION_INCOME":null,"FEE_COMMISSION_INCOME_YOY":null,"ACCOUNTS_RECE_TDAYS":0.918287964559,"INVENTORY_TDAYS":5.893241397255,"CURRENT_ASSETS_TDAYS":0.454486990059,"TOTAL_ASSETS_TDAYS":0.31817407238,"PREMIUM_EXPENSE":null,"LOAN_DEPOSIT":null,"LOAN_EQUITY":null,"LOAN_ASSETS":null,"DEPOSIT_EQUITY":null,"DEPOSIT_ASSETS":null,"EQUITY_MULTIPLIER":2.446372282808,"EQUITY_RATIO":1.540130066957},{"SECUCODE":"09860.HK","SECURITY_CODE":"09860","SECURITY_NAME_ABBR":"艾迪康控股","ORG_CODE":"10000226061","STD_REPORT_DATE":"2023-12-31 00:00:00","REPORT_DATE":"2023-12-31 00:00:00","DATE_TYPE_CODE":"001","REPORT_TYPE":"2023年年报","PER_NETCASH_OPERATE":0.519053431244,"PER_OI":4.534001893995,"BPS":2.353871414764,"BASIC_EPS":0.34,"DILUTED_EPS":0.31,"OPERATE_INCOME":3297828000,"OPERATE_INCOME_YOY":-32.152014571,"GROSS_PROFIT":1434107000,"GROSS_PROFIT_YOY":-24.36802704406,"HOLDER_PROFIT":234885000,"HOLDER_PROFIT_YOY":-65.4983232789,"GROSS_PROFIT_RATIO":43.486409843085,"EPS_TTM":0.322930436297,"OPERATE_INCOME_QOQ":-18.75493950401,"NET_PROFIT_RATIO":7.954386948,"ROE_AVG":21.171348801994,"GROSS_PROFIT_QOQ":-11.698519121016,"ROA":4.993425116321,"HOLDER_PROFIT_QOQ":-43.009826519471,"ROE_YEARLY":21.171348801994,"ROIC_YEARLY":7.176781308989,"TOTAL_ASSETS":4553538000,"TOTAL_LIABILITIES":2724948000,"TAX_EBT":24.916135236939,"OCF_SALES":11.448019726923,"TOTAL_PARENT_EQUITY":1708071000,"DEBT_ASSET_RATIO":59.842434608,"OPERATE_PROFIT":435688000,"PRETAX_PROFIT":349372000,"NETCASH_OPERATE":377536000,"NETCASH_INVEST":-220117000,"NETCASH_FINANCE":870171000,"END_CASH":959423000,"DIVI_RATIO":null,"DIVIDEND_RATE":null,"CURRENT_RATIO":1.880110505413,"COMMON_ACS":2500000000,"CURRENTDEBT_DEBT":64.478955194741,"ISSUED_COMMON_SHARES":725643291,"HK_COMMON_SHARES":725643291,"PER_SHARES":500,"TOTAL_MARKET_CAP":4716681391.5,"HKSK_MARKET_CAP":4716681391.5,"PE_TTM":18.925435621082,"PB_TTM":2.406580144912,"REPORT_DATE_SQ":"2022-12-31 00:00:00","REPORT_TYPE_SQ":"2022年年报","OPERATE_INCOME_SQ":4860613000,"DPS_HKD":null,"OPERATE_INCOME_QOQ_SQ":43.82575606263,"NET_PROFIT_RATIO_SQ":14.0904861177,"HOLDER_PROFIT_SQ":680793000,"HOLDER_PROFIT_QOQ_SQ":115.754896368131,"ROE_AVG_SQ":103.537543771601,"PE_TTM_SQ":17.913009895329,"PB_TTM_SQ":5.304545770182,"ROA_SQ":17.09660800362,"START_DATE":"2023-01-01 00:00:00","FISCAL_YEAR":"12-31","CURRENCY":"HKD","IS_CNY_CODE":0,"DPS_HKD_LY":null,"ORG_TYPE":"一般企业","PREMIUM_INCOME":null,"PREMIUM_INCOME_YOY":null,"NET_INTEREST_INCOME":null,"NET_INTEREST_INCOME_YOY":null,"FEE_COMMISSION_INCOME":null,"FEE_COMMISSION_INCOME_YOY":null,"ACCOUNTS_RECE_TDAYS":1.955844130427,"INVENTORY_TDAYS":9.180755949419,"CURRENT_ASSETS_TDAYS":0.916272039742,"TOTAL_ASSETS_TDAYS":0.701085942674,"PREMIUM_EXPENSE":null,"LOAN_DEPOSIT":null,"LOAN_EQUITY":null,"LOAN_ASSETS":null,"DEPOSIT_EQUITY":null,"DEPOSIT_ASSETS":null,"EQUITY_MULTIPLIER":2.49019080275,"EQUITY_RATIO":1.595336493624},{"SECUCODE":"09860.HK","SECURITY_CODE":"09860","SECURITY_NAME_ABBR":"艾迪康控股","ORG_CODE":"10000226061","STD_REPORT_DATE":"2023-06-30 00:00:00","REPORT_DATE":"2023-06-30 00:00:00","DATE_TYPE_CODE":"002","REPORT_TYPE":"2023年中报","PER_NETCASH_OPERATE":0.006763403836,"PER_OI":2.272593535819,"BPS":1.881569108313,"BASIC_EPS":0.17,"DILUTED_EPS":0.14,"OPERATE_INCOME":1644113000,"OPERATE_INCOME_YOY":-32.7729968834,"GROSS_PROFIT":717008000,"GROSS_PROFIT_YOY":-27.506849869069,"HOLDER_PROFIT":111807000,"HOLDER_PROFIT_YOY":-70.6119069523,"GROSS_PROFIT_RATIO":43.610627736658,"EPS_TTM":0.569698935406,"OPERATE_INCOME_QOQ":-16.489710248481,"NET_PROFIT_RATIO":7.3144607457,"ROE_AVG":11.918630061636,"GROSS_PROFIT_QOQ":-14.348012963007,"ROA":2.32678406132,"HOLDER_PROFIT_QOQ":-39.460305849208,"ROE_YEARLY":23.837260123272,"ROIC_YEARLY":7.358293035545,"TOTAL_ASSETS":4756199000,"TOTAL_LIABILITIES":3284695000,"TAX_EBT":20.742630049232,"OCF_SALES":0.297607281251,"TOTAL_PARENT_EQUITY":1365348000,"DEBT_ASSET_RATIO":69.0613449942,"OPERATE_PROFIT":197584000,"PRETAX_PROFIT":151731000,"NETCASH_OPERATE":4893000,"NETCASH_INVEST":-135884000,"NETCASH_FINANCE":91337000,"END_CASH":1644262000,"DIVI_RATIO":null,"DIVIDEND_RATE":null,"CURRENT_RATIO":1.844258685065,"COMMON_ACS":2500000000,"CURRENTDEBT_DEBT":61.936100612081,"ISSUED_COMMON_SHARES":725643291,"HK_COMMON_SHARES":725643291,"PER_SHARES":500,"TOTAL_MARKET_CAP":4716681391.5,"HKSK_MARKET_CAP":4716681391.5,"PE_TTM":18.925435621082,"PB_TTM":2.406580144912,"REPORT_DATE_SQ":"2022-06-30 00:00:00","REPORT_TYPE_SQ":"2022年中报","OPERATE_INCOME_SQ":2445614000,"DPS_HKD":null,"OPERATE_INCOME_QOQ_SQ":0,"NET_PROFIT_RATIO_SQ":15.3497240366,"HOLDER_PROFIT_SQ":380450000,"HOLDER_PROFIT_QOQ_SQ":0,"ROE_AVG_SQ":null,"PE_TTM_SQ":17.913009895329,"PB_TTM_SQ":5.304545770182,"ROA_SQ":null,"START_DATE":"2023-01-01 00:00:00","FISCAL_YEAR":"12-31","CURRENCY":"HKD","IS_CNY_CODE":0,"DPS_HKD_LY":null,"ORG_TYPE":"一般企业","PREMIUM_INCOME":null,"PREMIUM_INCOME_YOY":null,"NET_INTEREST_INCOME":null,"NET_INTEREST_INCOME_YOY":null,"FEE_COMMISSION_INCOME":null,"FEE_COMMISSION_INCOME_YOY":null,"ACCOUNTS_RECE_TDAYS":0.902836435842,"INVENTORY_TDAYS":4.860964375316,"CURRENT_ASSETS_TDAYS":0.430004678987,"TOTAL_ASSETS_TDAYS":0.342151736779,"PREMIUM_EXPENSE":null,"LOAN_DEPOSIT":null,"LOAN_EQUITY":null,"LOAN_ASSETS":null,"DEPOSIT_EQUITY":null,"DEPOSIT_ASSETS":null,"EQUITY_MULTIPLIER":3.232202562822,"EQUITY_RATIO":2.405756627614},{"SECUCODE":"09860.HK","SECURITY_CODE":"09860","SECURITY_NAME_ABBR":"艾迪康控股","ORG_CODE":"10000226061","STD_REPORT_DATE":"2022-12-31 00:00:00","REPORT_DATE":"2022-12-31 00:00:00","DATE_TYPE_CODE":"001","REPORT_TYPE":"2022年年报","PER_NETCASH_OPERATE":1.446268836,"PER_OI":7.872610534837,"BPS":0.703960205153,"BASIC_EPS":1.04,"DILUTED_EPS":0.96,"OPERATE_INCOME":4860613000,"OPERATE_INCOME_YOY":43.8257560626,"GROSS_PROFIT":1896165000,"GROSS_PROFIT_YOY":31.460029159956,"HOLDER_PROFIT":680793000,"HOLDER_PROFIT_YOY":115.7548963681,"GROSS_PROFIT_RATIO":39.010820240163,"EPS_TTM":1.102663006465,"OPERATE_INCOME_QOQ":43.82575606263,"NET_PROFIT_RATIO":14.0904861177,"ROE_AVG":103.537543771601,"GROSS_PROFIT_QOQ":31.460029159956,"ROA":17.09660800362,"HOLDER_PROFIT_QOQ":115.754896368131,"ROE_YEARLY":103.537543771601,"ROIC_YEARLY":27.101001031624,"TOTAL_ASSETS":4854233000,"TOTAL_LIABILITIES":4241897000,"TAX_EBT":16.560186741909,"OCF_SALES":18.370892724848,"TOTAL_PARENT_EQUITY":510824000,"DEBT_ASSET_RATIO":87.3855251695,"OPERATE_PROFIT":897636000,"PRETAX_PROFIT":820812000,"NETCASH_OPERATE":892938000,"NETCASH_INVEST":-333301000,"NETCASH_FINANCE":3722000,"END_CASH":1680625000,"DIVI_RATIO":null,"DIVIDEND_RATE":null,"CURRENT_RATIO":1.610536082883,"COMMON_ACS":2500000000,"CURRENTDEBT_DEBT":57.012982634892,"ISSUED_COMMON_SHARES":725643291,"HK_COMMON_SHARES":725643291,"PER_SHARES":500,"TOTAL_MARKET_CAP":4716681391.5,"HKSK_MARKET_CAP":4716681391.5,"PE_TTM":18.925435621082,"PB_TTM":2.406580144912,"REPORT_DATE_SQ":"2021-12-31 00:00:00","REPORT_TYPE_SQ":"2021年年报","OPERATE_INCOME_SQ":3379515000,"DPS_HKD":null,"OPERATE_INCOME_QOQ_SQ":23.262092451812,"NET_PROFIT_RATIO_SQ":9.5367234648,"HOLDER_PROFIT_SQ":315540000,"HOLDER_PROFIT_QOQ_SQ":11.058316703095,"ROE_AVG_SQ":34.512025724879,"PE_TTM_SQ":17.913009895329,"PB_TTM_SQ":5.304545770182,"ROA_SQ":10.818429592866,"START_DATE":"2022-01-01 00:00:00","FISCAL_YEAR":"12-31","CURRENCY":"HKD","IS_CNY_CODE":0,"DPS_HKD_LY":null,"ORG_TYPE":"一般企业","PREMIUM_INCOME":null,"PREMIUM_INCOME_YOY":null,"NET_INTEREST_INCOME":null,"NET_INTEREST_INCOME_YOY":null,"FEE_COMMISSION_INCOME":null,"FEE_COMMISSION_INCOME_YOY":null,"ACCOUNTS_RECE_TDAYS":3.166152883099,"INVENTORY_TDAYS":17.499279828103,"CURRENT_ASSETS_TDAYS":1.511131844238,"TOTAL_ASSETS_TDAYS":1.220635275602,"PREMIUM_EXPENSE":null,"LOAN_DEPOSIT":null,"LOAN_EQUITY":null,"LOAN_ASSETS":null,"DEPOSIT_EQUITY":null,"DEPOSIT_ASSETS":null,"EQUITY_MULTIPLIER":7.927400969418,"EQUITY_RATIO":8.304028393341},{"SECUCODE":"09860.HK","SECURITY_CODE":"09860","SECURITY_NAME_ABBR":"艾迪康控股","ORG_CODE":"10000226061","STD_REPORT_DATE":"2022-06-30 00:00:00","REPORT_DATE":"2022-06-30 00:00:00","DATE_TYPE_CODE":"002","REPORT_TYPE":"2022年中报","PER_NETCASH_OPERATE":null,"PER_OI":null,"BPS":null,"BASIC_EPS":0.58226,"DILUTED_EPS":0.41797,"OPERATE_INCOME":2445614000,"OPERATE_INCOME_YOY":null,"GROSS_PROFIT":989070000,"GROSS_PROFIT_YOY":null,"HOLDER_PROFIT":380450000,"HOLDER_PROFIT_YOY":null,"GROSS_PROFIT_RATIO":40.442604597455,"EPS_TTM":0.467857762326,"OPERATE_INCOME_QOQ":0,"NET_PROFIT_RATIO":15.3497240366,"ROE_AVG":null,"GROSS_PROFIT_QOQ":0,"ROA":null,"HOLDER_PROFIT_QOQ":0,"ROE_YEARLY":null,"ROIC_YEARLY":null,"TOTAL_ASSETS":null,"TOTAL_LIABILITIES":null,"TAX_EBT":13.976585003678,"OCF_SALES":-0.233642758015,"TOTAL_PARENT_EQUITY":null,"DEBT_ASSET_RATIO":null,"OPERATE_PROFIT":445891000,"PRETAX_PROFIT":436387000,"NETCASH_OPERATE":-5714000,"NETCASH_INVEST":-164301000,"NETCASH_FINANCE":40225000,"END_CASH":970373000,"DIVI_RATIO":null,"DIVIDEND_RATE":null,"CURRENT_RATIO":null,"COMMON_ACS":2500000000,"CURRENTDEBT_DEBT":null,"ISSUED_COMMON_SHARES":725643291,"HK_COMMON_SHARES":725643291,"PER_SHARES":500,"TOTAL_MARKET_CAP":4716681391.5,"HKSK_MARKET_CAP":4716681391.5,"PE_TTM":18.925435621082,"PB_TTM":2.406580144912,"REPORT_DATE_SQ":"2021-06-30 00:00:00","REPORT_TYPE_SQ":"2021年中报","OPERATE_INCOME_SQ":null,"DPS_HKD":null,"OPERATE_INCOME_QOQ_SQ":0,"NET_PROFIT_RATIO_SQ":null,"HOLDER_PROFIT_SQ":null,"HOLDER_PROFIT_QOQ_SQ":0,"ROE_AVG_SQ":null,"PE_TTM_SQ":17.913009895329,"PB_TTM_SQ":5.304545770182,"ROA_SQ":null,"START_DATE":"2022-01-01 00:00:00","FISCAL_YEAR":"12-31","CURRENCY":"HKD","IS_CNY_CODE":0,"DPS_HKD_LY":null,"ORG_TYPE":"一般企业","PREMIUM_INCOME":null,"PREMIUM_INCOME_YOY":null,"NET_INTEREST_INCOME":null,"NET_INTEREST_INCOME_YOY":null,"FEE_COMMISSION_INCOME":null,"FEE_COMMISSION_INCOME_YOY":null,"ACCOUNTS_RECE_TDAYS":null,"INVENTORY_TDAYS":null,"CURRENT_ASSETS_TDAYS":1.927118825706,"TOTAL_ASSETS_TDAYS":1.572824050642,"PREMIUM_EXPENSE":null,"LOAN_DEPOSIT":null,"LOAN_EQUITY":null,"LOAN_ASSETS":null,"DEPOSIT_EQUITY":null,"DEPOSIT_ASSETS":null,"EQUITY_MULTIPLIER":null,"EQUITY_RATIO":null},{"SECUCODE":"09860.HK","SECURITY_CODE":"09860","SECURITY_NAME_ABBR":"艾迪康控股","ORG_CODE":"10000226061","STD_REPORT_DATE":"2021-12-31 00:00:00","REPORT_DATE":"2021-12-31 00:00:00","DATE_TYPE_CODE":"001","REPORT_TYPE":"2021年年报","PER_NETCASH_OPERATE":0.836643077535,"PER_OI":5.010877624535,"BPS":1.108314525849,"BASIC_EPS":0.5,"DILUTED_EPS":0.5,"OPERATE_INCOME":3379515000,"OPERATE_INCOME_YOY":23.2620924518,"GROSS_PROFIT":1442389000,"GROSS_PROFIT_YOY":29.169935342898,"HOLDER_PROFIT":315540000,"HOLDER_PROFIT_YOY":11.0583167031,"GROSS_PROFIT_RATIO":42.680355021357,"EPS_TTM":0.467857762326,"OPERATE_INCOME_QOQ":23.262092451812,"NET_PROFIT_RATIO":9.5367234648,"ROE_AVG":34.512025724879,"GROSS_PROFIT_QOQ":29.169935342898,"ROA":10.818429592866,"HOLDER_PROFIT_QOQ":11.058316703095,"ROE_YEARLY":34.512025724879,"ROIC_YEARLY":18.38723860143,"TOTAL_ASSETS":3109838000,"TOTAL_LIABILITIES":2256991000,"TAX_EBT":22.75604384016,"OCF_SALES":16.696537816817,"TOTAL_PARENT_EQUITY":804241000,"DEBT_ASSET_RATIO":72.5758383556,"OPERATE_PROFIT":433569000,"PRETAX_PROFIT":417243000,"NETCASH_OPERATE":564262000,"NETCASH_INVEST":-197329000,"NETCASH_FINANCE":-476193000,"END_CASH":1109211000,"DIVI_RATIO":null,"DIVIDEND_RATE":null,"CURRENT_RATIO":1.828902976998,"COMMON_ACS":2500000000,"CURRENTDEBT_DEBT":61.487795033299,"ISSUED_COMMON_SHARES":725643291,"HK_COMMON_SHARES":725643291,"PER_SHARES":500,"TOTAL_MARKET_CAP":4716681391.5,"HKSK_MARKET_CAP":4716681391.5,"PE_TTM":18.925435621082,"PB_TTM":2.406580144912,"REPORT_DATE_SQ":"2020-12-31 00:00:00","REPORT_TYPE_SQ":"2020年年报","OPERATE_INCOME_SQ":2741731000,"DPS_HKD":null,"OPERATE_INCOME_QOQ_SQ":58.549287817166,"NET_PROFIT_RATIO_SQ":10.5573085033,"HOLDER_PROFIT_SQ":284121000,"HOLDER_PROFIT_QOQ_SQ":318.403381144523,"ROE_AVG_SQ":35.515280379352,"PE_TTM_SQ":17.913009895329,"PB_TTM_SQ":5.304545770182,"ROA_SQ":13.506173590703,"START_DATE":"2021-01-01 00:00:00","FISCAL_YEAR":"12-31","CURRENCY":"HKD","IS_CNY_CODE":0,"DPS_HKD_LY":null,"ORG_TYPE":"一般企业","PREMIUM_INCOME":null,"PREMIUM_INCOME_YOY":null,"NET_INTEREST_INCOME":null,"NET_INTEREST_INCOME_YOY":null,"FEE_COMMISSION_INCOME":null,"FEE_COMMISSION_INCOME_YOY":null,"ACCOUNTS_RECE_TDAYS":3.135636191734,"INVENTORY_TDAYS":18.246629020332,"CURRENT_ASSETS_TDAYS":1.38703217884,"TOTAL_ASSETS_TDAYS":1.15868178632,"PREMIUM_EXPENSE":null,"LOAN_DEPOSIT":null,"LOAN_EQUITY":null,"LOAN_ASSETS":null,"DEPOSIT_EQUITY":null,"DEPOSIT_ASSETS":null,"EQUITY_MULTIPLIER":3.646419580539,"EQUITY_RATIO":2.806361525961},{"SECUCODE":"09860.HK","SECURITY_CODE":"09860","SECURITY_NAME_ABBR":"艾迪康控股","ORG_CODE":"10000226061","STD_REPORT_DATE":"2020-12-31 00:00:00","REPORT_DATE":"2020-12-31 00:00:00","DATE_TYPE_CODE":"001","REPORT_TYPE":"2020年年报","PER_NETCASH_OPERATE":0.816864941844,"PER_OI":4.646628727766,"BPS":1.411628843958,"BASIC_EPS":0.49,"DILUTED_EPS":0.48,"OPERATE_INCOME":2741731000,"OPERATE_INCOME_YOY":58.5492878172,"GROSS_PROFIT":1116660000,"GROSS_PROFIT_YOY":114.35770051043,"HOLDER_PROFIT":284121000,"HOLDER_PROFIT_YOY":318.4033811445,"GROSS_PROFIT_RATIO":40.72828443053,"EPS_TTM":0.481522366987,"OPERATE_INCOME_QOQ":58.549287817166,"NET_PROFIT_RATIO":10.5573085033,"ROE_AVG":35.515280379352,"GROSS_PROFIT_QOQ":114.35770051043,"ROA":13.506173590703,"HOLDER_PROFIT_QOQ":318.403381144523,"ROE_YEARLY":35.515280379352,"ROIC_YEARLY":21.537485417221,"TOTAL_ASSETS":2723541000,"TOTAL_LIABILITIES":1684423000,"TAX_EBT":19.188966595474,"OCF_SALES":17.579733387411,"TOTAL_PARENT_EQUITY":1024339000,"DEBT_ASSET_RATIO":61.8468016454,"OPERATE_PROFIT":377829000,"PRETAX_PROFIT":358185000,"NETCASH_OPERATE":481989000,"NETCASH_INVEST":-100913000,"NETCASH_FINANCE":537722000,"END_CASH":1226819000,"DIVI_RATIO":null,"DIVIDEND_RATE":null,"CURRENT_RATIO":2.314154038277,"COMMON_ACS":2500000000,"CURRENTDEBT_DEBT":59.900036985959,"ISSUED_COMMON_SHARES":725643291,"HK_COMMON_SHARES":725643291,"PER_SHARES":500,"TOTAL_MARKET_CAP":4716681391.5,"HKSK_MARKET_CAP":4716681391.5,"PE_TTM":18.925435621082,"PB_TTM":2.406580144912,"REPORT_DATE_SQ":"2019-12-31 00:00:00","REPORT_TYPE_SQ":"2019年年报","OPERATE_INCOME_SQ":1729261000,"DPS_HKD":null,"OPERATE_INCOME_QOQ_SQ":13.005425271492,"NET_PROFIT_RATIO_SQ":4.0735898167,"HOLDER_PROFIT_SQ":67906000,"HOLDER_PROFIT_QOQ_SQ":7768.59791425261,"ROE_AVG_SQ":12.846143659787,"PE_TTM_SQ":17.913009895329,"PB_TTM_SQ":5.304545770182,"ROA_SQ":4.525196252216,"START_DATE":"2020-01-01 00:00:00","FISCAL_YEAR":"12-31","CURRENCY":"HKD","IS_CNY_CODE":0,"DPS_HKD_LY":null,"ORG_TYPE":"一般企业","PREMIUM_INCOME":null,"PREMIUM_INCOME_YOY":null,"NET_INTEREST_INCOME":null,"NET_INTEREST_INCOME_YOY":null,"FEE_COMMISSION_INCOME":null,"FEE_COMMISSION_INCOME_YOY":null,"ACCOUNTS_RECE_TDAYS":3.366712325992,"INVENTORY_TDAYS":17.702684154339,"CURRENT_ASSETS_TDAYS":1.591537784155,"TOTAL_ASSETS_TDAYS":1.303328329304,"PREMIUM_EXPENSE":null,"LOAN_DEPOSIT":null,"LOAN_EQUITY":null,"LOAN_ASSETS":null,"DEPOSIT_EQUITY":null,"DEPOSIT_ASSETS":null,"EQUITY_MULTIPLIER":2.621012243078,"EQUITY_RATIO":1.644399949626},{"SECUCODE":"09860.HK","SECURITY_CODE":"09860","SECURITY_NAME_ABBR":"艾迪康控股","ORG_CODE":"10000226061","STD_REPORT_DATE":"2019-12-31 00:00:00","REPORT_DATE":"2019-12-31 00:00:00","DATE_TYPE_CODE":"001","REPORT_TYPE":"2019年年报","PER_NETCASH_OPERATE":0.218171475789,"PER_OI":3.174650154789,"BPS":0.793301622353,"BASIC_EPS":0.11818,"DILUTED_EPS":0.1181,"OPERATE_INCOME":1729261000,"OPERATE_INCOME_YOY":13.0054252715,"GROSS_PROFIT":520933000,"GROSS_PROFIT_YOY":11.803072511793,"HOLDER_PROFIT":67906000,"HOLDER_PROFIT_YOY":7768.5979142526,"GROSS_PROFIT_RATIO":30.124602359042,"EPS_TTM":0.124664694,"OPERATE_INCOME_QOQ":13.005425271492,"NET_PROFIT_RATIO":4.0735898167,"ROE_AVG":12.846143659787,"GROSS_PROFIT_QOQ":11.803072511793,"ROA":4.525196252216,"HOLDER_PROFIT_QOQ":7768.59791425261,"ROE_YEARLY":12.846143659787,"ROIC_YEARLY":6.61843465921,"TOTAL_ASSETS":1483735000,"TOTAL_LIABILITIES":887113000,"TAX_EBT":19.583780451609,"OCF_SALES":6.872299785862,"TOTAL_PARENT_EQUITY":575654000,"DEBT_ASSET_RATIO":59.7891806825,"OPERATE_PROFIT":null,"PRETAX_PROFIT":87598000,"NETCASH_OPERATE":118840000,"NETCASH_INVEST":-57569000,"NETCASH_FINANCE":-360678000,"END_CASH":304523000,"DIVI_RATIO":null,"DIVIDEND_RATE":null,"CURRENT_RATIO":1.536873368634,"COMMON_ACS":2500000000,"CURRENTDEBT_DEBT":81.450052022685,"ISSUED_COMMON_SHARES":725643291,"HK_COMMON_SHARES":725643291,"PER_SHARES":500,"TOTAL_MARKET_CAP":4716681391.5,"HKSK_MARKET_CAP":4716681391.5,"PE_TTM":18.925435621082,"PB_TTM":2.406580144912,"REPORT_DATE_SQ":"2018-12-31 00:00:00","REPORT_TYPE_SQ":"2018年年报","OPERATE_INCOME_SQ":1530246000,"DPS_HKD":null,"OPERATE_INCOME_QOQ_SQ":null,"NET_PROFIT_RATIO_SQ":0.1486035579,"HOLDER_PROFIT_SQ":863000,"HOLDER_PROFIT_QOQ_SQ":null,"ROE_AVG_SQ":0.179207003817,"PE_TTM_SQ":17.913009895329,"PB_TTM_SQ":5.304545770182,"ROA_SQ":0.05686966435,"START_DATE":"2019-01-01 00:00:00","FISCAL_YEAR":"12-31","CURRENCY":"HKD","IS_CNY_CODE":0,"DPS_HKD_LY":null,"ORG_TYPE":"一般企业","PREMIUM_INCOME":null,"PREMIUM_INCOME_YOY":null,"NET_INTEREST_INCOME":null,"NET_INTEREST_INCOME_YOY":null,"FEE_COMMISSION_INCOME":null,"FEE_COMMISSION_INCOME_YOY":null,"ACCOUNTS_RECE_TDAYS":2.815904446308,"INVENTORY_TDAYS":15.240310273066,"CURRENT_ASSETS_TDAYS":1.459821091273,"TOTAL_ASSETS_TDAYS":1.152364356066,"PREMIUM_EXPENSE":null,"LOAN_DEPOSIT":null,"LOAN_EQUITY":null,"LOAN_ASSETS":null,"DEPOSIT_EQUITY":null,"DEPOSIT_ASSETS":null,"EQUITY_MULTIPLIER":2.486892873543,"EQUITY_RATIO":1.541052437749},{"SECUCODE":"09860.HK","SECURITY_CODE":"09860","SECURITY_NAME_ABBR":"艾迪康控股","ORG_CODE":"10000226061","STD_REPORT_DATE":"2018-12-31 00:00:00","REPORT_DATE":"2018-12-31 00:00:00","DATE_TYPE_CODE":"001","REPORT_TYPE":"2018年年报","PER_NETCASH_OPERATE":0.064588130316,"PER_OI":2.763785354526,"BPS":0.663640119013,"BASIC_EPS":0.00174,"DILUTED_EPS":0.00174,"OPERATE_INCOME":1530246000,"OPERATE_INCOME_YOY":null,"GROSS_PROFIT":465938000,"GROSS_PROFIT_YOY":null,"HOLDER_PROFIT":863000,"HOLDER_PROFIT_YOY":null,"GROSS_PROFIT_RATIO":30.448568400113,"EPS_TTM":0.001558668842,"OPERATE_INCOME_QOQ":null,"NET_PROFIT_RATIO":0.1486035579,"ROE_AVG":0.179207003817,"GROSS_PROFIT_QOQ":null,"ROA":0.05686966435,"HOLDER_PROFIT_QOQ":null,"ROE_YEARLY":0.179207003817,"ROIC_YEARLY":0.09655598345,"TOTAL_ASSETS":1517505000,"TOTAL_LIABILITIES":1017477000,"TAX_EBT":86.032798968122,"OCF_SALES":2.336944517417,"TOTAL_PARENT_EQUITY":481566000,"DEBT_ASSET_RATIO":67.0493342691,"OPERATE_PROFIT":null,"PRETAX_PROFIT":16281000,"NETCASH_OPERATE":35761000,"NETCASH_INVEST":-22884000,"NETCASH_FINANCE":323967000,"END_CASH":605261000,"DIVI_RATIO":null,"DIVIDEND_RATE":null,"CURRENT_RATIO":1.351056281712,"COMMON_ACS":2500000000,"CURRENTDEBT_DEBT":91.561480013799,"ISSUED_COMMON_SHARES":725643291,"HK_COMMON_SHARES":725643291,"PER_SHARES":500,"TOTAL_MARKET_CAP":4716681391.5,"HKSK_MARKET_CAP":4716681391.5,"PE_TTM":18.925435621082,"PB_TTM":2.406580144912,"REPORT_DATE_SQ":"2017-12-31 00:00:00","REPORT_TYPE_SQ":"2017年年报","OPERATE_INCOME_SQ":null,"DPS_HKD":null,"OPERATE_INCOME_QOQ_SQ":null,"NET_PROFIT_RATIO_SQ":null,"HOLDER_PROFIT_SQ":null,"HOLDER_PROFIT_QOQ_SQ":null,"ROE_AVG_SQ":null,"PE_TTM_SQ":17.913009895329,"PB_TTM_SQ":5.304545770182,"ROA_SQ":null,"START_DATE":"2018-01-01 00:00:00","FISCAL_YEAR":"12-31","CURRENCY":"HKD","IS_CNY_CODE":0,"DPS_HKD_LY":null,"ORG_TYPE":"一般企业","PREMIUM_INCOME":null,"PREMIUM_INCOME_YOY":null,"NET_INTEREST_INCOME":null,"NET_INTEREST_INCOME_YOY":null,"FEE_COMMISSION_INCOME":null,"FEE_COMMISSION_INCOME_YOY":null,"ACCOUNTS_RECE_TDAYS":2.825824250908,"INVENTORY_TDAYS":13.661438143404,"CURRENT_ASSETS_TDAYS":2.431534313683,"TOTAL_ASSETS_TDAYS":2.016792036929,"PREMIUM_EXPENSE":null,"LOAN_DEPOSIT":null,"LOAN_EQUITY":null,"LOAN_ASSETS":null,"DEPOSIT_EQUITY":null,"DEPOSIT_ASSETS":null,"EQUITY_MULTIPLIER":3.034840048959,"EQUITY_RATIO":2.112850574999}],"count":9},"success":true,"message":"ok","code":0}