{"version":"3ebee0aab9d2876f504b40c060bf1b70","result":{"pages":2,"data":[{"SECUCODE":"09869.HK","SECURITY_CODE":"09869","SECURITY_NAME_ABBR":"海伦司","ORG_CODE":"10000184456","STD_REPORT_DATE":"2024-06-30 00:00:00","REPORT_DATE":"2024-06-30 00:00:00","DATE_TYPE_CODE":"002","REPORT_TYPE":"2024年中报","PER_NETCASH_OPERATE":0.031032554317,"PER_OI":0.34871737477,"BPS":1.184421668164,"BASIC_EPS":0.055,"DILUTED_EPS":0.055,"OPERATE_INCOME":441294000,"OPERATE_INCOME_YOY":-37.8452151574,"GROSS_PROFIT":281952000,"GROSS_PROFIT_YOY":-45.078529646086,"HOLDER_PROFIT":69677000,"HOLDER_PROFIT_YOY":-55.7569831161,"GROSS_PROFIT_RATIO":63.892099144788,"EPS_TTM":0.073245078037,"OPERATE_INCOME_QOQ":-22.231930320127,"NET_PROFIT_RATIO":15.7892470779,"ROE_AVG":4.197073367013,"GROSS_PROFIT_QOQ":-27.263077785789,"ROA":3.511106721479,"HOLDER_PROFIT_QOQ":-48.648199445983,"ROE_YEARLY":8.394146734027,"ROIC_YEARLY":15.844180060214,"TOTAL_ASSETS":1803964000,"TOTAL_LIABILITIES":305105000,"TAX_EBT":-0.313854216156,"OCF_SALES":8.899055958159,"TOTAL_PARENT_EQUITY":1498859000,"DEBT_ASSET_RATIO":16.9130315239,"OPERATE_PROFIT":45773000,"PRETAX_PROFIT":69459000,"NETCASH_OPERATE":39271000,"NETCASH_INVEST":-88580000,"NETCASH_FINANCE":-448540000,"END_CASH":148724000,"DIVI_RATIO":6.432262555024,"DIVIDEND_RATE":24.816267942584,"CURRENT_RATIO":7.799677267532,"COMMON_ACS":500000000000000,"CURRENTDEBT_DEBT":48.74715261959,"ISSUED_COMMON_SHARES":1265477524,"HK_COMMON_SHARES":1265477524,"PER_SHARES":500,"TOTAL_MARKET_CAP":2644848025.16,"HKSK_MARKET_CAP":2644848025.16,"PE_TTM":25.259176321869,"PB_TTM":1.61049164438,"REPORT_DATE_SQ":"2023-06-30 00:00:00","REPORT_TYPE_SQ":"2023年中报","OPERATE_INCOME_SQ":709992000,"DPS_HKD":0.51866,"OPERATE_INCOME_QOQ_SQ":-10.493116177176,"NET_PROFIT_RATIO_SQ":22.1815175382,"HOLDER_PROFIT_SQ":157487000,"HOLDER_PROFIT_QOQ_SQ":28.831215064173,"ROE_AVG_SQ":8.242594072117,"PE_TTM_SQ":-3.212285037755,"PB_TTM_SQ":1.876206637005,"ROA_SQ":6.097751737906,"START_DATE":"2024-01-01 00:00:00","FISCAL_YEAR":"12-31","CURRENCY":"HKD","IS_CNY_CODE":0,"DPS_HKD_LY":0.51866,"ORG_TYPE":"一般企业","PREMIUM_INCOME":null,"PREMIUM_INCOME_YOY":null,"NET_INTEREST_INCOME":null,"NET_INTEREST_INCOME_YOY":null,"FEE_COMMISSION_INCOME":null,"FEE_COMMISSION_INCOME_YOY":null,"ACCOUNTS_RECE_TDAYS":4.95223880597,"INVENTORY_TDAYS":7.813946645743,"CURRENT_ASSETS_TDAYS":0.341532389134,"TOTAL_ASSETS_TDAYS":0.222373283802,"PREMIUM_EXPENSE":null,"LOAN_DEPOSIT":null,"LOAN_EQUITY":null,"LOAN_ASSETS":null,"DEPOSIT_EQUITY":null,"DEPOSIT_ASSETS":null,"EQUITY_MULTIPLIER":1.20355817325,"EQUITY_RATIO":0.20355817325},{"SECUCODE":"09869.HK","SECURITY_CODE":"09869","SECURITY_NAME_ABBR":"海伦司","ORG_CODE":"10000184456","STD_REPORT_DATE":"2023-12-31 00:00:00","REPORT_DATE":"2023-12-31 00:00:00","DATE_TYPE_CODE":"001","REPORT_TYPE":"2023年年报","PER_NETCASH_OPERATE":0.217079224225,"PER_OI":0.953991274858,"BPS":1.439304108889,"BASIC_EPS":0.142,"DILUTED_EPS":0.142,"OPERATE_INCOME":1208613000,"OPERATE_INCOME_YOY":-22.4904252399,"GROSS_PROFIT":848844000,"GROSS_PROFIT_YOY":-14.894495900349,"HOLDER_PROFIT":180500000,"HOLDER_PROFIT_YOY":111.2731474253,"GROSS_PROFIT_RATIO":70.232903336304,"EPS_TTM":0.142473583448,"OPERATE_INCOME_QOQ":-13.403783653653,"NET_PROFIT_RATIO":14.9344744761,"ROE_AVG":9.905948371075,"GROSS_PROFIT_QOQ":-9.144192936563,"ROA":7.455978744884,"HOLDER_PROFIT_QOQ":115.840016708804,"ROE_YEARLY":9.905948371075,"ROIC_YEARLY":15.931381202206,"TOTAL_ASSETS":2164984000,"TOTAL_LIABILITIES":343577000,"TAX_EBT":-18.778131662762,"OCF_SALES":22.754843775468,"TOTAL_PARENT_EQUITY":1821407000,"DEBT_ASSET_RATIO":15.8697246723,"OPERATE_PROFIT":111166000,"PRETAX_PROFIT":151964000,"NETCASH_OPERATE":275018000,"NETCASH_INVEST":-437158000,"NETCASH_FINANCE":-323147000,"END_CASH":625612000,"DIVI_RATIO":3.306799488005,"DIVIDEND_RATE":16.107453416149,"CURRENT_RATIO":9.348154858021,"COMMON_ACS":500000000000000,"CURRENTDEBT_DEBT":44.341152056162,"ISSUED_COMMON_SHARES":1265477524,"HK_COMMON_SHARES":1265477524,"PER_SHARES":500,"TOTAL_MARKET_CAP":4074837627.28,"HKSK_MARKET_CAP":4074837627.28,"PE_TTM":38.916051558095,"PB_TTM":2.481235930575,"REPORT_DATE_SQ":"2022-12-31 00:00:00","REPORT_TYPE_SQ":"2022年年报","OPERATE_INCOME_SQ":1559308000,"DPS_HKD":0.51866,"OPERATE_INCOME_QOQ_SQ":-15.307702543797,"NET_PROFIT_RATIO_SQ":-102.6833698025,"HOLDER_PROFIT_SQ":-1601150000,"HOLDER_PROFIT_QOQ_SQ":-214.377547574356,"ROE_AVG_SQ":-68.14001567797,"PE_TTM_SQ":-4.202989769026,"PB_TTM_SQ":2.454849805427,"ROA_SQ":-45.986707324183,"START_DATE":"2023-01-01 00:00:00","FISCAL_YEAR":"12-31","CURRENCY":"HKD","IS_CNY_CODE":0,"DPS_HKD_LY":0.1267,"ORG_TYPE":"一般企业","PREMIUM_INCOME":null,"PREMIUM_INCOME_YOY":null,"NET_INTEREST_INCOME":null,"NET_INTEREST_INCOME_YOY":null,"FEE_COMMISSION_INCOME":null,"FEE_COMMISSION_INCOME_YOY":null,"ACCOUNTS_RECE_TDAYS":25.216211141248,"INVENTORY_TDAYS":12.807953149753,"CURRENT_ASSETS_TDAYS":0.858878523933,"TOTAL_ASSETS_TDAYS":0.499246140653,"PREMIUM_EXPENSE":null,"LOAN_DEPOSIT":null,"LOAN_EQUITY":null,"LOAN_ASSETS":null,"DEPOSIT_EQUITY":null,"DEPOSIT_ASSETS":null,"EQUITY_MULTIPLIER":1.188632743807,"EQUITY_RATIO":0.188632743807},{"SECUCODE":"09869.HK","SECURITY_CODE":"09869","SECURITY_NAME_ABBR":"海伦司","ORG_CODE":"10000184456","STD_REPORT_DATE":"2023-06-30 00:00:00","REPORT_DATE":"2023-06-30 00:00:00","DATE_TYPE_CODE":"002","REPORT_TYPE":"2023年中报","PER_NETCASH_OPERATE":0.170373147329,"PER_OI":0.560416091188,"BPS":1.579189643514,"BASIC_EPS":0.124,"DILUTED_EPS":0.124,"OPERATE_INCOME":709992000,"OPERATE_INCOME_YOY":-18.729138336,"GROSS_PROFIT":513373000,"GROSS_PROFIT_YOY":-10.949888898333,"HOLDER_PROFIT":157487000,"HOLDER_PROFIT_YOY":151.7804066495,"GROSS_PROFIT_RATIO":72.306871063336,"EPS_TTM":-0.899453492172,"OPERATE_INCOME_QOQ":-10.493116177176,"NET_PROFIT_RATIO":22.1815175382,"ROE_AVG":8.242594072117,"GROSS_PROFIT_QOQ":-6.329042853333,"ROA":6.097751737906,"HOLDER_PROFIT_QOQ":28.831215064173,"ROE_YEARLY":16.485188144235,"ROIC_YEARLY":26.063671772534,"TOTAL_ASSETS":2488644000,"TOTAL_LIABILITIES":490215000,"TAX_EBT":-18.814174380795,"OCF_SALES":30.401187619015,"TOTAL_PARENT_EQUITY":1998429000,"DEBT_ASSET_RATIO":19.6980765429,"OPERATE_PROFIT":108026000,"PRETAX_PROFIT":132549000,"NETCASH_OPERATE":215846000,"NETCASH_INVEST":-417536000,"NETCASH_FINANCE":-113758000,"END_CASH":820613000,"DIVI_RATIO":-0.523797591427,"DIVIDEND_RATE":16.107453416149,"CURRENT_RATIO":8.066329319527,"COMMON_ACS":500000000000000,"CURRENTDEBT_DEBT":39.18423548851,"ISSUED_COMMON_SHARES":1265477524,"HK_COMMON_SHARES":1265477524,"PER_SHARES":500,"TOTAL_MARKET_CAP":4074837627.28,"HKSK_MARKET_CAP":4074837627.28,"PE_TTM":38.916051558095,"PB_TTM":2.481235930575,"REPORT_DATE_SQ":"2022-06-30 00:00:00","REPORT_TYPE_SQ":"2022年中报","OPERATE_INCOME_SQ":873612000,"DPS_HKD":0.51866,"OPERATE_INCOME_QOQ_SQ":0.301206788348,"NET_PROFIT_RATIO_SQ":-34.8145400933,"HOLDER_PROFIT_SQ":-304144000,"HOLDER_PROFIT_QOQ_SQ":-121.438260869565,"ROE_AVG_SQ":-10.833599889436,"PE_TTM_SQ":-4.202989769026,"PB_TTM_SQ":2.454849805427,"ROA_SQ":-7.304642003637,"START_DATE":"2023-01-01 00:00:00","FISCAL_YEAR":"12-31","CURRENCY":"HKD","IS_CNY_CODE":0,"DPS_HKD_LY":0.1267,"ORG_TYPE":"一般企业","PREMIUM_INCOME":null,"PREMIUM_INCOME_YOY":null,"NET_INTEREST_INCOME":null,"NET_INTEREST_INCOME_YOY":null,"FEE_COMMISSION_INCOME":null,"FEE_COMMISSION_INCOME_YOY":null,"ACCOUNTS_RECE_TDAYS":null,"INVENTORY_TDAYS":6.192431853613,"CURRENT_ASSETS_TDAYS":0.483040166603,"TOTAL_ASSETS_TDAYS":0.27490236984,"PREMIUM_EXPENSE":null,"LOAN_DEPOSIT":null,"LOAN_EQUITY":null,"LOAN_ASSETS":null,"DEPOSIT_EQUITY":null,"DEPOSIT_ASSETS":null,"EQUITY_MULTIPLIER":1.245300183294,"EQUITY_RATIO":0.245300183294},{"SECUCODE":"09869.HK","SECURITY_CODE":"09869","SECURITY_NAME_ABBR":"海伦司","ORG_CODE":"10000184456","STD_REPORT_DATE":"2022-12-31 00:00:00","REPORT_DATE":"2022-12-31 00:00:00","DATE_TYPE_CODE":"001","REPORT_TYPE":"2022年年报","PER_NETCASH_OPERATE":0.112783825178,"PER_OI":1.230804423596,"BPS":1.440458613787,"BASIC_EPS":-1.459,"DILUTED_EPS":-1.459,"OPERATE_INCOME":1559308000,"OPERATE_INCOME_YOY":-15.0526035947,"GROSS_PROFIT":997402000,"GROSS_PROFIT_YOY":-20.767475169384,"HOLDER_PROFIT":-1601150000,"HOLDER_PROFIT_YOY":-596.152173913,"GROSS_PROFIT_RATIO":63.96439959264,"EPS_TTM":-1.263831457827,"OPERATE_INCOME_QOQ":-15.307702543797,"NET_PROFIT_RATIO":-102.6833698025,"ROE_AVG":-68.14001567797,"GROSS_PROFIT_QOQ":-45.065668810647,"ROA":-45.986707324183,"HOLDER_PROFIT_QOQ":-214.377547574356,"ROE_YEARLY":-68.14001567797,"ROIC_YEARLY":-79.299417394562,"TOTAL_ASSETS":2676768000,"TOTAL_LIABILITIES":853900000,"TAX_EBT":0.947866712198,"OCF_SALES":9.163423775162,"TOTAL_PARENT_EQUITY":1822868000,"DEBT_ASSET_RATIO":31.9004112422,"OPERATE_PROFIT":-1579425000,"PRETAX_PROFIT":-1616472000,"NETCASH_OPERATE":142886000,"NETCASH_INVEST":-557570000,"NETCASH_FINANCE":-220211000,"END_CASH":1096998000,"DIVI_RATIO":-0.372780381341,"DIVIDEND_RATE":16.107453416149,"CURRENT_RATIO":4.81556505414,"COMMON_ACS":500000000000000,"CURRENTDEBT_DEBT":33.809345356599,"ISSUED_COMMON_SHARES":1265477524,"HK_COMMON_SHARES":1265477524,"PER_SHARES":500,"TOTAL_MARKET_CAP":4074837627.28,"HKSK_MARKET_CAP":4074837627.28,"PE_TTM":38.916051558095,"PB_TTM":2.481235930575,"REPORT_DATE_SQ":"2021-12-31 00:00:00","REPORT_TYPE_SQ":"2021年年报","OPERATE_INCOME_SQ":1835616000,"DPS_HKD":0.51866,"OPERATE_INCOME_QOQ_SQ":24.789407812934,"NET_PROFIT_RATIO_SQ":-12.5298537385,"HOLDER_PROFIT_SQ":-230000000,"HOLDER_PROFIT_QOQ_SQ":-460.716414165177,"ROE_AVG_SQ":-15.146735647974,"PE_TTM_SQ":-4.202989769026,"PB_TTM_SQ":2.454849805427,"ROA_SQ":-8.937752054323,"START_DATE":"2022-01-01 00:00:00","FISCAL_YEAR":"12-31","CURRENCY":"HKD","IS_CNY_CODE":0,"DPS_HKD_LY":null,"ORG_TYPE":"一般企业","PREMIUM_INCOME":null,"PREMIUM_INCOME_YOY":null,"NET_INTEREST_INCOME":null,"NET_INTEREST_INCOME_YOY":null,"FEE_COMMISSION_INCOME":null,"FEE_COMMISSION_INCOME_YOY":null,"ACCOUNTS_RECE_TDAYS":null,"INVENTORY_TDAYS":11.530534351145,"CURRENT_ASSETS_TDAYS":1.004589985656,"TOTAL_ASSETS_TDAYS":0.447849611993,"PREMIUM_EXPENSE":null,"LOAN_DEPOSIT":null,"LOAN_EQUITY":null,"LOAN_ASSETS":null,"DEPOSIT_EQUITY":null,"DEPOSIT_ASSETS":null,"EQUITY_MULTIPLIER":1.468437648804,"EQUITY_RATIO":0.468437648804},{"SECUCODE":"09869.HK","SECURITY_CODE":"09869","SECURITY_NAME_ABBR":"海伦司","ORG_CODE":"10000184456","STD_REPORT_DATE":"2022-06-30 00:00:00","REPORT_DATE":"2022-06-30 00:00:00","DATE_TYPE_CODE":"002","REPORT_TYPE":"2022年中报","PER_NETCASH_OPERATE":0.044847211029,"PER_OI":0.68956582927,"BPS":2.163695481011,"BASIC_EPS":-0.249,"DILUTED_EPS":-0.249,"OPERATE_INCOME":873612000,"OPERATE_INCOME_YOY":0.6369206631,"GROSS_PROFIT":576499000,"GROSS_PROFIT_YOY":-3.351277223888,"HOLDER_PROFIT":-304144000,"HOLDER_PROFIT_YOY":-1124.6094379127,"GROSS_PROFIT_RATIO":65.990279437554,"EPS_TTM":-0.402010724868,"OPERATE_INCOME_QOQ":0.301206788348,"NET_PROFIT_RATIO":-34.8145400933,"ROE_AVG":-10.833599889436,"GROSS_PROFIT_QOQ":-1.587983753155,"ROA":-7.304642003637,"HOLDER_PROFIT_QOQ":-121.438260869565,"ROE_YEARLY":-21.667199778871,"ROIC_YEARLY":-22.703569621704,"TOTAL_ASSETS":4040651000,"TOTAL_LIABILITIES":1302190000,"TAX_EBT":6.316052105505,"OCF_SALES":6.503688136152,"TOTAL_PARENT_EQUITY":2738108000,"DEBT_ASSET_RATIO":32.227232691,"OPERATE_PROFIT":-288433000,"PRETAX_PROFIT":-324649000,"NETCASH_OPERATE":56817000,"NETCASH_INVEST":-219005000,"NETCASH_FINANCE":-185565000,"END_CASH":1341810000,"DIVI_RATIO":-1.1719378207,"DIVIDEND_RATE":16.107453416149,"CURRENT_RATIO":4.725394334269,"COMMON_ACS":500000000000000,"CURRENTDEBT_DEBT":24.221119805866,"ISSUED_COMMON_SHARES":1265477524,"HK_COMMON_SHARES":1265477524,"PER_SHARES":500,"TOTAL_MARKET_CAP":4074837627.28,"HKSK_MARKET_CAP":4074837627.28,"PE_TTM":38.916051558095,"PB_TTM":2.481235930575,"REPORT_DATE_SQ":"2021-06-30 00:00:00","REPORT_TYPE_SQ":"2021年中报","OPERATE_INCOME_SQ":868083000,"DPS_HKD":0.51866,"OPERATE_INCOME_QOQ_SQ":30.813675323128,"NET_PROFIT_RATIO_SQ":-2.8610167461,"HOLDER_PROFIT_SQ":-24836000,"HOLDER_PROFIT_QOQ_SQ":518.508099718692,"ROE_AVG_SQ":-12.808234896716,"PE_TTM_SQ":-4.202989769026,"PB_TTM_SQ":2.454849805427,"ROA_SQ":-2.144974023411,"START_DATE":"2022-01-01 00:00:00","FISCAL_YEAR":"12-31","CURRENCY":"HKD","IS_CNY_CODE":0,"DPS_HKD_LY":null,"ORG_TYPE":"一般企业","PREMIUM_INCOME":null,"PREMIUM_INCOME_YOY":null,"NET_INTEREST_INCOME":null,"NET_INTEREST_INCOME_YOY":null,"FEE_COMMISSION_INCOME":null,"FEE_COMMISSION_INCOME_YOY":null,"ACCOUNTS_RECE_TDAYS":null,"INVENTORY_TDAYS":3.700959143,"CURRENT_ASSETS_TDAYS":0.545234629912,"TOTAL_ASSETS_TDAYS":0.209815840854,"PREMIUM_EXPENSE":null,"LOAN_DEPOSIT":null,"LOAN_EQUITY":null,"LOAN_ASSETS":null,"DEPOSIT_EQUITY":null,"DEPOSIT_ASSETS":null,"EQUITY_MULTIPLIER":1.475518913726,"EQUITY_RATIO":0.475580218165},{"SECUCODE":"09869.HK","SECURITY_CODE":"09869","SECURITY_NAME_ABBR":"海伦司","ORG_CODE":"10000184456","STD_REPORT_DATE":"2021-12-31 00:00:00","REPORT_DATE":"2021-12-31 00:00:00","DATE_TYPE_CODE":"001","REPORT_TYPE":"2021年年报","PER_NETCASH_OPERATE":0.289356349373,"PER_OI":1.44890188008,"BPS":2.273228836896,"BASIC_EPS":-0.213,"DILUTED_EPS":-0.213,"OPERATE_INCOME":1835616000,"OPERATE_INCOME_YOY":124.4180232167,"GROSS_PROFIT":1258829000,"GROSS_PROFIT_YOY":130.318537763466,"HOLDER_PROFIT":-230000000,"HOLDER_PROFIT_YOY":-428.2338166457,"GROSS_PROFIT_RATIO":68.578014138033,"EPS_TTM":-0.181545286388,"OPERATE_INCOME_QOQ":24.789407812934,"NET_PROFIT_RATIO":-12.5298537385,"ROE_AVG":-15.146735647974,"GROSS_PROFIT_QOQ":-1.133001637535,"ROA":-8.937752054323,"HOLDER_PROFIT_QOQ":-460.716414165177,"ROE_YEARLY":-15.146735647974,"ROIC_YEARLY":-13.158941128614,"TOTAL_ASSETS":4286766000,"TOTAL_LIABILITIES":1410046000,"TAX_EBT":-30.053717839977,"OCF_SALES":19.970734619877,"TOTAL_PARENT_EQUITY":2876720000,"DEBT_ASSET_RATIO":32.8930013908,"OPERATE_PROFIT":-119723000,"PRETAX_PROFIT":-176850000,"NETCASH_OPERATE":366586000,"NETCASH_INVEST":-994085000,"NETCASH_FINANCE":2237193000,"END_CASH":1626731000,"DIVI_RATIO":-2.59511872863,"DIVIDEND_RATE":16.107453416149,"CURRENT_RATIO":4.905539370282,"COMMON_ACS":500000000000000,"CURRENTDEBT_DEBT":24.781177351661,"ISSUED_COMMON_SHARES":1265477524,"HK_COMMON_SHARES":1265477524,"PER_SHARES":500,"TOTAL_MARKET_CAP":4074837627.28,"HKSK_MARKET_CAP":4074837627.28,"PE_TTM":38.916051558095,"PB_TTM":2.481235930575,"REPORT_DATE_SQ":"2020-12-31 00:00:00","REPORT_TYPE_SQ":"2020年年报","OPERATE_INCOME_SQ":817945000,"DPS_HKD":0.51866,"OPERATE_INCOME_QOQ_SQ":44.817982716281,"NET_PROFIT_RATIO_SQ":8.5668351784,"HOLDER_PROFIT_SQ":70072000,"HOLDER_PROFIT_QOQ_SQ":-11.453699959563,"ROE_AVG_SQ":56.18052298429,"PE_TTM_SQ":-4.202989769026,"PB_TTM_SQ":2.454849805427,"ROA_SQ":9.768099638185,"START_DATE":"2021-01-01 00:00:00","FISCAL_YEAR":"12-31","CURRENCY":"HKD","IS_CNY_CODE":0,"DPS_HKD_LY":null,"ORG_TYPE":"一般企业","PREMIUM_INCOME":null,"PREMIUM_INCOME_YOY":null,"NET_INTEREST_INCOME":null,"NET_INTEREST_INCOME_YOY":null,"FEE_COMMISSION_INCOME":null,"FEE_COMMISSION_INCOME_YOY":null,"ACCOUNTS_RECE_TDAYS":null,"INVENTORY_TDAYS":11.728438240288,"CURRENT_ASSETS_TDAYS":2.0562138148,"TOTAL_ASSETS_TDAYS":0.713316551085,"PREMIUM_EXPENSE":null,"LOAN_DEPOSIT":null,"LOAN_EQUITY":null,"LOAN_ASSETS":null,"DEPOSIT_EQUITY":null,"DEPOSIT_ASSETS":null,"EQUITY_MULTIPLIER":1.490157540532,"EQUITY_RATIO":0.490157540532},{"SECUCODE":"09869.HK","SECURITY_CODE":"09869","SECURITY_NAME_ABBR":"海伦司","ORG_CODE":"10000184456","STD_REPORT_DATE":"2021-06-30 00:00:00","REPORT_DATE":"2021-06-30 00:00:00","DATE_TYPE_CODE":"002","REPORT_TYPE":"2021年中报","PER_NETCASH_OPERATE":0.000068672155,"PER_OI":0.000560790299,"BPS":0.179833300619,"BASIC_EPS":-0.025,"DILUTED_EPS":-0.025,"OPERATE_INCOME":868083000,"OPERATE_INCOME_YOY":303.6525200296,"GROSS_PROFIT":596489000,"GROSS_PROFIT_YOY":322.505471776964,"HOLDER_PROFIT":-24836000,"HOLDER_PROFIT_YOY":-34.0602396632,"GROSS_PROFIT_RATIO":68.713360358399,"EPS_TTM":0.00004119089,"OPERATE_INCOME_QOQ":30.813675323128,"NET_PROFIT_RATIO":-2.8610167461,"ROE_AVG":-12.808234896716,"GROSS_PROFIT_QOQ":13.230761295463,"ROA":-2.144974023411,"HOLDER_PROFIT_QOQ":518.508099718692,"ROE_YEARLY":-25.616469793431,"ROIC_YEARLY":-4.385554827161,"TOTAL_ASSETS":1455797000,"TOTAL_LIABILITIES":1228222000,"TAX_EBT":598.014838580309,"OCF_SALES":12.245603243008,"TOTAL_PARENT_EQUITY":227575000,"DEBT_ASSET_RATIO":84.3676693935,"OPERATE_PROFIT":31167000,"PRETAX_PROFIT":4987000,"NETCASH_OPERATE":106302000,"NETCASH_INVEST":-203537000,"NETCASH_FINANCE":98709000,"END_CASH":26229000,"DIVI_RATIO":11437.761532862,"DIVIDEND_RATE":16.107453416149,"CURRENT_RATIO":0.178197133,"COMMON_ACS":500000000000000,"CURRENTDEBT_DEBT":42.665902418293,"ISSUED_COMMON_SHARES":1265477524,"HK_COMMON_SHARES":1265477524,"PER_SHARES":500,"TOTAL_MARKET_CAP":4074837627.28,"HKSK_MARKET_CAP":4074837627.28,"PE_TTM":38.916051558095,"PB_TTM":2.481235930575,"REPORT_DATE_SQ":"2020-06-30 00:00:00","REPORT_TYPE_SQ":"2020年中报","OPERATE_INCOME_SQ":215057000,"DPS_HKD":0.51866,"OPERATE_INCOME_QOQ_SQ":0,"NET_PROFIT_RATIO_SQ":-8.6144603524,"HOLDER_PROFIT_SQ":-18526000,"HOLDER_PROFIT_QOQ_SQ":0,"ROE_AVG_SQ":null,"PE_TTM_SQ":-4.202989769026,"PB_TTM_SQ":2.454849805427,"ROA_SQ":null,"START_DATE":"2021-01-01 00:00:00","FISCAL_YEAR":"12-31","CURRENCY":"HKD","IS_CNY_CODE":0,"DPS_HKD_LY":null,"ORG_TYPE":"一般企业","PREMIUM_INCOME":null,"PREMIUM_INCOME_YOY":null,"NET_INTEREST_INCOME":null,"NET_INTEREST_INCOME_YOY":null,"FEE_COMMISSION_INCOME":null,"FEE_COMMISSION_INCOME_YOY":null,"ACCOUNTS_RECE_TDAYS":null,"INVENTORY_TDAYS":7.098084311214,"CURRENT_ASSETS_TDAYS":10.541960398565,"TOTAL_ASSETS_TDAYS":0.749724386038,"PREMIUM_EXPENSE":null,"LOAN_DEPOSIT":null,"LOAN_EQUITY":null,"LOAN_ASSETS":null,"DEPOSIT_EQUITY":null,"DEPOSIT_ASSETS":null,"EQUITY_MULTIPLIER":6.396998791621,"EQUITY_RATIO":5.396998791607},{"SECUCODE":"09869.HK","SECURITY_CODE":"09869","SECURITY_NAME_ABBR":"海伦司","ORG_CODE":"10000184456","STD_REPORT_DATE":"2021-03-31 00:00:00","REPORT_DATE":"2021-03-31 00:00:00","DATE_TYPE_CODE":"003","REPORT_TYPE":"2021年一季报","PER_NETCASH_OPERATE":0.000056248357,"PER_OI":0.000242199061,"BPS":0.138242676525,"BASIC_EPS":-0.076,"DILUTED_EPS":-0.076,"OPERATE_INCOME":368571000,"OPERATE_INCOME_YOY":494.1052258293,"GROSS_PROFIT":368571000,"GROSS_PROFIT_YOY":494.10522582933,"HOLDER_PROFIT":-76332000,"HOLDER_PROFIT_YOY":-360.6916530871,"GROSS_PROFIT_RATIO":null,"EPS_TTM":0.000006774353,"OPERATE_INCOME_QOQ":37.475991662031,"NET_PROFIT_RATIO":-20.7102566398,"ROE_AVG":-45.546734450938,"GROSS_PROFIT_QOQ":37.475991662031,"ROA":-7.225012103684,"HOLDER_PROFIT_QOQ":-85.287989496518,"ROE_YEARLY":-182.186937803754,"ROIC_YEARLY":-31.544103973387,"TOTAL_ASSETS":1253051000,"TOTAL_LIABILITIES":1078108000,"TAX_EBT":-16.854964636723,"OCF_SALES":23.224019252736,"TOTAL_PARENT_EQUITY":174943000,"DEBT_ASSET_RATIO":86.0386368951,"OPERATE_PROFIT":null,"PRETAX_PROFIT":-65322000,"NETCASH_OPERATE":85597000,"NETCASH_INVEST":-96522000,"NETCASH_FINANCE":136893000,"END_CASH":152858000,"DIVI_RATIO":69546.355345982,"DIVIDEND_RATE":17.641496598639,"CURRENT_RATIO":0.439575897363,"COMMON_ACS":500000000000000,"CURRENTDEBT_DEBT":43.190663644088,"ISSUED_COMMON_SHARES":1265477524,"HK_COMMON_SHARES":1265477524,"PER_SHARES":500,"TOTAL_MARKET_CAP":3720503920.56,"HKSK_MARKET_CAP":3720503920.56,"PE_TTM":35.532047074782,"PB_TTM":2.265476284438,"REPORT_DATE_SQ":"2020-03-31 00:00:00","REPORT_TYPE_SQ":"2020年一季报","OPERATE_INCOME_SQ":62038000,"DPS_HKD":0.51866,"OPERATE_INCOME_QOQ_SQ":0,"NET_PROFIT_RATIO_SQ":-26.7078242368,"HOLDER_PROFIT_SQ":-16569000,"HOLDER_PROFIT_QOQ_SQ":0,"ROE_AVG_SQ":null,"PE_TTM_SQ":-4.202989769026,"PB_TTM_SQ":2.454849805427,"ROA_SQ":null,"START_DATE":"2021-01-01 00:00:00","FISCAL_YEAR":"12-31","CURRENCY":"HKD","IS_CNY_CODE":0,"DPS_HKD_LY":null,"ORG_TYPE":"一般企业","PREMIUM_INCOME":null,"PREMIUM_INCOME_YOY":null,"NET_INTEREST_INCOME":null,"NET_INTEREST_INCOME_YOY":null,"FEE_COMMISSION_INCOME":null,"FEE_COMMISSION_INCOME_YOY":null,"ACCOUNTS_RECE_TDAYS":null,"INVENTORY_TDAYS":null,"CURRENT_ASSETS_TDAYS":2.670852732839,"TOTAL_ASSETS_TDAYS":0.348861543791,"PREMIUM_EXPENSE":null,"LOAN_DEPOSIT":null,"LOAN_EQUITY":null,"LOAN_ASSETS":null,"DEPOSIT_EQUITY":null,"DEPOSIT_ASSETS":null,"EQUITY_MULTIPLIER":7.162624397678,"EQUITY_RATIO":6.162624397661},{"SECUCODE":"09869.HK","SECURITY_CODE":"09869","SECURITY_NAME_ABBR":"海伦司","ORG_CODE":"10000184456","STD_REPORT_DATE":"2020-12-31 00:00:00","REPORT_DATE":"2020-12-31 00:00:00","DATE_TYPE_CODE":"001","REPORT_TYPE":"2020年年报","PER_NETCASH_OPERATE":0.000160417276,"PER_OI":0.000533700933,"BPS":0.126622557067,"BASIC_EPS":0.07,"DILUTED_EPS":0.068,"OPERATE_INCOME":817945000,"OPERATE_INCOME_YOY":44.8179827163,"GROSS_PROFIT":546560000,"GROSS_PROFIT_YOY":-3.231003755252,"HOLDER_PROFIT":70072000,"HOLDER_PROFIT_YOY":-11.4536999596,"GROSS_PROFIT_RATIO":null,"EPS_TTM":0.000045721279,"OPERATE_INCOME_QOQ":44.817982716281,"NET_PROFIT_RATIO":8.5668351784,"ROE_AVG":56.18052298429,"GROSS_PROFIT_QOQ":44.817982716281,"ROA":9.768099638185,"HOLDER_PROFIT_QOQ":-11.453699959563,"ROE_YEARLY":56.18052298429,"ROIC_YEARLY":10.095382578434,"TOTAL_ASSETS":859942000,"TOTAL_LIABILITIES":699704000,"TAX_EBT":27.73624016418,"OCF_SALES":30.057522205038,"TOTAL_PARENT_EQUITY":160238000,"DEBT_ASSET_RATIO":81.3664177351,"OPERATE_PROFIT":125592000,"PRETAX_PROFIT":96967000,"NETCASH_OPERATE":245854000,"NETCASH_INVEST":-109874000,"NETCASH_FINANCE":-134004000,"END_CASH":24255000,"DIVI_RATIO":10304.4267400035,"DIVIDEND_RATE":16.107453416149,"CURRENT_RATIO":0.297963020997,"COMMON_ACS":500000000000000,"CURRENTDEBT_DEBT":34.203749013869,"ISSUED_COMMON_SHARES":1265477524,"HK_COMMON_SHARES":1265477524,"PER_SHARES":500,"TOTAL_MARKET_CAP":4074837627.28,"HKSK_MARKET_CAP":4074837627.28,"PE_TTM":38.916051558095,"PB_TTM":2.481235930575,"REPORT_DATE_SQ":"2019-12-31 00:00:00","REPORT_TYPE_SQ":"2019年年报","OPERATE_INCOME_SQ":564809000,"DPS_HKD":0.51866,"OPERATE_INCOME_QOQ_SQ":391.951049560143,"NET_PROFIT_RATIO_SQ":14.0111081799,"HOLDER_PROFIT_SQ":79136000,"HOLDER_PROFIT_QOQ_SQ":712.985411958085,"ROE_AVG_SQ":159.065738032784,"PE_TTM_SQ":-4.202989769026,"PB_TTM_SQ":2.454849805427,"ROA_SQ":19.819551320181,"START_DATE":"2020-01-01 00:00:00","FISCAL_YEAR":"12-31","CURRENCY":"HKD","IS_CNY_CODE":0,"DPS_HKD_LY":null,"ORG_TYPE":"一般企业","PREMIUM_INCOME":null,"PREMIUM_INCOME_YOY":null,"NET_INTEREST_INCOME":null,"NET_INTEREST_INCOME_YOY":null,"FEE_COMMISSION_INCOME":null,"FEE_COMMISSION_INCOME_YOY":null,"ACCOUNTS_RECE_TDAYS":null,"INVENTORY_TDAYS":null,"CURRENT_ASSETS_TDAYS":13.475427931267,"TOTAL_ASSETS_TDAYS":1.140222665052,"PREMIUM_EXPENSE":null,"LOAN_DEPOSIT":null,"LOAN_EQUITY":null,"LOAN_ASSETS":null,"DEPOSIT_EQUITY":null,"DEPOSIT_ASSETS":null,"EQUITY_MULTIPLIER":5.366654601266,"EQUITY_RATIO":4.366654601281}],"count":13},"success":true,"message":"ok","code":0}