{"version":"88d216e7a2351f7aa9e1fa27e6d3e5e8","result":{"pages":2,"data":[{"SECUCODE":"09863.HK","SECURITY_CODE":"09863","SECURITY_NAME_ABBR":"零跑汽车","ORG_CODE":"10506862","STD_REPORT_DATE":"2024-06-30 00:00:00","REPORT_DATE":"2024-06-30 00:00:00","DATE_TYPE_CODE":"002","REPORT_TYPE":"2024年中报","PER_NETCASH_OPERATE":0.200120258996,"PER_OI":6.616030184143,"BPS":7.813397875943,"BASIC_EPS":-1.65,"DILUTED_EPS":-1.65,"OPERATE_INCOME":8845408000,"OPERATE_INCOME_YOY":52.1624652038,"GROSS_PROFIT":100225000,"GROSS_PROFIT_YOY":129.326135299625,"HOLDER_PROFIT":-2211736000,"HOLDER_PROFIT_YOY":2.828203746,"GROSS_PROFIT_RATIO":1.13307379377,"EPS_TTM":-3.105464704124,"OPERATE_INCOME_QOQ":18.106707540816,"NET_PROFIT_RATIO":-25.0043412356,"ROE_AVG":-19.279055094994,"GROSS_PROFIT_QOQ":549.254380514478,"ROA":-8.073189644431,"HOLDER_PROFIT_QOQ":1.526774588179,"ROE_YEARLY":-38.558110189988,"ROIC_YEARLY":-28.419349282406,"TOTAL_ASSETS":26338706000,"TOTAL_LIABILITIES":15892458000,"TAX_EBT":-0.000723418878,"OCF_SALES":3.024778506543,"TOTAL_PARENT_EQUITY":10446248000,"DEBT_ASSET_RATIO":60.3387956872,"OPERATE_PROFIT":-2395029000,"PRETAX_PROFIT":-2211720000,"NETCASH_OPERATE":267554000,"NETCASH_INVEST":-2460099000,"NETCASH_FINANCE":-345475000,"END_CASH":9197853000,"DIVI_RATIO":null,"DIVIDEND_RATE":null,"CURRENT_RATIO":1.417130219021,"COMMON_ACS":null,"CURRENTDEBT_DEBT":85.590177428816,"ISSUED_COMMON_SHARES":1336966089,"HK_COMMON_SHARES":1116413915,"PER_SHARES":100,"TOTAL_MARKET_CAP":46259026679.4,"HKSK_MARKET_CAP":38627921459,"PE_TTM":-10.040554929694,"PB_TTM":4.041612689049,"REPORT_DATE_SQ":"2023-06-30 00:00:00","REPORT_TYPE_SQ":"2023年中报","OPERATE_INCOME_SQ":5813134000,"DPS_HKD":null,"OPERATE_INCOME_QOQ_SQ":5.907411040943,"NET_PROFIT_RATIO_SQ":-39.1545937183,"HOLDER_PROFIT_SQ":-2276109000,"HOLDER_PROFIT_QOQ_SQ":3.285315037368,"ROE_AVG_SQ":-31.219711917307,"PE_TTM_SQ":-5.631059974023,"PB_TTM_SQ":4.377010351295,"ROA_SQ":-12.238960607114,"START_DATE":"2024-01-01 00:00:00","FISCAL_YEAR":"12-31","CURRENCY":"HKD","IS_CNY_CODE":0,"DPS_HKD_LY":null,"ORG_TYPE":"一般企业","PREMIUM_INCOME":null,"PREMIUM_INCOME_YOY":null,"NET_INTEREST_INCOME":null,"NET_INTEREST_INCOME_YOY":null,"FEE_COMMISSION_INCOME":null,"FEE_COMMISSION_INCOME_YOY":null,"ACCOUNTS_RECE_TDAYS":11.98446224154,"INVENTORY_TDAYS":5.192787016463,"CURRENT_ASSETS_TDAYS":0.423771827434,"TOTAL_ASSETS_TDAYS":0.322871519324,"PREMIUM_EXPENSE":null,"LOAN_DEPOSIT":null,"LOAN_EQUITY":null,"LOAN_ASSETS":null,"DEPOSIT_EQUITY":null,"DEPOSIT_ASSETS":null,"EQUITY_MULTIPLIER":2.521355610166,"EQUITY_RATIO":1.521355610167},{"SECUCODE":"09863.HK","SECURITY_CODE":"09863","SECURITY_NAME_ABBR":"零跑汽车","ORG_CODE":"10506862","STD_REPORT_DATE":"2023-12-31 00:00:00","REPORT_DATE":"2023-12-31 00:00:00","DATE_TYPE_CODE":"001","REPORT_TYPE":"2023年年报","PER_NETCASH_OPERATE":0.80897414594,"PER_OI":12.525889128965,"BPS":9.348177267045,"BASIC_EPS":-3.62,"DILUTED_EPS":-3.62,"OPERATE_INCOME":16746689000,"OPERATE_INCOME_YOY":35.2215528441,"GROSS_PROFIT":80470000,"GROSS_PROFIT_YOY":104.210188163548,"HOLDER_PROFIT":-4216274000,"HOLDER_PROFIT_YOY":17.4717541163,"GROSS_PROFIT_RATIO":0.48051289422,"EPS_TTM":-3.153613270142,"OPERATE_INCOME_QOQ":27.679027855618,"NET_PROFIT_RATIO":-25.1767618065,"ROE_AVG":-40.624992622987,"GROSS_PROFIT_QOQ":108.613482931988,"ROA":-17.670420094689,"HOLDER_PROFIT_QOQ":14.668340267429,"ROE_YEARLY":-40.624992622987,"ROIC_YEARLY":-31.37953940643,"TOTAL_ASSETS":28453417000,"TOTAL_LIABILITIES":15955221000,"TAX_EBT":-0.001802571891,"OCF_SALES":6.458416944388,"TOTAL_PARENT_EQUITY":12498196000,"DEBT_ASSET_RATIO":56.0748854874,"OPERATE_PROFIT":-4377425000,"PRETAX_PROFIT":-4216198000,"NETCASH_OPERATE":1081571000,"NETCASH_INVEST":-4860373000,"NETCASH_FINANCE":8551699000,"END_CASH":11731389000,"DIVI_RATIO":null,"DIVIDEND_RATE":null,"CURRENT_RATIO":1.610306482064,"COMMON_ACS":null,"CURRENTDEBT_DEBT":87.455410363793,"ISSUED_COMMON_SHARES":1336966089,"HK_COMMON_SHARES":1116413915,"PER_SHARES":100,"TOTAL_MARKET_CAP":39173106407.7,"HKSK_MARKET_CAP":32710927709.5,"PE_TTM":-8.502550850868,"PB_TTM":3.42252172801,"REPORT_DATE_SQ":"2022-12-31 00:00:00","REPORT_TYPE_SQ":"2022年年报","OPERATE_INCOME_SQ":12384630000,"DPS_HKD":null,"OPERATE_INCOME_QOQ_SQ":68.806882019888,"NET_PROFIT_RATIO_SQ":-41.2518258519,"HOLDER_PROFIT_SQ":-5108886000,"HOLDER_PROFIT_QOQ_SQ":-19.405469495534,"ROE_AVG_SQ":-65.967648789646,"PE_TTM_SQ":-9.819866279866,"PB_TTM_SQ":7.632960144908,"ROA_SQ":-32.137094658783,"START_DATE":"2023-01-01 00:00:00","FISCAL_YEAR":"12-31","CURRENCY":"HKD","IS_CNY_CODE":0,"DPS_HKD_LY":null,"ORG_TYPE":"一般企业","PREMIUM_INCOME":null,"PREMIUM_INCOME_YOY":null,"NET_INTEREST_INCOME":null,"NET_INTEREST_INCOME_YOY":null,"FEE_COMMISSION_INCOME":null,"FEE_COMMISSION_INCOME_YOY":null,"ACCOUNTS_RECE_TDAYS":12.825075797782,"INVENTORY_TDAYS":9.61052623081,"CURRENT_ASSETS_TDAYS":0.927585196713,"TOTAL_ASSETS_TDAYS":0.701854361991,"PREMIUM_EXPENSE":null,"LOAN_DEPOSIT":null,"LOAN_EQUITY":null,"LOAN_ASSETS":null,"DEPOSIT_EQUITY":null,"DEPOSIT_ASSETS":null,"EQUITY_MULTIPLIER":2.276601919189,"EQUITY_RATIO":1.276601919189},{"SECUCODE":"09863.HK","SECURITY_CODE":"09863","SECURITY_NAME_ABBR":"零跑汽车","ORG_CODE":"10506862","STD_REPORT_DATE":"2023-06-30 00:00:00","REPORT_DATE":"2023-06-30 00:00:00","DATE_TYPE_CODE":"002","REPORT_TYPE":"2023年中报","PER_NETCASH_OPERATE":0.132789179514,"PER_OI":5.087164764915,"BPS":4.728901542094,"BASIC_EPS":-1.99,"DILUTED_EPS":-1.99,"OPERATE_INCOME":5813134000,"OPERATE_INCOME_YOY":14.3974749303,"GROSS_PROFIT":-341760000,"GROSS_PROFIT_YOY":74.086377226099,"HOLDER_PROFIT":-2276109000,"HOLDER_PROFIT_YOY":6.8676880724,"GROSS_PROFIT_RATIO":-5.879100670998,"EPS_TTM":-4.323984248691,"OPERATE_INCOME_QOQ":5.907411040943,"NET_PROFIT_RATIO":-39.1545937183,"ROE_AVG":-31.219711917307,"GROSS_PROFIT_QOQ":51.120955404548,"ROA":-12.238960607114,"HOLDER_PROFIT_QOQ":3.285315037368,"ROE_YEARLY":-62.439423834615,"ROIC_YEARLY":-41.718341274972,"TOTAL_ASSETS":17926634000,"TOTAL_LIABILITIES":11604253000,"TAX_EBT":-0.002064970111,"OCF_SALES":2.610278724007,"TOTAL_PARENT_EQUITY":6322381000,"DEBT_ASSET_RATIO":64.7319123043,"OPERATE_PROFIT":-2333572000,"PRETAX_PROFIT":-2276062000,"NETCASH_OPERATE":151739000,"NETCASH_INVEST":-604671000,"NETCASH_FINANCE":610202000,"END_CASH":7108124000,"DIVI_RATIO":null,"DIVIDEND_RATE":null,"CURRENT_RATIO":1.401318898222,"COMMON_ACS":null,"CURRENTDEBT_DEBT":79.896353517973,"ISSUED_COMMON_SHARES":1336966089,"HK_COMMON_SHARES":1116413915,"PER_SHARES":100,"TOTAL_MARKET_CAP":39173106407.7,"HKSK_MARKET_CAP":32710927709.5,"PE_TTM":-8.502550850868,"PB_TTM":3.42252172801,"REPORT_DATE_SQ":"2022-06-30 00:00:00","REPORT_TYPE_SQ":"2022年中报","OPERATE_INCOME_SQ":5081523000,"DPS_HKD":null,"OPERATE_INCOME_QOQ_SQ":51.399001495919,"NET_PROFIT_RATIO_SQ":-48.0948723444,"HOLDER_PROFIT_SQ":-2443952000,"HOLDER_PROFIT_QOQ_SQ":-22.5700503131,"ROE_AVG_SQ":-40.27093114104,"PE_TTM_SQ":-9.819866279866,"PB_TTM_SQ":7.632960144908,"ROA_SQ":-19.094342396957,"START_DATE":"2023-01-01 00:00:00","FISCAL_YEAR":"12-31","CURRENCY":"HKD","IS_CNY_CODE":0,"DPS_HKD_LY":null,"ORG_TYPE":"一般企业","PREMIUM_INCOME":null,"PREMIUM_INCOME_YOY":null,"NET_INTEREST_INCOME":null,"NET_INTEREST_INCOME_YOY":null,"FEE_COMMISSION_INCOME":null,"FEE_COMMISSION_INCOME_YOY":null,"ACCOUNTS_RECE_TDAYS":4.328285396673,"INVENTORY_TDAYS":3.805123620735,"CURRENT_ASSETS_TDAYS":0.436576256109,"TOTAL_ASSETS_TDAYS":0.312580452122,"PREMIUM_EXPENSE":null,"LOAN_DEPOSIT":null,"LOAN_EQUITY":null,"LOAN_ASSETS":null,"DEPOSIT_EQUITY":null,"DEPOSIT_ASSETS":null,"EQUITY_MULTIPLIER":2.835424502253,"EQUITY_RATIO":1.835424502256},{"SECUCODE":"09863.HK","SECURITY_CODE":"09863","SECURITY_NAME_ABBR":"零跑汽车","ORG_CODE":"10506862","STD_REPORT_DATE":"2022-12-31 00:00:00","REPORT_DATE":"2022-12-31 00:00:00","DATE_TYPE_CODE":"001","REPORT_TYPE":"2022年年报","PER_NETCASH_OPERATE":-2.10007112599,"PER_OI":10.837984013875,"BPS":6.177306266741,"BASIC_EPS":-4.89,"DILUTED_EPS":-4.89,"OPERATE_INCOME":12384630000,"OPERATE_INCOME_YOY":295.4149650438,"GROSS_PROFIT":-1911316000,"GROSS_PROFIT_YOY":-37.739499910279,"HOLDER_PROFIT":-5108886000,"HOLDER_PROFIT_YOY":-79.5254224423,"GROSS_PROFIT_RATIO":-15.432968122584,"EPS_TTM":-4.470866291259,"OPERATE_INCOME_QOQ":68.806882019888,"NET_PROFIT_RATIO":-41.2518258519,"ROE_AVG":-65.967648789646,"GROSS_PROFIT_QOQ":15.042578367043,"ROA":-32.137094658783,"HOLDER_PROFIT_QOQ":-19.405469495534,"ROE_YEARLY":-65.967648789646,"ROIC_YEARLY":-50.022039953903,"TOTAL_ASSETS":19267848000,"TOTAL_LIABILITIES":11008999000,"TAX_EBT":-0.000939548289,"OCF_SALES":-19.376953530303,"TOTAL_PARENT_EQUITY":8258849000,"DEBT_ASSET_RATIO":57.1366298925,"OPERATE_PROFIT":-5226802000,"PRETAX_PROFIT":-5108838000,"NETCASH_OPERATE":-2399765000,"NETCASH_INVEST":-1291732000,"NETCASH_FINANCE":6355410000,"END_CASH":6948994000,"DIVI_RATIO":null,"DIVIDEND_RATE":null,"CURRENT_RATIO":1.473245312095,"COMMON_ACS":null,"CURRENTDEBT_DEBT":84.089270968232,"ISSUED_COMMON_SHARES":1336966089,"HK_COMMON_SHARES":1116413915,"PER_SHARES":100,"TOTAL_MARKET_CAP":39173106407.7,"HKSK_MARKET_CAP":32710927709.5,"PE_TTM":-8.502550850868,"PB_TTM":3.42252172801,"REPORT_DATE_SQ":"2021-12-31 00:00:00","REPORT_TYPE_SQ":"2021年年报","OPERATE_INCOME_SQ":3132059000,"DPS_HKD":null,"OPERATE_INCOME_QOQ_SQ":396.127679189483,"NET_PROFIT_RATIO_SQ":-90.8594953032,"HOLDER_PROFIT_SQ":-2845773000,"HOLDER_PROFIT_QOQ_SQ":-158.684765742533,"ROE_AVG_SQ":-85.368665460731,"PE_TTM_SQ":-9.819866279866,"PB_TTM_SQ":7.632960144908,"ROA_SQ":-36.026440148708,"START_DATE":"2022-01-01 00:00:00","FISCAL_YEAR":"12-31","CURRENCY":"HKD","IS_CNY_CODE":0,"DPS_HKD_LY":null,"ORG_TYPE":"一般企业","PREMIUM_INCOME":null,"PREMIUM_INCOME_YOY":null,"NET_INTEREST_INCOME":null,"NET_INTEREST_INCOME_YOY":null,"FEE_COMMISSION_INCOME":null,"FEE_COMMISSION_INCOME_YOY":null,"ACCOUNTS_RECE_TDAYS":10.03833485919,"INVENTORY_TDAYS":11.444424564458,"CURRENT_ASSETS_TDAYS":1.096312151569,"TOTAL_ASSETS_TDAYS":0.779046599638,"PREMIUM_EXPENSE":null,"LOAN_DEPOSIT":null,"LOAN_EQUITY":null,"LOAN_ASSETS":null,"DEPOSIT_EQUITY":null,"DEPOSIT_ASSETS":null,"EQUITY_MULTIPLIER":2.332994343403,"EQUITY_RATIO":1.332994343401},{"SECUCODE":"09863.HK","SECURITY_CODE":"09863","SECURITY_NAME_ABBR":"零跑汽车","ORG_CODE":"10506862","STD_REPORT_DATE":"2022-06-30 00:00:00","REPORT_DATE":"2022-06-30 00:00:00","DATE_TYPE_CODE":"002","REPORT_TYPE":"2022年中报","PER_NETCASH_OPERATE":-0.574317092719,"PER_OI":5.021828524331,"BPS":3.670499229842,"BASIC_EPS":-2.42,"DILUTED_EPS":-2.42,"OPERATE_INCOME":5081523000,"OPERATE_INCOME_YOY":479.4111845293,"GROSS_PROFIT":-1318843000,"GROSS_PROFIT_YOY":-188.751368393397,"HOLDER_PROFIT":-2443952000,"HOLDER_PROFIT_YOY":-141.7069354638,"GROSS_PROFIT_RATIO":-25.953695378334,"EPS_TTM":-4.228340713933,"OPERATE_INCOME_QOQ":51.399001495919,"NET_PROFIT_RATIO":-48.0948723444,"ROE_AVG":-40.27093114104,"GROSS_PROFIT_QOQ":-26.410997820979,"ROA":-19.094342396957,"HOLDER_PROFIT_QOQ":-22.5700503131,"ROE_YEARLY":-80.54186228208,"ROIC_YEARLY":-53.824790040104,"TOTAL_ASSETS":13072227000,"TOTAL_LIABILITIES":8164894000,"TAX_EBT":null,"OCF_SALES":-11.436413846794,"TOTAL_PARENT_EQUITY":4907333000,"DEBT_ASSET_RATIO":62.4598547746,"OPERATE_PROFIT":-2493518000,"PRETAX_PROFIT":-2443952000,"NETCASH_OPERATE":-581144000,"NETCASH_INVEST":-529538000,"NETCASH_FINANCE":-127591000,"END_CASH":3098458000,"DIVI_RATIO":null,"DIVIDEND_RATE":null,"CURRENT_RATIO":1.172946395055,"COMMON_ACS":null,"CURRENTDEBT_DEBT":86.526487667813,"ISSUED_COMMON_SHARES":1336966089,"HK_COMMON_SHARES":1116413915,"PER_SHARES":100,"TOTAL_MARKET_CAP":39173106407.7,"HKSK_MARKET_CAP":32710927709.5,"PE_TTM":-8.502550850868,"PB_TTM":3.42252172801,"REPORT_DATE_SQ":"2021-06-30 00:00:00","REPORT_TYPE_SQ":"2021年中报","OPERATE_INCOME_SQ":877015000,"DPS_HKD":null,"OPERATE_INCOME_QOQ_SQ":0,"NET_PROFIT_RATIO_SQ":-115.2913006049,"HOLDER_PROFIT_SQ":-1011122000,"HOLDER_PROFIT_QOQ_SQ":0,"ROE_AVG_SQ":null,"PE_TTM_SQ":-9.819866279866,"PB_TTM_SQ":7.632960144908,"ROA_SQ":null,"START_DATE":"2022-01-01 00:00:00","FISCAL_YEAR":"12-31","CURRENCY":"HKD","IS_CNY_CODE":0,"DPS_HKD_LY":null,"ORG_TYPE":"一般企业","PREMIUM_INCOME":null,"PREMIUM_INCOME_YOY":null,"NET_INTEREST_INCOME":null,"NET_INTEREST_INCOME_YOY":null,"FEE_COMMISSION_INCOME":null,"FEE_COMMISSION_INCOME_YOY":null,"ACCOUNTS_RECE_TDAYS":4.852511161967,"INVENTORY_TDAYS":5.986901595465,"CURRENT_ASSETS_TDAYS":0.589453225593,"TOTAL_ASSETS_TDAYS":0.397014098722,"PREMIUM_EXPENSE":null,"LOAN_DEPOSIT":null,"LOAN_EQUITY":null,"LOAN_ASSETS":null,"DEPOSIT_EQUITY":null,"DEPOSIT_ASSETS":null,"EQUITY_MULTIPLIER":2.66381494796,"EQUITY_RATIO":1.663814947956},{"SECUCODE":"09863.HK","SECURITY_CODE":"09863","SECURITY_NAME_ABBR":"零跑汽车","ORG_CODE":"10506862","STD_REPORT_DATE":"2022-03-31 00:00:00","REPORT_DATE":"2022-03-31 00:00:00","DATE_TYPE_CODE":"003","REPORT_TYPE":"2022年一季报","PER_NETCASH_OPERATE":-0.380688752796,"PER_OI":1.968438175409,"BPS":4.682969187859,"BASIC_EPS":-1.03,"DILUTED_EPS":-1.03,"OPERATE_INCOME":1991837000,"OPERATE_INCOME_YOY":616.367017087,"GROSS_PROFIT":-529475000,"GROSS_PROFIT_YOY":-285.330548439683,"HOLDER_PROFIT":-1042203000,"HOLDER_PROFIT_YOY":-162.3643435246,"GROSS_PROFIT_RATIO":-26.582245434742,"EPS_TTM":-3.449734011802,"OPERATE_INCOME_QOQ":54.717679328518,"NET_PROFIT_RATIO":-52.3237092192,"ROE_AVG":-15.450130518538,"GROSS_PROFIT_QOQ":-28.25441345718,"ROA":-8.297830591701,"HOLDER_PROFIT_QOQ":-22.664070535492,"ROE_YEARLY":-61.800522074151,"ROIC_YEARLY":-50.516407848779,"TOTAL_ASSETS":12593415000,"TOTAL_LIABILITIES":6332444000,"TAX_EBT":null,"OCF_SALES":-19.339634719106,"TOTAL_PARENT_EQUITY":6260971000,"DEBT_ASSET_RATIO":50.2837713202,"OPERATE_PROFIT":-1071975000,"PRETAX_PROFIT":-1042203000,"NETCASH_OPERATE":-385214000,"NETCASH_INVEST":504265000,"NETCASH_FINANCE":-179965000,"END_CASH":4277140000,"DIVI_RATIO":null,"DIVIDEND_RATE":null,"CURRENT_RATIO":1.640728440433,"COMMON_ACS":null,"CURRENTDEBT_DEBT":79.755320378672,"ISSUED_COMMON_SHARES":1336966089,"HK_COMMON_SHARES":1116413915,"PER_SHARES":100,"TOTAL_MARKET_CAP":47261751246.15,"HKSK_MARKET_CAP":39465231895.25,"PE_TTM":-10.258197016321,"PB_TTM":4.129219900517,"REPORT_DATE_SQ":"2021-03-31 00:00:00","REPORT_TYPE_SQ":"2021年一季报","OPERATE_INCOME_SQ":278047000,"DPS_HKD":null,"OPERATE_INCOME_QOQ_SQ":0,"NET_PROFIT_RATIO_SQ":-142.8661341428,"HOLDER_PROFIT_SQ":-397235000,"HOLDER_PROFIT_QOQ_SQ":0,"ROE_AVG_SQ":null,"PE_TTM_SQ":-5.154489196711,"PB_TTM_SQ":4.006572949626,"ROA_SQ":null,"START_DATE":"2022-01-01 00:00:00","FISCAL_YEAR":"12-31","CURRENCY":"HKD","IS_CNY_CODE":0,"DPS_HKD_LY":null,"ORG_TYPE":"一般企业","PREMIUM_INCOME":null,"PREMIUM_INCOME_YOY":null,"NET_INTEREST_INCOME":null,"NET_INTEREST_INCOME_YOY":null,"FEE_COMMISSION_INCOME":null,"FEE_COMMISSION_INCOME_YOY":null,"ACCOUNTS_RECE_TDAYS":2.252851215389,"INVENTORY_TDAYS":2.703901028664,"CURRENT_ASSETS_TDAYS":0.231054315664,"TOTAL_ASSETS_TDAYS":0.158586436541,"PREMIUM_EXPENSE":null,"LOAN_DEPOSIT":null,"LOAN_EQUITY":null,"LOAN_ASSETS":null,"DEPOSIT_EQUITY":null,"DEPOSIT_ASSETS":null,"EQUITY_MULTIPLIER":2.011415641441,"EQUITY_RATIO":1.01141564144},{"SECUCODE":"09863.HK","SECURITY_CODE":"09863","SECURITY_NAME_ABBR":"零跑汽车","ORG_CODE":"10506862","STD_REPORT_DATE":"2021-12-31 00:00:00","REPORT_DATE":"2021-12-31 00:00:00","DATE_TYPE_CODE":"001","REPORT_TYPE":"2021年年报","PER_NETCASH_OPERATE":-1.006670705326,"PER_OI":3.095265578073,"BPS":5.407927739893,"BASIC_EPS":-3.03,"DILUTED_EPS":-3.03,"OPERATE_INCOME":3132059000,"OPERATE_INCOME_YOY":396.1276791895,"GROSS_PROFIT":-1387631000,"GROSS_PROFIT_YOY":-334.176050763295,"HOLDER_PROFIT":-2845773000,"HOLDER_PROFIT_YOY":-158.6847657425,"GROSS_PROFIT_RATIO":-44.30411432224,"EPS_TTM":-2.812342682533,"OPERATE_INCOME_QOQ":396.127679189483,"NET_PROFIT_RATIO":-90.8594953032,"ROE_AVG":-85.368665460731,"GROSS_PROFIT_QOQ":-334.176050763295,"ROA":-36.026440148708,"HOLDER_PROFIT_QOQ":-158.684765742533,"ROE_YEARLY":-85.368665460731,"ROIC_YEARLY":-50.103957278304,"TOTAL_ASSETS":12526476000,"TOTAL_LIABILITIES":5296260000,"TAX_EBT":null,"OCF_SALES":-32.522918629566,"TOTAL_PARENT_EQUITY":7230216000,"DEBT_ASSET_RATIO":42.2805264625,"OPERATE_PROFIT":-2868318000,"PRETAX_PROFIT":-2845773000,"NETCASH_OPERATE":-1018637000,"NETCASH_INVEST":-3003239000,"NETCASH_FINANCE":8259126000,"END_CASH":4337967000,"DIVI_RATIO":null,"DIVIDEND_RATE":null,"CURRENT_RATIO":2.068323708714,"COMMON_ACS":null,"CURRENTDEBT_DEBT":81.746779803106,"ISSUED_COMMON_SHARES":1336966089,"HK_COMMON_SHARES":1116413915,"PER_SHARES":100,"TOTAL_MARKET_CAP":39173106407.7,"HKSK_MARKET_CAP":32710927709.5,"PE_TTM":-8.502550850868,"PB_TTM":3.42252172801,"REPORT_DATE_SQ":"2020-12-31 00:00:00","REPORT_TYPE_SQ":"2020年年报","OPERATE_INCOME_SQ":631301000,"DPS_HKD":null,"OPERATE_INCOME_QOQ_SQ":439.744192607919,"NET_PROFIT_RATIO_SQ":-174.2580797433,"HOLDER_PROFIT_SQ":-1100093000,"HOLDER_PROFIT_QOQ_SQ":-22.079142766146,"ROE_AVG_SQ":122.763028240921,"PE_TTM_SQ":-9.819866279866,"PB_TTM_SQ":7.632960144908,"ROA_SQ":-38.543582186452,"START_DATE":"2021-01-01 00:00:00","FISCAL_YEAR":"12-31","CURRENCY":"HKD","IS_CNY_CODE":0,"DPS_HKD_LY":null,"ORG_TYPE":"一般企业","PREMIUM_INCOME":null,"PREMIUM_INCOME_YOY":null,"NET_INTEREST_INCOME":null,"NET_INTEREST_INCOME_YOY":null,"FEE_COMMISSION_INCOME":null,"FEE_COMMISSION_INCOME_YOY":null,"ACCOUNTS_RECE_TDAYS":6.168633718669,"INVENTORY_TDAYS":9.703497040982,"CURRENT_ASSETS_TDAYS":0.601777207522,"TOTAL_ASSETS_TDAYS":0.396507156775,"PREMIUM_EXPENSE":null,"LOAN_DEPOSIT":null,"LOAN_EQUITY":null,"LOAN_ASSETS":null,"DEPOSIT_EQUITY":null,"DEPOSIT_ASSETS":null,"EQUITY_MULTIPLIER":1.732517534746,"EQUITY_RATIO":0.732517534746},{"SECUCODE":"09863.HK","SECURITY_CODE":"09863","SECURITY_NAME_ABBR":"零跑汽车","ORG_CODE":"10506862","STD_REPORT_DATE":"2021-06-30 00:00:00","REPORT_DATE":"2021-06-30 00:00:00","DATE_TYPE_CODE":"002","REPORT_TYPE":"2021年中报","PER_NETCASH_OPERATE":null,"PER_OI":null,"BPS":null,"BASIC_EPS":-1.36,"DILUTED_EPS":-1.36,"OPERATE_INCOME":877015000,"OPERATE_INCOME_YOY":null,"GROSS_PROFIT":-456740000,"GROSS_PROFIT_YOY":null,"HOLDER_PROFIT":-1011122000,"HOLDER_PROFIT_YOY":null,"GROSS_PROFIT_RATIO":-52.078926814251,"EPS_TTM":-2.041049456014,"OPERATE_INCOME_QOQ":0,"NET_PROFIT_RATIO":-115.2913006049,"ROE_AVG":null,"GROSS_PROFIT_QOQ":0,"ROA":null,"HOLDER_PROFIT_QOQ":0,"ROE_YEARLY":null,"ROIC_YEARLY":null,"TOTAL_ASSETS":null,"TOTAL_LIABILITIES":null,"TAX_EBT":null,"OCF_SALES":-34.071025010975,"TOTAL_PARENT_EQUITY":null,"DEBT_ASSET_RATIO":null,"OPERATE_PROFIT":-1019717000,"PRETAX_PROFIT":-1011122000,"NETCASH_OPERATE":-298808000,"NETCASH_INVEST":-1930621000,"NETCASH_FINANCE":2429018000,"END_CASH":300474000,"DIVI_RATIO":null,"DIVIDEND_RATE":null,"CURRENT_RATIO":null,"COMMON_ACS":null,"CURRENTDEBT_DEBT":null,"ISSUED_COMMON_SHARES":1336966089,"HK_COMMON_SHARES":1116413915,"PER_SHARES":100,"TOTAL_MARKET_CAP":39173106407.7,"HKSK_MARKET_CAP":32710927709.5,"PE_TTM":-8.502550850868,"PB_TTM":3.42252172801,"REPORT_DATE_SQ":"2020-06-30 00:00:00","REPORT_TYPE_SQ":"2020年中报","OPERATE_INCOME_SQ":null,"DPS_HKD":null,"OPERATE_INCOME_QOQ_SQ":0,"NET_PROFIT_RATIO_SQ":null,"HOLDER_PROFIT_SQ":null,"HOLDER_PROFIT_QOQ_SQ":0,"ROE_AVG_SQ":null,"PE_TTM_SQ":-9.819866279866,"PB_TTM_SQ":7.632960144908,"ROA_SQ":null,"START_DATE":"2021-01-01 00:00:00","FISCAL_YEAR":"12-31","CURRENCY":"HKD","IS_CNY_CODE":0,"DPS_HKD_LY":null,"ORG_TYPE":"一般企业","PREMIUM_INCOME":null,"PREMIUM_INCOME_YOY":null,"NET_INTEREST_INCOME":null,"NET_INTEREST_INCOME_YOY":null,"FEE_COMMISSION_INCOME":null,"FEE_COMMISSION_INCOME_YOY":null,"ACCOUNTS_RECE_TDAYS":null,"INVENTORY_TDAYS":null,"CURRENT_ASSETS_TDAYS":1.205924190329,"TOTAL_ASSETS_TDAYS":0.536110259551,"PREMIUM_EXPENSE":null,"LOAN_DEPOSIT":null,"LOAN_EQUITY":null,"LOAN_ASSETS":null,"DEPOSIT_EQUITY":null,"DEPOSIT_ASSETS":null,"EQUITY_MULTIPLIER":null,"EQUITY_RATIO":null},{"SECUCODE":"09863.HK","SECURITY_CODE":"09863","SECURITY_NAME_ABBR":"零跑汽车","ORG_CODE":"10506862","STD_REPORT_DATE":"2021-03-31 00:00:00","REPORT_DATE":"2021-03-31 00:00:00","DATE_TYPE_CODE":"003","REPORT_TYPE":"2021年一季报","PER_NETCASH_OPERATE":null,"PER_OI":null,"BPS":null,"BASIC_EPS":-0.57,"DILUTED_EPS":-0.57,"OPERATE_INCOME":278047000,"OPERATE_INCOME_YOY":null,"GROSS_PROFIT":-137408000,"GROSS_PROFIT_YOY":null,"HOLDER_PROFIT":-397235000,"HOLDER_PROFIT_YOY":null,"GROSS_PROFIT_RATIO":-49.418983121559,"EPS_TTM":-2.041049456014,"OPERATE_INCOME_QOQ":0,"NET_PROFIT_RATIO":-142.8661341428,"ROE_AVG":null,"GROSS_PROFIT_QOQ":0,"ROA":null,"HOLDER_PROFIT_QOQ":0,"ROE_YEARLY":null,"ROIC_YEARLY":null,"TOTAL_ASSETS":null,"TOTAL_LIABILITIES":null,"TAX_EBT":null,"OCF_SALES":-49.864231586746,"TOTAL_PARENT_EQUITY":null,"DEBT_ASSET_RATIO":null,"OPERATE_PROFIT":-398119000,"PRETAX_PROFIT":-397235000,"NETCASH_OPERATE":-138646000,"NETCASH_INVEST":-2368908000,"NETCASH_FINANCE":3143723000,"END_CASH":737107000,"DIVI_RATIO":null,"DIVIDEND_RATE":null,"CURRENT_RATIO":null,"COMMON_ACS":null,"CURRENTDEBT_DEBT":null,"ISSUED_COMMON_SHARES":1336966089,"HK_COMMON_SHARES":1116413915,"PER_SHARES":100,"TOTAL_MARKET_CAP":41913886890.15,"HKSK_MARKET_CAP":34999576235.25,"PE_TTM":-9.09743922098,"PB_TTM":3.661981439355,"REPORT_DATE_SQ":"2020-03-31 00:00:00","REPORT_TYPE_SQ":"2020年一季报","OPERATE_INCOME_SQ":null,"DPS_HKD":null,"OPERATE_INCOME_QOQ_SQ":0,"NET_PROFIT_RATIO_SQ":null,"HOLDER_PROFIT_SQ":null,"HOLDER_PROFIT_QOQ_SQ":0,"ROE_AVG_SQ":null,"PE_TTM_SQ":-8.314905930462,"PB_TTM_SQ":6.463157823849,"ROA_SQ":null,"START_DATE":"2021-01-01 00:00:00","FISCAL_YEAR":"12-31","CURRENCY":"HKD","IS_CNY_CODE":0,"DPS_HKD_LY":null,"ORG_TYPE":"一般企业","PREMIUM_INCOME":null,"PREMIUM_INCOME_YOY":null,"NET_INTEREST_INCOME":null,"NET_INTEREST_INCOME_YOY":null,"FEE_COMMISSION_INCOME":null,"FEE_COMMISSION_INCOME_YOY":null,"ACCOUNTS_RECE_TDAYS":null,"INVENTORY_TDAYS":null,"CURRENT_ASSETS_TDAYS":0.382323681292,"TOTAL_ASSETS_TDAYS":0.169967274604,"PREMIUM_EXPENSE":null,"LOAN_DEPOSIT":null,"LOAN_EQUITY":null,"LOAN_ASSETS":null,"DEPOSIT_EQUITY":null,"DEPOSIT_ASSETS":null,"EQUITY_MULTIPLIER":null,"EQUITY_RATIO":null}],"count":11},"success":true,"message":"ok","code":0}