{"version":"a65d61dab69a51847756f20ebb84f90c","result":{"pages":2,"data":[{"SECUCODE":"09878.HK","SECURITY_CODE":"09878","SECURITY_NAME_ABBR":"汇通达网络","ORG_CODE":"10000053808","STD_REPORT_DATE":"2024-06-30 00:00:00","REPORT_DATE":"2024-06-30 00:00:00","DATE_TYPE_CODE":"002","REPORT_TYPE":"2024年中报","PER_NETCASH_OPERATE":0.442569052987,"PER_OI":58.402999661711,"BPS":13.585792371588,"BASIC_EPS":0.23,"DILUTED_EPS":0.23,"OPERATE_INCOME":32855766000,"OPERATE_INCOME_YOY":-24.2549848591,"GROSS_PROFIT":1142231000,"GROSS_PROFIT_YOY":-11.69721206705,"HOLDER_PROFIT":125087000,"HOLDER_PROFIT_YOY":-48.9707418165,"GROSS_PROFIT_RATIO":3.476500897894,"EPS_TTM":0.583454672491,"OPERATE_INCOME_QOQ":-12.763211654818,"NET_PROFIT_RATIO":0.6978044584,"ROE_AVG":1.62288192547,"GROSS_PROFIT_QOQ":-5.522746086832,"ROA":0.420818999554,"HOLDER_PROFIT_QOQ":-26.778428420055,"ROE_YEARLY":3.24576385094,"ROIC_YEARLY":1.064646006501,"TOTAL_ASSETS":30339242000,"TOTAL_LIABILITIES":20917244000,"TAX_EBT":16.331900358365,"OCF_SALES":0.757784797956,"TOTAL_PARENT_EQUITY":7642957000,"DEBT_ASSET_RATIO":68.9445174669,"OPERATE_PROFIT":307310000,"PRETAX_PROFIT":274022000,"NETCASH_OPERATE":248976000,"NETCASH_INVEST":-1006909000,"NETCASH_FINANCE":482645000,"END_CASH":3473509000,"DIVI_RATIO":null,"DIVIDEND_RATE":null,"CURRENT_RATIO":1.375364365835,"COMMON_ACS":null,"CURRENTDEBT_DEBT":98.720347671041,"ISSUED_COMMON_SHARES":562569837,"HK_COMMON_SHARES":180266339,"PER_SHARES":100,"TOTAL_MARKET_CAP":8573564315.88,"HKSK_MARKET_CAP":2747259006.36,"PE_TTM":23.43477271913,"PB_TTM":1.023808020877,"REPORT_DATE_SQ":"2023-06-30 00:00:00","REPORT_TYPE_SQ":"2023年中报","OPERATE_INCOME_SQ":43376803000,"DPS_HKD":null,"OPERATE_INCOME_QOQ_SQ":3.348801611354,"NET_PROFIT_RATIO_SQ":0.8828612842,"HOLDER_PROFIT_SQ":245128000,"HOLDER_PROFIT_QOQ_SQ":46.197496910303,"ROE_AVG_SQ":3.087946668145,"PE_TTM_SQ":33.929032364313,"PB_TTM_SQ":1.834516564395,"ROA_SQ":0.812374964761,"START_DATE":"2024-01-01 00:00:00","FISCAL_YEAR":"12-31","CURRENCY":"HKD","IS_CNY_CODE":0,"DPS_HKD_LY":null,"ORG_TYPE":"一般企业","PREMIUM_INCOME":null,"PREMIUM_INCOME_YOY":null,"NET_INTEREST_INCOME":null,"NET_INTEREST_INCOME_YOY":null,"FEE_COMMISSION_INCOME":null,"FEE_COMMISSION_INCOME_YOY":null,"ACCOUNTS_RECE_TDAYS":11.919940356338,"INVENTORY_TDAYS":11.837379404509,"CURRENT_ASSETS_TDAYS":1.176568290829,"TOTAL_ASSETS_TDAYS":1.105337131572,"PREMIUM_EXPENSE":null,"LOAN_DEPOSIT":null,"LOAN_EQUITY":null,"LOAN_ASSETS":null,"DEPOSIT_EQUITY":null,"DEPOSIT_ASSETS":null,"EQUITY_MULTIPLIER":3.220043349622,"EQUITY_RATIO":2.73679990611},{"SECUCODE":"09878.HK","SECURITY_CODE":"09878","SECURITY_NAME_ABBR":"汇通达网络","ORG_CODE":"10000053808","STD_REPORT_DATE":"2023-12-31 00:00:00","REPORT_DATE":"2023-12-31 00:00:00","DATE_TYPE_CODE":"001","REPORT_TYPE":"2023年年报","PER_NETCASH_OPERATE":0.836891651552,"PER_OI":146.528510023903,"BPS":13.815989569309,"BASIC_EPS":0.8,"DILUTED_EPS":0.8,"OPERATE_INCOME":82432520000,"OPERATE_INCOME_YOY":0.3976969426,"GROSS_PROFIT":2739724000,"GROSS_PROFIT_YOY":5.858465338099,"HOLDER_PROFIT":448275000,"HOLDER_PROFIT_YOY":41.6896876521,"GROSS_PROFIT_RATIO":3.323596075918,"EPS_TTM":0.796834402624,"OPERATE_INCOME_QOQ":-0.738360953247,"NET_PROFIT_RATIO":0.8459028063,"ROE_AVG":5.648005558865,"GROSS_PROFIT_QOQ":5.69535452983,"ROA":1.54884013546,"HOLDER_PROFIT_QOQ":6.746121515913,"ROE_YEARLY":5.648005558865,"ROIC_YEARLY":2.024937573177,"TOTAL_ASSETS":29110070000,"TOTAL_LIABILITIES":19615041000,"TAX_EBT":12.511950736617,"OCF_SALES":0.571145950652,"TOTAL_PARENT_EQUITY":7772459000,"DEBT_ASSET_RATIO":67.3823216502,"OPERATE_PROFIT":794013000,"PRETAX_PROFIT":797022000,"NETCASH_OPERATE":470810000,"NETCASH_INVEST":942854000,"NETCASH_FINANCE":-1746977000,"END_CASH":3748938000,"DIVI_RATIO":null,"DIVIDEND_RATE":null,"CURRENT_RATIO":1.421017232844,"COMMON_ACS":null,"CURRENTDEBT_DEBT":98.479411794245,"ISSUED_COMMON_SHARES":562569837,"HK_COMMON_SHARES":180266339,"PER_SHARES":100,"TOTAL_MARKET_CAP":9957486114.9,"HKSK_MARKET_CAP":3190714200.3,"PE_TTM":27.217550992691,"PB_TTM":1.189068370704,"REPORT_DATE_SQ":"2022-12-31 00:00:00","REPORT_TYPE_SQ":"2022年年报","OPERATE_INCOME_SQ":82105987000,"DPS_HKD":null,"OPERATE_INCOME_QOQ_SQ":6.172488449093,"NET_PROFIT_RATIO_SQ":0.6346579901,"HOLDER_PROFIT_SQ":316378000,"HOLDER_PROFIT_QOQ_SQ":817.986852300847,"ROE_AVG_SQ":11.773889833003,"PE_TTM_SQ":33.188762567273,"PB_TTM_SQ":1.794490748445,"ROA_SQ":1.056568464842,"START_DATE":"2023-01-01 00:00:00","FISCAL_YEAR":"12-31","CURRENCY":"HKD","IS_CNY_CODE":0,"DPS_HKD_LY":null,"ORG_TYPE":"一般企业","PREMIUM_INCOME":null,"PREMIUM_INCOME_YOY":null,"NET_INTEREST_INCOME":null,"NET_INTEREST_INCOME_YOY":null,"FEE_COMMISSION_INCOME":null,"FEE_COMMISSION_INCOME_YOY":null,"ACCOUNTS_RECE_TDAYS":27.30709220657,"INVENTORY_TDAYS":31.719390558509,"CURRENT_ASSETS_TDAYS":3.039914128278,"TOTAL_ASSETS_TDAYS":2.848135529377,"PREMIUM_EXPENSE":null,"LOAN_DEPOSIT":null,"LOAN_EQUITY":null,"LOAN_ASSETS":null,"DEPOSIT_EQUITY":null,"DEPOSIT_ASSETS":null,"EQUITY_MULTIPLIER":3.065822126504,"EQUITY_RATIO":2.523659629469},{"SECUCODE":"09878.HK","SECURITY_CODE":"09878","SECURITY_NAME_ABBR":"汇通达网络","ORG_CODE":"10000053808","STD_REPORT_DATE":"2023-06-30 00:00:00","REPORT_DATE":"2023-06-30 00:00:00","DATE_TYPE_CODE":"002","REPORT_TYPE":"2023年中报","PER_NETCASH_OPERATE":1.065817895957,"PER_OI":77.104743530713,"BPS":13.820780085655,"BASIC_EPS":0.44,"DILUTED_EPS":0.44,"OPERATE_INCOME":43376803000,"OPERATE_INCOME_YOY":6.6138963539,"GROSS_PROFIT":1293539000,"GROSS_PROFIT_YOY":7.948743626334,"HOLDER_PROFIT":245128000,"HOLDER_PROFIT_YOY":118.0310954566,"GROSS_PROFIT_RATIO":2.98209851934,"EPS_TTM":0.746476210384,"OPERATE_INCOME_QOQ":3.348801611354,"NET_PROFIT_RATIO":0.8828612842,"ROE_AVG":3.087946668145,"GROSS_PROFIT_QOQ":3.81477271726,"ROA":0.812374964761,"HOLDER_PROFIT_QOQ":46.197496910303,"ROE_YEARLY":6.17589333629,"ROIC_YEARLY":2.189029357639,"TOTAL_ASSETS":31573306000,"TOTAL_LIABILITIES":22134946000,"TAX_EBT":13.323238770365,"OCF_SALES":1.382298736954,"TOTAL_PARENT_EQUITY":7775154000,"DEBT_ASSET_RATIO":70.106519729,"OPERATE_PROFIT":432897000,"PRETAX_PROFIT":441822000,"NETCASH_OPERATE":599597000,"NETCASH_INVEST":-450727000,"NETCASH_FINANCE":441368000,"END_CASH":4672778000,"DIVI_RATIO":null,"DIVIDEND_RATE":null,"CURRENT_RATIO":1.368418711032,"COMMON_ACS":null,"CURRENTDEBT_DEBT":99.716425782109,"ISSUED_COMMON_SHARES":562569837,"HK_COMMON_SHARES":180266339,"PER_SHARES":100,"TOTAL_MARKET_CAP":9957486114.9,"HKSK_MARKET_CAP":3190714200.3,"PE_TTM":27.217550992691,"PB_TTM":1.189068370704,"REPORT_DATE_SQ":"2022-06-30 00:00:00","REPORT_TYPE_SQ":"2022年中报","OPERATE_INCOME_SQ":40685881000,"DPS_HKD":null,"OPERATE_INCOME_QOQ_SQ":15.084524357051,"NET_PROFIT_RATIO_SQ":0.5004798631,"HOLDER_PROFIT_SQ":112428000,"HOLDER_PROFIT_QOQ_SQ":88.565540855319,"ROE_AVG_SQ":3.986672919416,"PE_TTM_SQ":33.188762567273,"PB_TTM_SQ":1.794490748445,"ROA_SQ":0.336783578804,"START_DATE":"2023-01-01 00:00:00","FISCAL_YEAR":"12-31","CURRENCY":"HKD","IS_CNY_CODE":0,"DPS_HKD_LY":null,"ORG_TYPE":"一般企业","PREMIUM_INCOME":null,"PREMIUM_INCOME_YOY":null,"NET_INTEREST_INCOME":null,"NET_INTEREST_INCOME_YOY":null,"FEE_COMMISSION_INCOME":null,"FEE_COMMISSION_INCOME_YOY":null,"ACCOUNTS_RECE_TDAYS":12.838414075585,"INVENTORY_TDAYS":16.346303450558,"CURRENT_ASSETS_TDAYS":1.522314643304,"TOTAL_ASSETS_TDAYS":1.43754401001,"PREMIUM_EXPENSE":null,"LOAN_DEPOSIT":null,"LOAN_EQUITY":null,"LOAN_ASSETS":null,"DEPOSIT_EQUITY":null,"DEPOSIT_ASSETS":null,"EQUITY_MULTIPLIER":3.345211032421,"EQUITY_RATIO":2.846882003881},{"SECUCODE":"09878.HK","SECURITY_CODE":"09878","SECURITY_NAME_ABBR":"汇通达网络","ORG_CODE":"10000053808","STD_REPORT_DATE":"2022-12-31 00:00:00","REPORT_DATE":"2022-12-31 00:00:00","DATE_TYPE_CODE":"001","REPORT_TYPE":"2022年年报","PER_NETCASH_OPERATE":0.485918337637,"PER_OI":145.948078976015,"BPS":14.140135991685,"BASIC_EPS":0.63,"DILUTED_EPS":0.63,"OPERATE_INCOME":82105987000,"OPERATE_INCOME_YOY":22.1881033297,"GROSS_PROFIT":2588101000,"GROSS_PROFIT_YOY":38.551825889765,"HOLDER_PROFIT":316378000,"HOLDER_PROFIT_YOY":182.0979132905,"GROSS_PROFIT_RATIO":3.107277694449,"EPS_TTM":0.510594385102,"OPERATE_INCOME_QOQ":6.172488449093,"NET_PROFIT_RATIO":0.6346579901,"ROE_AVG":11.773889833003,"GROSS_PROFIT_QOQ":11.118004185095,"ROA":1.056568464842,"HOLDER_PROFIT_QOQ":817.986852300847,"ROE_YEARLY":11.773889833003,"ROIC_YEARLY":1.343567355268,"TOTAL_ASSETS":29388741000,"TOTAL_LIABILITIES":19778571000,"TAX_EBT":14.712312933075,"OCF_SALES":0.340195091082,"TOTAL_PARENT_EQUITY":8101286000,"DEBT_ASSET_RATIO":67.471519988,"OPERATE_PROFIT":714650000,"PRETAX_PROFIT":654044000,"NETCASH_OPERATE":261467000,"NETCASH_INVEST":-1039157000,"NETCASH_FINANCE":1818836000,"END_CASH":4082240000,"DIVI_RATIO":null,"DIVIDEND_RATE":null,"CURRENT_RATIO":1.384771984487,"COMMON_ACS":null,"CURRENTDEBT_DEBT":99.62119103549,"ISSUED_COMMON_SHARES":562569837,"HK_COMMON_SHARES":180266339,"PER_SHARES":100,"TOTAL_MARKET_CAP":9957486114.9,"HKSK_MARKET_CAP":3190714200.3,"PE_TTM":27.217550992691,"PB_TTM":1.189068370704,"REPORT_DATE_SQ":"2021-12-31 00:00:00","REPORT_TYPE_SQ":"2021年年报","OPERATE_INCOME_SQ":65763174000,"DPS_HKD":null,"OPERATE_INCOME_QOQ_SQ":6.574198996449,"NET_PROFIT_RATIO_SQ":-0.2692221029,"HOLDER_PROFIT_SQ":-349881000,"HOLDER_PROFIT_QOQ_SQ":-15.129169504743,"ROE_AVG_SQ":10.975820356939,"PE_TTM_SQ":33.188762567273,"PB_TTM_SQ":1.794490748445,"ROA_SQ":-1.47962053517,"START_DATE":"2022-01-01 00:00:00","FISCAL_YEAR":"12-31","CURRENCY":"HKD","IS_CNY_CODE":0,"DPS_HKD_LY":null,"ORG_TYPE":"一般企业","PREMIUM_INCOME":null,"PREMIUM_INCOME_YOY":null,"NET_INTEREST_INCOME":null,"NET_INTEREST_INCOME_YOY":null,"FEE_COMMISSION_INCOME":null,"FEE_COMMISSION_INCOME_YOY":null,"ACCOUNTS_RECE_TDAYS":28.026208567714,"INVENTORY_TDAYS":30.163327956659,"CURRENT_ASSETS_TDAYS":3.205421096098,"TOTAL_ASSETS_TDAYS":2.955676208967,"PREMIUM_EXPENSE":null,"LOAN_DEPOSIT":null,"LOAN_EQUITY":null,"LOAN_ASSETS":null,"DEPOSIT_EQUITY":null,"DEPOSIT_ASSETS":null,"EQUITY_MULTIPLIER":3.074229105175,"EQUITY_RATIO":2.441411277173},{"SECUCODE":"09878.HK","SECURITY_CODE":"09878","SECURITY_NAME_ABBR":"汇通达网络","ORG_CODE":"10000053808","STD_REPORT_DATE":"2022-06-30 00:00:00","REPORT_DATE":"2022-06-30 00:00:00","DATE_TYPE_CODE":"002","REPORT_TYPE":"2022年中报","PER_NETCASH_OPERATE":1.639773303381,"PER_OI":72.321476062358,"BPS":13.942258336897,"BASIC_EPS":0.26,"DILUTED_EPS":0.26,"OPERATE_INCOME":40685881000,"OPERATE_INCOME_YOY":33.0948384718,"GROSS_PROFIT":1198290000,"GROSS_PROFIT_YOY":55.373681815176,"HOLDER_PROFIT":112428000,"HOLDER_PROFIT_YOY":144.2408218553,"GROSS_PROFIT_RATIO":2.883306940529,"EPS_TTM":-0.07111472633,"OPERATE_INCOME_QOQ":15.084524357051,"NET_PROFIT_RATIO":0.5004798631,"ROE_AVG":3.986672919416,"GROSS_PROFIT_QOQ":20.292446436391,"ROA":0.336783578804,"HOLDER_PROFIT_QOQ":88.565540855319,"ROE_YEARLY":7.973345838832,"ROIC_YEARLY":0.846856713943,"TOTAL_ASSETS":30843577000,"TOTAL_LIABILITIES":21592768000,"TAX_EBT":18.715007340682,"OCF_SALES":2.312303946448,"TOTAL_PARENT_EQUITY":7843494000,"DEBT_ASSET_RATIO":70.0073405883,"OPERATE_PROFIT":366997000,"PRETAX_PROFIT":281309000,"NETCASH_OPERATE":904886000,"NETCASH_INVEST":-1605176000,"NETCASH_FINANCE":2226839000,"END_CASH":4559739000,"DIVI_RATIO":null,"DIVIDEND_RATE":null,"CURRENT_RATIO":1.314224191509,"COMMON_ACS":null,"CURRENTDEBT_DEBT":99.665244400347,"ISSUED_COMMON_SHARES":562569837,"HK_COMMON_SHARES":180266339,"PER_SHARES":100,"TOTAL_MARKET_CAP":9957486114.9,"HKSK_MARKET_CAP":3190714200.3,"PE_TTM":27.217550992691,"PB_TTM":1.189068370704,"REPORT_DATE_SQ":"2021-06-30 00:00:00","REPORT_TYPE_SQ":"2021年中报","OPERATE_INCOME_SQ":29974650000,"DPS_HKD":null,"OPERATE_INCOME_QOQ_SQ":0,"NET_PROFIT_RATIO_SQ":-0.4599686735,"HOLDER_PROFIT_SQ":-214831000,"HOLDER_PROFIT_QOQ_SQ":0,"ROE_AVG_SQ":null,"PE_TTM_SQ":33.188762567273,"PB_TTM_SQ":1.794490748445,"ROA_SQ":null,"START_DATE":"2022-01-01 00:00:00","FISCAL_YEAR":"12-31","CURRENCY":"HKD","IS_CNY_CODE":0,"DPS_HKD_LY":null,"ORG_TYPE":"一般企业","PREMIUM_INCOME":null,"PREMIUM_INCOME_YOY":null,"NET_INTEREST_INCOME":null,"NET_INTEREST_INCOME_YOY":null,"FEE_COMMISSION_INCOME":null,"FEE_COMMISSION_INCOME_YOY":null,"ACCOUNTS_RECE_TDAYS":15.514463296419,"INVENTORY_TDAYS":12.980694009226,"CURRENT_ASSETS_TDAYS":1.545241767495,"TOTAL_ASSETS_TDAYS":1.413663697768,"PREMIUM_EXPENSE":null,"LOAN_DEPOSIT":null,"LOAN_EQUITY":null,"LOAN_ASSETS":null,"DEPOSIT_EQUITY":null,"DEPOSIT_ASSETS":null,"EQUITY_MULTIPLIER":3.334149153876,"EQUITY_RATIO":2.752952701946},{"SECUCODE":"09878.HK","SECURITY_CODE":"09878","SECURITY_NAME_ABBR":"汇通达网络","ORG_CODE":"10000053808","STD_REPORT_DATE":"2021-12-31 00:00:00","REPORT_DATE":"2021-12-31 00:00:00","DATE_TYPE_CODE":"001","REPORT_TYPE":"2021年年报","PER_NETCASH_OPERATE":1.602273040039,"PER_OI":129.287603851704,"BPS":-5.466802159889,"BASIC_EPS":-0.69,"DILUTED_EPS":-0.69,"OPERATE_INCOME":65763174000,"OPERATE_INCOME_YOY":32.5092085526,"GROSS_PROFIT":1867966000,"GROSS_PROFIT_YOY":38.932742089875,"HOLDER_PROFIT":-349881000,"HOLDER_PROFIT_YOY":13.6708061201,"GROSS_PROFIT_RATIO":2.84044380218,"EPS_TTM":-0.687851169155,"OPERATE_INCOME_QOQ":6.574198996449,"NET_PROFIT_RATIO":-0.2692221029,"ROE_AVG":10.975820356939,"GROSS_PROFIT_QOQ":6.527919320171,"ROA":-1.47962053517,"HOLDER_PROFIT_QOQ":-15.129169504743,"ROE_YEARLY":10.975820356939,"ROIC_YEARLY":-1.879216835883,"TOTAL_ASSETS":25598011000,"TOTAL_LIABILITIES":27315457000,"TAX_EBT":-132.60723904618,"OCF_SALES":1.239309100257,"TOTAL_PARENT_EQUITY":-3075458000,"DEBT_ASSET_RATIO":106.7092947182,"OPERATE_PROFIT":638689000,"PRETAX_PROFIT":-76115000,"NETCASH_OPERATE":815009000,"NETCASH_INVEST":-1535509000,"NETCASH_FINANCE":-628557000,"END_CASH":2966920000,"DIVI_RATIO":null,"DIVIDEND_RATE":null,"CURRENT_RATIO":0.857580267355,"COMMON_ACS":null,"CURRENTDEBT_DEBT":99.69102109476,"ISSUED_COMMON_SHARES":562569837,"HK_COMMON_SHARES":180266339,"PER_SHARES":100,"TOTAL_MARKET_CAP":9957486114.9,"HKSK_MARKET_CAP":3190714200.3,"PE_TTM":27.217550992691,"PB_TTM":1.189068370704,"REPORT_DATE_SQ":"2020-12-31 00:00:00","REPORT_TYPE_SQ":"2020年年报","OPERATE_INCOME_SQ":49629135000,"DPS_HKD":null,"OPERATE_INCOME_QOQ_SQ":13.741602443826,"NET_PROFIT_RATIO_SQ":-0.5641686078,"HOLDER_PROFIT_SQ":-405287000,"HOLDER_PROFIT_QOQ_SQ":2.418782037546,"ROE_AVG_SQ":13.830350112228,"PE_TTM_SQ":33.188762567273,"PB_TTM_SQ":1.794490748445,"ROA_SQ":-1.984845150177,"START_DATE":"2021-01-01 00:00:00","FISCAL_YEAR":"12-31","CURRENCY":"HKD","IS_CNY_CODE":0,"DPS_HKD_LY":null,"ORG_TYPE":"一般企业","PREMIUM_INCOME":null,"PREMIUM_INCOME_YOY":null,"NET_INTEREST_INCOME":null,"NET_INTEREST_INCOME_YOY":null,"FEE_COMMISSION_INCOME":null,"FEE_COMMISSION_INCOME_YOY":null,"ACCOUNTS_RECE_TDAYS":29.226966708598,"INVENTORY_TDAYS":25.71646576938,"CURRENT_ASSETS_TDAYS":3.014710306098,"TOTAL_ASSETS_TDAYS":2.781075357288,"PREMIUM_EXPENSE":null,"LOAN_DEPOSIT":null,"LOAN_EQUITY":null,"LOAN_ASSETS":null,"DEPOSIT_EQUITY":null,"DEPOSIT_ASSETS":null,"EQUITY_MULTIPLIER":-14.90469627586,"EQUITY_RATIO":-8.881752571487},{"SECUCODE":"09878.HK","SECURITY_CODE":"09878","SECURITY_NAME_ABBR":"汇通达网络","ORG_CODE":"10000053808","STD_REPORT_DATE":"2021-09-30 00:00:00","REPORT_DATE":"2021-09-30 00:00:00","DATE_TYPE_CODE":"004","REPORT_TYPE":"2021年三季报","PER_NETCASH_OPERATE":-0.591497627089,"PER_OI":91.408915223982,"BPS":-4.913558847628,"BASIC_EPS":-0.55,"DILUTED_EPS":-0.55,"OPERATE_INCOME":46495876000,"OPERATE_INCOME_YOY":35.0896114342,"GROSS_PROFIT":1228857000,"GROSS_PROFIT_YOY":49.884554727646,"HOLDER_PROFIT":-279815000,"HOLDER_PROFIT_YOY":26.5960823612,"GROSS_PROFIT_RATIO":2.642937623113,"EPS_TTM":-0.597460376127,"OPERATE_INCOME_QOQ":24.335167235939,"NET_PROFIT_RATIO":-0.3395785037,"ROE_AVG":9.228347978455,"GROSS_PROFIT_QOQ":30.41908917071,"ROA":-1.07476042587,"HOLDER_PROFIT_QOQ":25.015359485994,"ROE_YEARLY":12.304463971274,"ROIC_YEARLY":-1.311734010729,"TOTAL_ASSETS":30374878000,"TOTAL_LIABILITIES":31770197000,"TAX_EBT":-90.554925293876,"OCF_SALES":-0.647089647262,"TOTAL_PARENT_EQUITY":-2764220000,"DEBT_ASSET_RATIO":104.5936612486,"OPERATE_PROFIT":null,"PRETAX_PROFIT":-82858000,"NETCASH_OPERATE":-300870000,"NETCASH_INVEST":-1432598000,"NETCASH_FINANCE":-306091000,"END_CASH":2276418000,"DIVI_RATIO":null,"DIVIDEND_RATE":null,"CURRENT_RATIO":0.887518258537,"COMMON_ACS":null,"CURRENTDEBT_DEBT":99.751786241678,"ISSUED_COMMON_SHARES":562569837,"HK_COMMON_SHARES":180266339,"PER_SHARES":100,"TOTAL_MARKET_CAP":9957486114.9,"HKSK_MARKET_CAP":3190714200.3,"PE_TTM":27.217550992691,"PB_TTM":1.189068370704,"REPORT_DATE_SQ":"2020-09-30 00:00:00","REPORT_TYPE_SQ":"2020年三季报","OPERATE_INCOME_SQ":34418543000,"DPS_HKD":null,"OPERATE_INCOME_QOQ_SQ":0,"NET_PROFIT_RATIO_SQ":-0.889497269,"HOLDER_PROFIT_SQ":-381199000,"HOLDER_PROFIT_QOQ_SQ":0,"ROE_AVG_SQ":null,"PE_TTM_SQ":33.188762567273,"PB_TTM_SQ":1.794490748445,"ROA_SQ":null,"START_DATE":"2021-01-01 00:00:00","FISCAL_YEAR":"12-31","CURRENCY":"HKD","IS_CNY_CODE":0,"DPS_HKD_LY":null,"ORG_TYPE":"一般企业","PREMIUM_INCOME":null,"PREMIUM_INCOME_YOY":null,"NET_INTEREST_INCOME":null,"NET_INTEREST_INCOME_YOY":null,"FEE_COMMISSION_INCOME":null,"FEE_COMMISSION_INCOME_YOY":null,"ACCOUNTS_RECE_TDAYS":22.38104729968,"INVENTORY_TDAYS":17.011124474803,"CURRENT_ASSETS_TDAYS":1.921237323771,"TOTAL_ASSETS_TDAYS":1.785891660239,"PREMIUM_EXPENSE":null,"LOAN_DEPOSIT":null,"LOAN_EQUITY":null,"LOAN_ASSETS":null,"DEPOSIT_EQUITY":null,"DEPOSIT_ASSETS":null,"EQUITY_MULTIPLIER":-21.769128063258,"EQUITY_RATIO":-11.493367749311},{"SECUCODE":"09878.HK","SECURITY_CODE":"09878","SECURITY_NAME_ABBR":"汇通达网络","ORG_CODE":"10000053808","STD_REPORT_DATE":"2021-06-30 00:00:00","REPORT_DATE":"2021-06-30 00:00:00","DATE_TYPE_CODE":"002","REPORT_TYPE":"2021年中报","PER_NETCASH_OPERATE":null,"PER_OI":null,"BPS":null,"BASIC_EPS":-0.42,"DILUTED_EPS":-0.42,"OPERATE_INCOME":29974650000,"OPERATE_INCOME_YOY":null,"GROSS_PROFIT":771231000,"GROSS_PROFIT_YOY":null,"HOLDER_PROFIT":-214831000,"HOLDER_PROFIT_YOY":null,"GROSS_PROFIT_RATIO":2.572944137796,"EPS_TTM":-0.796777009307,"OPERATE_INCOME_QOQ":0,"NET_PROFIT_RATIO":-0.4599686735,"ROE_AVG":null,"GROSS_PROFIT_QOQ":0,"ROA":null,"HOLDER_PROFIT_QOQ":0,"ROE_YEARLY":null,"ROIC_YEARLY":null,"TOTAL_ASSETS":null,"TOTAL_LIABILITIES":null,"TAX_EBT":-48.731391585761,"OCF_SALES":1.334851282667,"TOTAL_PARENT_EQUITY":null,"DEBT_ASSET_RATIO":null,"OPERATE_PROFIT":257029000,"PRETAX_PROFIT":-92700000,"NETCASH_OPERATE":400117000,"NETCASH_INVEST":-1697830000,"NETCASH_FINANCE":-170480000,"END_CASH":2847784000,"DIVI_RATIO":null,"DIVIDEND_RATE":null,"CURRENT_RATIO":null,"COMMON_ACS":null,"CURRENTDEBT_DEBT":null,"ISSUED_COMMON_SHARES":562569837,"HK_COMMON_SHARES":180266339,"PER_SHARES":100,"TOTAL_MARKET_CAP":9957486114.9,"HKSK_MARKET_CAP":3190714200.3,"PE_TTM":27.217550992691,"PB_TTM":1.189068370704,"REPORT_DATE_SQ":"2020-06-30 00:00:00","REPORT_TYPE_SQ":"2020年中报","OPERATE_INCOME_SQ":null,"DPS_HKD":null,"OPERATE_INCOME_QOQ_SQ":0,"NET_PROFIT_RATIO_SQ":null,"HOLDER_PROFIT_SQ":null,"HOLDER_PROFIT_QOQ_SQ":0,"ROE_AVG_SQ":null,"PE_TTM_SQ":33.188762567273,"PB_TTM_SQ":1.794490748445,"ROA_SQ":null,"START_DATE":"2021-01-01 00:00:00","FISCAL_YEAR":"12-31","CURRENCY":"HKD","IS_CNY_CODE":0,"DPS_HKD_LY":null,"ORG_TYPE":"一般企业","PREMIUM_INCOME":null,"PREMIUM_INCOME_YOY":null,"NET_INTEREST_INCOME":null,"NET_INTEREST_INCOME_YOY":null,"FEE_COMMISSION_INCOME":null,"FEE_COMMISSION_INCOME_YOY":null,"ACCOUNTS_RECE_TDAYS":null,"INVENTORY_TDAYS":null,"CURRENT_ASSETS_TDAYS":2.956754919886,"TOTAL_ASSETS_TDAYS":2.763235094224,"PREMIUM_EXPENSE":null,"LOAN_DEPOSIT":null,"LOAN_EQUITY":null,"LOAN_ASSETS":null,"DEPOSIT_EQUITY":null,"DEPOSIT_ASSETS":null,"EQUITY_MULTIPLIER":null,"EQUITY_RATIO":null},{"SECUCODE":"09878.HK","SECURITY_CODE":"09878","SECURITY_NAME_ABBR":"汇通达网络","ORG_CODE":"10000053808","STD_REPORT_DATE":"2020-12-31 00:00:00","REPORT_DATE":"2020-12-31 00:00:00","DATE_TYPE_CODE":"001","REPORT_TYPE":"2020年年报","PER_NETCASH_OPERATE":0.928448977506,"PER_OI":97.56876919266,"BPS":-5.865989932198,"BASIC_EPS":-0.83,"DILUTED_EPS":-0.83,"OPERATE_INCOME":49629135000,"OPERATE_INCOME_YOY":13.7416024438,"GROSS_PROFIT":1344511000,"GROSS_PROFIT_YOY":5.114816181529,"HOLDER_PROFIT":-405287000,"HOLDER_PROFIT_YOY":2.4187820375,"GROSS_PROFIT_RATIO":2.709116328544,"EPS_TTM":-0.796777009307,"OPERATE_INCOME_QOQ":13.741602443826,"NET_PROFIT_RATIO":-0.5641686078,"ROE_AVG":13.830350112228,"GROSS_PROFIT_QOQ":5.114816181529,"ROA":-1.984845150177,"HOLDER_PROFIT_QOQ":2.418782037546,"ROE_YEARLY":13.830350112228,"ROIC_YEARLY":-2.469042841765,"TOTAL_ASSETS":21695331000,"TOTAL_LIABILITIES":23739822000,"TAX_EBT":-41.038983281366,"OCF_SALES":0.951584185378,"TOTAL_PARENT_EQUITY":-3300029000,"DEBT_ASSET_RATIO":109.4236451152,"OPERATE_PROFIT":406759000,"PRETAX_PROFIT":-198521000,"NETCASH_OPERATE":472263000,"NETCASH_INVEST":2138383000,"NETCASH_FINANCE":537622000,"END_CASH":4315977000,"DIVI_RATIO":null,"DIVIDEND_RATE":null,"CURRENT_RATIO":0.857556265133,"COMMON_ACS":null,"CURRENTDEBT_DEBT":99.592975044211,"ISSUED_COMMON_SHARES":562569837,"HK_COMMON_SHARES":180266339,"PER_SHARES":100,"TOTAL_MARKET_CAP":9957486114.9,"HKSK_MARKET_CAP":3190714200.3,"PE_TTM":27.217550992691,"PB_TTM":1.189068370704,"REPORT_DATE_SQ":"2019-12-31 00:00:00","REPORT_TYPE_SQ":"2019年年报","OPERATE_INCOME_SQ":43633230000,"DPS_HKD":null,"OPERATE_INCOME_QOQ_SQ":46.4120741458,"NET_PROFIT_RATIO_SQ":-0.6986028768,"HOLDER_PROFIT_SQ":-415333000,"HOLDER_PROFIT_QOQ_SQ":-40.434287182712,"ROE_AVG_SQ":17.774982661889,"PE_TTM_SQ":33.188762567273,"PB_TTM_SQ":1.794490748445,"ROA_SQ":-2.396453714945,"START_DATE":"2020-01-01 00:00:00","FISCAL_YEAR":"12-31","CURRENCY":"HKD","IS_CNY_CODE":0,"DPS_HKD_LY":null,"ORG_TYPE":"一般企业","PREMIUM_INCOME":null,"PREMIUM_INCOME_YOY":null,"NET_INTEREST_INCOME":null,"NET_INTEREST_INCOME_YOY":null,"FEE_COMMISSION_INCOME":null,"FEE_COMMISSION_INCOME_YOY":null,"ACCOUNTS_RECE_TDAYS":31.456676119257,"INVENTORY_TDAYS":18.342838430569,"CURRENT_ASSETS_TDAYS":2.540852479824,"TOTAL_ASSETS_TDAYS":2.430528191435,"PREMIUM_EXPENSE":null,"LOAN_DEPOSIT":null,"LOAN_EQUITY":null,"LOAN_ASSETS":null,"DEPOSIT_EQUITY":null,"DEPOSIT_ASSETS":null,"EQUITY_MULTIPLIER":-10.61160504004,"EQUITY_RATIO":-7.193822236108}],"count":12},"success":true,"message":"ok","code":0}