{"version":"00e30076fd35f917d3e55163a0aad552","result":{"pages":3,"data":[{"SECUCODE":"09888.HK","SECURITY_CODE":"09888","SECURITY_NAME_ABBR":"百度集团-SW","ORG_CODE":"10088143","STD_REPORT_DATE":"2024-12-31 00:00:00","REPORT_DATE":"2024-12-31 00:00:00","DATE_TYPE_CODE":"001","REPORT_TYPE":"2024年年报","PER_NETCASH_OPERATE":7.569460462005,"PER_OI":47.456175190941,"BPS":93.97481242318,"BASIC_EPS":8.31,"DILUTED_EPS":8.24,"OPERATE_INCOME":133125000000,"OPERATE_INCOME_YOY":-1.0943699015,"GROSS_PROFIT":67023000000,"GROSS_PROFIT_YOY":-3.656906291776,"HOLDER_PROFIT":23760000000,"HOLDER_PROFIT_YOY":16.9579128723,"GROSS_PROFIT_RATIO":50.345915492958,"EPS_TTM":8.469924676332,"OPERATE_INCOME_QOQ":-0.617385332059,"NET_PROFIT_RATIO":18.1596244131,"ROE_AVG":9.368235530689,"GROSS_PROFIT_QOQ":-2.079011191304,"ROA":5.694161686871,"HOLDER_PROFIT_QOQ":12.25020078424,"ROE_YEARLY":9.368235530689,"ROIC_YEARLY":6.374228372291,"TOTAL_ASSETS":427780000000,"TOTAL_LIABILITIES":144168000000,"TAX_EBT":15.536999510866,"OCF_SALES":15.950422535211,"TOTAL_PARENT_EQUITY":263620000000,"DEBT_ASSET_RATIO":33.7014353172,"OPERATE_PROFIT":21270000000,"PRETAX_PROFIT":28622000000,"NETCASH_OPERATE":21234000000,"NETCASH_INVEST":-8555000000,"NETCASH_FINANCE":-13759000000,"END_CASH":36589000000,"DIVI_RATIO":null,"DIVIDEND_RATE":null,"CURRENT_RATIO":2.085765814732,"COMMON_ACS":68832000000,"CURRENTDEBT_DEBT":56.151850618723,"ISSUED_COMMON_SHARES":2805219752,"HK_COMMON_SHARES":2280439432,"PER_SHARES":50,"TOTAL_MARKET_CAP":247841165089.2,"HKSK_MARKET_CAP":201476823817.2,"PE_TTM":9.659546823199,"PB_TTM":0.870612368254,"REPORT_DATE_SQ":"2023-12-31 00:00:00","REPORT_TYPE_SQ":"2023年年报","OPERATE_INCOME_SQ":134598000000,"DPS_HKD":null,"OPERATE_INCOME_QOQ_SQ":1.411952623489,"NET_PROFIT_RATIO_SQ":16.0098961352,"HOLDER_PROFIT_SQ":20315000000,"HOLDER_PROFIT_QOQ_SQ":-10.384225153293,"ROE_AVG_SQ":8.698277043228,"PE_TTM_SQ":11.722661921075,"PB_TTM_SQ":1.104299419235,"ROA_SQ":5.093189191358,"START_DATE":"2024-01-01 00:00:00","FISCAL_YEAR":"12-31","CURRENCY":"HKD","IS_CNY_CODE":0,"DPS_HKD_LY":null,"ORG_TYPE":"一般企业","PREMIUM_INCOME":null,"PREMIUM_INCOME_YOY":null,"NET_INTEREST_INCOME":null,"NET_INTEREST_INCOME_YOY":null,"FEE_COMMISSION_INCOME":null,"FEE_COMMISSION_INCOME_YOY":null,"ACCOUNTS_RECE_TDAYS":12.707617411226,"INVENTORY_TDAYS":null,"CURRENT_ASSETS_TDAYS":0.667119347338,"TOTAL_ASSETS_TDAYS":0.319038415221,"PREMIUM_EXPENSE":null,"LOAN_DEPOSIT":null,"LOAN_EQUITY":null,"LOAN_ASSETS":null,"DEPOSIT_EQUITY":null,"DEPOSIT_ASSETS":null,"EQUITY_MULTIPLIER":1.50832827948,"EQUITY_RATIO":0.546878082088},{"SECUCODE":"09888.HK","SECURITY_CODE":"09888","SECURITY_NAME_ABBR":"百度集团-SW","ORG_CODE":"10088143","STD_REPORT_DATE":"2024-09-30 00:00:00","REPORT_DATE":"2024-09-30 00:00:00","DATE_TYPE_CODE":"004","REPORT_TYPE":"2024年三季报","PER_NETCASH_OPERATE":6.729597560598,"PER_OI":35.291709296363,"BPS":92.559237049034,"BASIC_EPS":6.51,"DILUTED_EPS":6.44,"OPERATE_INCOME":99001000000,"OPERATE_INCOME_YOY":-0.6482884583,"GROSS_PROFIT":50913000000,"GROSS_PROFIT_YOY":-2.15436061037,"HOLDER_PROFIT":18568000000,"HOLDER_PROFIT_YOY":4.8092120117,"GROSS_PROFIT_RATIO":51.426753265119,"EPS_TTM":7.545576415149,"OPERATE_INCOME_QOQ":-0.660031740852,"NET_PROFIT_RATIO":19.4109150413,"ROE_AVG":7.378868411902,"GROSS_PROFIT_QOQ":-1.432871070405,"ROA":4.506385947881,"HOLDER_PROFIT_QOQ":4.704194697269,"ROE_YEARLY":9.838491215869,"ROIC_YEARLY":5.075734174551,"TOTAL_ASSETS":417316000000,"TOTAL_LIABILITIES":138125000000,"TAX_EBT":12.828305738263,"OCF_SALES":19.068494257634,"TOTAL_PARENT_EQUITY":259649000000,"DEBT_ASSET_RATIO":33.0984194232,"OPERATE_PROFIT":null,"PRETAX_PROFIT":22045000000,"NETCASH_OPERATE":18878000000,"NETCASH_INVEST":-2918000000,"NETCASH_FINANCE":-12089000000,"END_CASH":40897000000,"DIVI_RATIO":null,"DIVIDEND_RATE":null,"CURRENT_RATIO":2.194570885769,"COMMON_ACS":68832000000,"CURRENTDEBT_DEBT":56.781176470588,"ISSUED_COMMON_SHARES":2805219752,"HK_COMMON_SHARES":2280439432,"PER_SHARES":50,"TOTAL_MARKET_CAP":253030821630.4,"HKSK_MARKET_CAP":205695636766.4,"PE_TTM":9.861812376373,"PB_TTM":0.888842508393,"REPORT_DATE_SQ":"2023-09-30 00:00:00","REPORT_TYPE_SQ":"2023年三季报","OPERATE_INCOME_SQ":99647000000,"DPS_HKD":null,"OPERATE_INCOME_QOQ_SQ":1.457761605907,"NET_PROFIT_RATIO_SQ":18.6538480837,"HOLDER_PROFIT_SQ":17716000000,"HOLDER_PROFIT_QOQ_SQ":43.09430627446,"ROE_AVG_SQ":7.604983848639,"PE_TTM_SQ":11.67757475984,"PB_TTM_SQ":1.100052113776,"ROA_SQ":4.417916551851,"START_DATE":"2024-01-01 00:00:00","FISCAL_YEAR":"12-31","CURRENCY":"HKD","IS_CNY_CODE":0,"DPS_HKD_LY":null,"ORG_TYPE":"一般企业","PREMIUM_INCOME":null,"PREMIUM_INCOME_YOY":null,"NET_INTEREST_INCOME":null,"NET_INTEREST_INCOME_YOY":null,"FEE_COMMISSION_INCOME":null,"FEE_COMMISSION_INCOME_YOY":null,"ACCOUNTS_RECE_TDAYS":9.567162736761,"INVENTORY_TDAYS":null,"CURRENT_ASSETS_TDAYS":0.492085701575,"TOTAL_ASSETS_TDAYS":0.240271819919,"PREMIUM_EXPENSE":null,"LOAN_DEPOSIT":null,"LOAN_EQUITY":null,"LOAN_ASSETS":null,"DEPOSIT_EQUITY":null,"DEPOSIT_ASSETS":null,"EQUITY_MULTIPLIER":1.494732996408,"EQUITY_RATIO":0.531968157012},{"SECUCODE":"09888.HK","SECURITY_CODE":"09888","SECURITY_NAME_ABBR":"百度集团-SW","ORG_CODE":"10088143","STD_REPORT_DATE":"2024-06-30 00:00:00","REPORT_DATE":"2024-06-30 00:00:00","DATE_TYPE_CODE":"002","REPORT_TYPE":"2024年中报","PER_NETCASH_OPERATE":5.204226866573,"PER_OI":23.329366604289,"BPS":90.106666267335,"BASIC_EPS":3.77,"DILUTED_EPS":3.74,"OPERATE_INCOME":65444000000,"OPERATE_INCOME_YOY":0.3742331288,"GROSS_PROFIT":33755000000,"GROSS_PROFIT_YOY":-0.371889849768,"HOLDER_PROFIT":10936000000,"HOLDER_PROFIT_YOY":-0.8971454463,"GROSS_PROFIT_RATIO":51.578448750076,"EPS_TTM":7.206565541108,"OPERATE_INCOME_QOQ":-0.092615231871,"NET_PROFIT_RATIO":17.4668418801,"ROE_AVG":4.406168474703,"GROSS_PROFIT_QOQ":-0.51005057524,"ROA":2.659901785997,"HOLDER_PROFIT_QOQ":1.394322399438,"ROE_YEARLY":8.812336949405,"ROIC_YEARLY":6.123437434383,"TOTAL_ASSETS":415527000000,"TOTAL_LIABILITIES":142589000000,"TAX_EBT":14.97954629974,"OCF_SALES":22.30762178351,"TOTAL_PARENT_EQUITY":252769000000,"DEBT_ASSET_RATIO":34.315218987,"OPERATE_PROFIT":11428000000,"PRETAX_PROFIT":13445000000,"NETCASH_OPERATE":14599000000,"NETCASH_INVEST":11045000000,"NETCASH_FINANCE":-6690000000,"END_CASH":56785000000,"DIVI_RATIO":null,"DIVIDEND_RATE":null,"CURRENT_RATIO":2.318652881818,"COMMON_ACS":68832000000,"CURRENTDEBT_DEBT":56.641816689927,"ISSUED_COMMON_SHARES":2805219752,"HK_COMMON_SHARES":2280439432,"PER_SHARES":50,"TOTAL_MARKET_CAP":239846288796,"HKSK_MARKET_CAP":194977571436,"PE_TTM":10.119585448726,"PB_TTM":0.833012970485,"REPORT_DATE_SQ":"2023-06-30 00:00:00","REPORT_TYPE_SQ":"2023年中报","OPERATE_INCOME_SQ":65200000000,"DPS_HKD":null,"OPERATE_INCOME_QOQ_SQ":3.487912157458,"NET_PROFIT_RATIO_SQ":17.9309815951,"HOLDER_PROFIT_SQ":11035000000,"HOLDER_PROFIT_QOQ_SQ":11.023897960614,"ROE_AVG_SQ":4.807011659236,"PE_TTM_SQ":12.417845458494,"PB_TTM_SQ":1.169787171232,"ROA_SQ":2.768109670824,"START_DATE":"2024-01-01 00:00:00","FISCAL_YEAR":"12-31","CURRENCY":"HKD","IS_CNY_CODE":0,"DPS_HKD_LY":null,"ORG_TYPE":"一般企业","PREMIUM_INCOME":null,"PREMIUM_INCOME_YOY":null,"NET_INTEREST_INCOME":null,"NET_INTEREST_INCOME_YOY":null,"FEE_COMMISSION_INCOME":null,"FEE_COMMISSION_INCOME_YOY":null,"ACCOUNTS_RECE_TDAYS":5.96029143898,"INVENTORY_TDAYS":null,"CURRENT_ASSETS_TDAYS":0.313488423337,"TOTAL_ASSETS_TDAYS":0.159175761231,"PREMIUM_EXPENSE":null,"LOAN_DEPOSIT":null,"LOAN_EQUITY":null,"LOAN_ASSETS":null,"DEPOSIT_EQUITY":null,"DEPOSIT_ASSETS":null,"EQUITY_MULTIPLIER":1.522422674747,"EQUITY_RATIO":0.564107940452},{"SECUCODE":"09888.HK","SECURITY_CODE":"09888","SECURITY_NAME_ABBR":"百度集团-SW","ORG_CODE":"10088143","STD_REPORT_DATE":"2024-03-31 00:00:00","REPORT_DATE":"2024-03-31 00:00:00","DATE_TYPE_CODE":"003","REPORT_TYPE":"2024年一季报","PER_NETCASH_OPERATE":2.217295096245,"PER_OI":11.233701023791,"BPS":88.409116548956,"BASIC_EPS":1.87,"DILUTED_EPS":1.86,"OPERATE_INCOME":31513000000,"OPERATE_INCOME_YOY":1.1848189057,"GROSS_PROFIT":16222000000,"GROSS_PROFIT_YOY":1.438219109555,"HOLDER_PROFIT":5448000000,"HOLDER_PROFIT_YOY":-6.4721030043,"GROSS_PROFIT_RATIO":51.477168152826,"EPS_TTM":7.107464570569,"OPERATE_INCOME_QOQ":0.274149690189,"NET_PROFIT_RATIO":18.5542474534,"ROE_AVG":2.216287352558,"GROSS_PROFIT_QOQ":0.330616527951,"ROA":1.326425274147,"HOLDER_PROFIT_QOQ":-1.855771597342,"ROE_YEARLY":8.865149410231,"ROIC_YEARLY":5.994479203487,"TOTAL_ASSETS":414697000000,"TOTAL_LIABILITIES":146934000000,"TAX_EBT":13.120356612184,"OCF_SALES":19.737885951829,"TOTAL_PARENT_EQUITY":248007000000,"DEBT_ASSET_RATIO":35.4316525077,"OPERATE_PROFIT":5484000000,"PRETAX_PROFIT":6730000000,"NETCASH_OPERATE":6220000000,"NETCASH_INVEST":-3116000000,"NETCASH_FINANCE":2387000000,"END_CASH":43234000000,"DIVI_RATIO":null,"DIVIDEND_RATE":null,"CURRENT_RATIO":2.790648137455,"COMMON_ACS":68832000000,"CURRENTDEBT_DEBT":53.038098738209,"ISSUED_COMMON_SHARES":2805219752,"HK_COMMON_SHARES":2280439432,"PER_SHARES":50,"TOTAL_MARKET_CAP":239846288796,"HKSK_MARKET_CAP":194977571436,"PE_TTM":10.119585448726,"PB_TTM":0.833012970485,"REPORT_DATE_SQ":"2023-03-31 00:00:00","REPORT_TYPE_SQ":"2023年一季报","OPERATE_INCOME_SQ":31144000000,"DPS_HKD":null,"OPERATE_INCOME_QOQ_SQ":2.20982413584,"NET_PROFIT_RATIO_SQ":20.4919085538,"HOLDER_PROFIT_SQ":5825000000,"HOLDER_PROFIT_QOQ_SQ":88.768355602593,"ROE_AVG_SQ":2.568495038285,"PE_TTM_SQ":12.417845458494,"PB_TTM_SQ":1.169787171232,"ROA_SQ":1.471048750429,"START_DATE":"2024-01-01 00:00:00","FISCAL_YEAR":"12-31","CURRENCY":"HKD","IS_CNY_CODE":0,"DPS_HKD_LY":null,"ORG_TYPE":"一般企业","PREMIUM_INCOME":null,"PREMIUM_INCOME_YOY":null,"NET_INTEREST_INCOME":null,"NET_INTEREST_INCOME_YOY":null,"FEE_COMMISSION_INCOME":null,"FEE_COMMISSION_INCOME_YOY":null,"ACCOUNTS_RECE_TDAYS":2.89335720516,"INVENTORY_TDAYS":null,"CURRENT_ASSETS_TDAYS":0.140766930291,"TOTAL_ASSETS_TDAYS":0.076724742409,"PREMIUM_EXPENSE":null,"LOAN_DEPOSIT":null,"LOAN_EQUITY":null,"LOAN_ASSETS":null,"DEPOSIT_EQUITY":null,"DEPOSIT_ASSETS":null,"EQUITY_MULTIPLIER":1.54874646609,"EQUITY_RATIO":0.592459083816},{"SECUCODE":"09888.HK","SECURITY_CODE":"09888","SECURITY_NAME_ABBR":"百度集团-SW","ORG_CODE":"10088143","STD_REPORT_DATE":"2023-12-31 00:00:00","REPORT_DATE":"2023-12-31 00:00:00","DATE_TYPE_CODE":"001","REPORT_TYPE":"2023年年报","PER_NETCASH_OPERATE":13.052585288833,"PER_OI":47.981752688961,"BPS":86.847385067179,"BASIC_EPS":6.98,"DILUTED_EPS":6.89,"OPERATE_INCOME":134598000000,"OPERATE_INCOME_YOY":8.8320194057,"GROSS_PROFIT":69567000000,"GROSS_PROFIT_YOY":16.449614998326,"HOLDER_PROFIT":20315000000,"HOLDER_PROFIT_YOY":168.7524804868,"GROSS_PROFIT_RATIO":51.685017607988,"EPS_TTM":7.241930087195,"OPERATE_INCOME_QOQ":1.411952623489,"NET_PROFIT_RATIO":16.0098961352,"ROE_AVG":8.698277043228,"GROSS_PROFIT_QOQ":2.055276824223,"ROA":5.093189191358,"HOLDER_PROFIT_QOQ":-10.384225153293,"ROE_YEARLY":8.698277043228,"ROIC_YEARLY":5.92242972672,"TOTAL_ASSETS":406759000000,"TOTAL_LIABILITIES":144151000000,"TAX_EBT":14.481308040321,"OCF_SALES":27.203227388223,"TOTAL_PARENT_EQUITY":243626000000,"DEBT_ASSET_RATIO":35.4389208352,"OPERATE_PROFIT":21856000000,"PRETAX_PROFIT":25198000000,"NETCASH_OPERATE":36615000000,"NETCASH_INVEST":-50397000000,"NETCASH_FINANCE":-14162000000,"END_CASH":37574000000,"DIVI_RATIO":null,"DIVIDEND_RATE":null,"CURRENT_RATIO":3.011798406823,"COMMON_ACS":68832000000,"CURRENTDEBT_DEBT":53.035358755749,"ISSUED_COMMON_SHARES":2805219752,"HK_COMMON_SHARES":2280439432,"PER_SHARES":50,"TOTAL_MARKET_CAP":253030821630.4,"HKSK_MARKET_CAP":205695636766.4,"PE_TTM":9.861812376373,"PB_TTM":0.888842508393,"REPORT_DATE_SQ":"2022-12-31 00:00:00","REPORT_TYPE_SQ":"2022年年报","OPERATE_INCOME_SQ":123675000000,"DPS_HKD":null,"OPERATE_INCOME_QOQ_SQ":-0.00889348835,"NET_PROFIT_RATIO_SQ":6.0917727916,"HOLDER_PROFIT_SQ":7559000000,"HOLDER_PROFIT_QOQ_SQ":74.936357324693,"ROE_AVG_SQ":3.475905705884,"PE_TTM_SQ":11.67757475984,"PB_TTM_SQ":1.100052113776,"ROA_SQ":1.960812288345,"START_DATE":"2023-01-01 00:00:00","FISCAL_YEAR":"12-31","CURRENCY":"HKD","IS_CNY_CODE":0,"DPS_HKD_LY":null,"ORG_TYPE":"一般企业","PREMIUM_INCOME":null,"PREMIUM_INCOME_YOY":null,"NET_INTEREST_INCOME":null,"NET_INTEREST_INCOME_YOY":null,"FEE_COMMISSION_INCOME":null,"FEE_COMMISSION_INCOME_YOY":null,"ACCOUNTS_RECE_TDAYS":11.92134980736,"INVENTORY_TDAYS":null,"CURRENT_ASSETS_TDAYS":0.607521919184,"TOTAL_ASSETS_TDAYS":0.3374516755,"PREMIUM_EXPENSE":null,"LOAN_DEPOSIT":null,"LOAN_EQUITY":null,"LOAN_ASSETS":null,"DEPOSIT_EQUITY":null,"DEPOSIT_ASSETS":null,"EQUITY_MULTIPLIER":1.548920824956,"EQUITY_RATIO":0.59168972113},{"SECUCODE":"09888.HK","SECURITY_CODE":"09888","SECURITY_NAME_ABBR":"百度集团-SW","ORG_CODE":"10088143","STD_REPORT_DATE":"2023-09-30 00:00:00","REPORT_DATE":"2023-09-30 00:00:00","DATE_TYPE_CODE":"004","REPORT_TYPE":"2023年三季报","PER_NETCASH_OPERATE":9.295339881162,"PER_OI":35.629216184103,"BPS":86.419967571938,"BASIC_EPS":6.13,"DILUTED_EPS":6.04,"OPERATE_INCOME":99647000000,"OPERATE_INCOME_YOY":9.988079207,"GROSS_PROFIT":52034000000,"GROSS_PROFIT_YOY":19.322142726105,"HOLDER_PROFIT":17716000000,"HOLDER_PROFIT_YOY":579.81580967,"GROSS_PROFIT_RATIO":52.218330707397,"EPS_TTM":8.105399075511,"OPERATE_INCOME_QOQ":1.457761605907,"NET_PROFIT_RATIO":18.6538480837,"ROE_AVG":7.604983848639,"GROSS_PROFIT_QOQ":2.845503922752,"ROA":4.417916551851,"HOLDER_PROFIT_QOQ":43.09430627446,"ROE_YEARLY":10.139978464852,"ROIC_YEARLY":5.200393933657,"TOTAL_ASSETS":411034000000,"TOTAL_LIABILITIES":150324000000,"TAX_EBT":16.768906998612,"OCF_SALES":26.089094503598,"TOTAL_PARENT_EQUITY":242427000000,"DEBT_ASSET_RATIO":36.5721570478,"OPERATE_PROFIT":null,"PRETAX_PROFIT":22333000000,"NETCASH_OPERATE":25997000000,"NETCASH_INVEST":-37161000000,"NETCASH_FINANCE":-6554000000,"END_CASH":48195000000,"DIVI_RATIO":null,"DIVIDEND_RATE":null,"CURRENT_RATIO":2.823703140893,"COMMON_ACS":68832000000,"CURRENTDEBT_DEBT":54.283414491365,"ISSUED_COMMON_SHARES":2805219752,"HK_COMMON_SHARES":2280439432,"PER_SHARES":50,"TOTAL_MARKET_CAP":239846288796,"HKSK_MARKET_CAP":194977571436,"PE_TTM":10.119585448726,"PB_TTM":0.833012970485,"REPORT_DATE_SQ":"2022-09-30 00:00:00","REPORT_TYPE_SQ":"2022年三季报","OPERATE_INCOME_SQ":90598000000,"DPS_HKD":null,"OPERATE_INCOME_QOQ_SQ":0.502978052605,"NET_PROFIT_RATIO_SQ":2.6645179805,"HOLDER_PROFIT_SQ":2606000000,"HOLDER_PROFIT_QOQ_SQ":135.734369831293,"ROE_AVG_SQ":1.215782782631,"PE_TTM_SQ":12.417845458494,"PB_TTM_SQ":1.169787171232,"ROA_SQ":0.677704283242,"START_DATE":"2023-01-01 00:00:00","FISCAL_YEAR":"12-31","CURRENCY":"HKD","IS_CNY_CODE":0,"DPS_HKD_LY":null,"ORG_TYPE":"一般企业","PREMIUM_INCOME":null,"PREMIUM_INCOME_YOY":null,"NET_INTEREST_INCOME":null,"NET_INTEREST_INCOME_YOY":null,"FEE_COMMISSION_INCOME":null,"FEE_COMMISSION_INCOME_YOY":null,"ACCOUNTS_RECE_TDAYS":8.879215860994,"INVENTORY_TDAYS":null,"CURRENT_ASSETS_TDAYS":0.449602609714,"TOTAL_ASSETS_TDAYS":0.248494090451,"PREMIUM_EXPENSE":null,"LOAN_DEPOSIT":null,"LOAN_EQUITY":null,"LOAN_ASSETS":null,"DEPOSIT_EQUITY":null,"DEPOSIT_ASSETS":null,"EQUITY_MULTIPLIER":1.576594683747,"EQUITY_RATIO":0.620079446596},{"SECUCODE":"09888.HK","SECURITY_CODE":"09888","SECURITY_NAME_ABBR":"百度集团-SW","ORG_CODE":"10088143","STD_REPORT_DATE":"2023-06-30 00:00:00","REPORT_DATE":"2023-06-30 00:00:00","DATE_TYPE_CODE":"002","REPORT_TYPE":"2023年中报","PER_NETCASH_OPERATE":5.889634901046,"PER_OI":23.312542226094,"BPS":84.001618708123,"BASIC_EPS":3.82,"DILUTED_EPS":3.76,"OPERATE_INCOME":65200000000,"OPERATE_INCOME_YOY":12.3014916118,"GROSS_PROFIT":33881000000,"GROSS_PROFIT_YOY":23.920119966351,"HOLDER_PROFIT":11035000000,"HOLDER_PROFIT_YOY":300.9811046512,"GROSS_PROFIT_RATIO":51.96472392638,"EPS_TTM":5.664375674015,"OPERATE_INCOME_QOQ":3.487912157458,"NET_PROFIT_RATIO":17.9309815951,"ROE_AVG":4.807011659236,"GROSS_PROFIT_QOQ":5.428921373694,"ROA":2.768109670824,"HOLDER_PROFIT_QOQ":11.023897960614,"ROE_YEARLY":9.614023318472,"ROIC_YEARLY":6.588639895155,"TOTAL_ASSETS":406322000000,"TOTAL_LIABILITIES":152868000000,"TAX_EBT":17.401441288682,"OCF_SALES":25.263803680982,"TOTAL_PARENT_EQUITY":235643000000,"DEBT_ASSET_RATIO":37.6223783108,"OPERATE_PROFIT":10190000000,"PRETAX_PROFIT":14154000000,"NETCASH_OPERATE":16472000000,"NETCASH_INVEST":-25761000000,"NETCASH_FINANCE":-1570000000,"END_CASH":54896000000,"DIVI_RATIO":null,"DIVIDEND_RATE":null,"CURRENT_RATIO":2.834940147216,"COMMON_ACS":68832000000,"CURRENTDEBT_DEBT":52.789334589319,"ISSUED_COMMON_SHARES":2805219752,"HK_COMMON_SHARES":2280439432,"PER_SHARES":50,"TOTAL_MARKET_CAP":239846288796,"HKSK_MARKET_CAP":194977571436,"PE_TTM":10.119585448726,"PB_TTM":0.833012970485,"REPORT_DATE_SQ":"2022-06-30 00:00:00","REPORT_TYPE_SQ":"2022年中报","OPERATE_INCOME_SQ":58058000000,"DPS_HKD":null,"OPERATE_INCOME_QOQ_SQ":-1.364911437044,"NET_PROFIT_RATIO_SQ":4.7797030556,"HOLDER_PROFIT_SQ":2752000000,"HOLDER_PROFIT_QOQ_SQ":25.870524767043,"ROE_AVG_SQ":1.284264954313,"PE_TTM_SQ":12.417845458494,"PB_TTM_SQ":1.169787171232,"ROA_SQ":0.719333257532,"START_DATE":"2023-01-01 00:00:00","FISCAL_YEAR":"12-31","CURRENCY":"HKD","IS_CNY_CODE":0,"DPS_HKD_LY":null,"ORG_TYPE":"一般企业","PREMIUM_INCOME":null,"PREMIUM_INCOME_YOY":null,"NET_INTEREST_INCOME":null,"NET_INTEREST_INCOME_YOY":null,"FEE_COMMISSION_INCOME":null,"FEE_COMMISSION_INCOME_YOY":null,"ACCOUNTS_RECE_TDAYS":5.582908763968,"INVENTORY_TDAYS":null,"CURRENT_ASSETS_TDAYS":0.295273807583,"TOTAL_ASSETS_TDAYS":0.163553013627,"PREMIUM_EXPENSE":null,"LOAN_DEPOSIT":null,"LOAN_EQUITY":null,"LOAN_ASSETS":null,"DEPOSIT_EQUITY":null,"DEPOSIT_ASSETS":null,"EQUITY_MULTIPLIER":1.603139031146,"EQUITY_RATIO":0.648727099893},{"SECUCODE":"09888.HK","SECURITY_CODE":"09888","SECURITY_NAME_ABBR":"百度集团-SW","ORG_CODE":"10088143","STD_REPORT_DATE":"2023-03-31 00:00:00","REPORT_DATE":"2023-03-31 00:00:00","DATE_TYPE_CODE":"003","REPORT_TYPE":"2023年一季报","PER_NETCASH_OPERATE":2.088117279147,"PER_OI":11.135672010575,"BPS":82.023877037067,"BASIC_EPS":2.02,"DILUTED_EPS":1.99,"OPERATE_INCOME":31144000000,"OPERATE_INCOME_YOY":9.6195135687,"GROSS_PROFIT":15992000000,"GROSS_PROFIT_YOY":24.306257287213,"HOLDER_PROFIT":5825000000,"HOLDER_PROFIT_YOY":758.1920903955,"GROSS_PROFIT_RATIO":51.348574364244,"EPS_TTM":5.101942715094,"OPERATE_INCOME_QOQ":2.20982413584,"NET_PROFIT_RATIO":20.4919085538,"ROE_AVG":2.568495038285,"GROSS_PROFIT_QOQ":5.234348844995,"ROA":1.471048750429,"HOLDER_PROFIT_QOQ":88.768355602593,"ROE_YEARLY":10.27398015314,"ROIC_YEARLY":6.819345869613,"TOTAL_ASSETS":400979000000,"TOTAL_LIABILITIES":153403000000,"TAX_EBT":15.749174917492,"OCF_SALES":18.751605445672,"TOTAL_PARENT_EQUITY":230095000000,"DEBT_ASSET_RATIO":38.2571157093,"OPERATE_PROFIT":4980000000,"PRETAX_PROFIT":7575000000,"NETCASH_OPERATE":5840000000,"NETCASH_INVEST":-32649000000,"NETCASH_FINANCE":-2302000000,"END_CASH":36020000000,"DIVI_RATIO":null,"DIVIDEND_RATE":null,"CURRENT_RATIO":2.93589086717,"COMMON_ACS":68832000000,"CURRENTDEBT_DEBT":50.892094678722,"ISSUED_COMMON_SHARES":2805219752,"HK_COMMON_SHARES":2280439432,"PER_SHARES":50,"TOTAL_MARKET_CAP":239846288796,"HKSK_MARKET_CAP":194977571436,"PE_TTM":10.119585448726,"PB_TTM":0.833012970485,"REPORT_DATE_SQ":"2022-03-31 00:00:00","REPORT_TYPE_SQ":"2022年一季报","OPERATE_INCOME_SQ":28411000000,"DPS_HKD":null,"OPERATE_INCOME_QOQ_SQ":0.222502470018,"NET_PROFIT_RATIO_SQ":-2.6433423674,"HOLDER_PROFIT_SQ":-885000000,"HOLDER_PROFIT_QOQ_SQ":-259.514961861921,"ROE_AVG_SQ":-0.417818421307,"PE_TTM_SQ":12.417845458494,"PB_TTM_SQ":1.169787171232,"ROA_SQ":-0.234230156934,"START_DATE":"2023-01-01 00:00:00","FISCAL_YEAR":"12-31","CURRENCY":"HKD","IS_CNY_CODE":0,"DPS_HKD_LY":null,"ORG_TYPE":"一般企业","PREMIUM_INCOME":null,"PREMIUM_INCOME_YOY":null,"NET_INTEREST_INCOME":null,"NET_INTEREST_INCOME_YOY":null,"FEE_COMMISSION_INCOME":null,"FEE_COMMISSION_INCOME_YOY":null,"ACCOUNTS_RECE_TDAYS":2.76454662465,"INVENTORY_TDAYS":null,"CURRENT_ASSETS_TDAYS":0.140905543428,"TOTAL_ASSETS_TDAYS":0.078651231388,"PREMIUM_EXPENSE":null,"LOAN_DEPOSIT":null,"LOAN_EQUITY":null,"LOAN_ASSETS":null,"DEPOSIT_EQUITY":null,"DEPOSIT_ASSETS":null,"EQUITY_MULTIPLIER":1.61961983391,"EQUITY_RATIO":0.66669419153},{"SECUCODE":"09888.HK","SECURITY_CODE":"09888","SECURITY_NAME_ABBR":"百度集团-SW","ORG_CODE":"10088143","STD_REPORT_DATE":"2022-12-31 00:00:00","REPORT_DATE":"2022-12-31 00:00:00","DATE_TYPE_CODE":"001","REPORT_TYPE":"2022年年报","PER_NETCASH_OPERATE":9.357840484636,"PER_OI":44.22357363154,"BPS":79.665060051238,"BASIC_EPS":2.5,"DILUTED_EPS":2.48,"OPERATE_INCOME":123675000000,"OPERATE_INCOME_YOY":-0.6570650559,"GROSS_PROFIT":59740000000,"GROSS_PROFIT_YOY":-0.729490353778,"HOLDER_PROFIT":7559000000,"HOLDER_PROFIT_YOY":-26.0805789165,"GROSS_PROFIT_RATIO":48.304022639984,"EPS_TTM":2.702939099097,"OPERATE_INCOME_QOQ":-0.00889348835,"NET_PROFIT_RATIO":6.0917727916,"ROE_AVG":3.475905705884,"GROSS_PROFIT_QOQ":0.560540003703,"ROA":1.960812288345,"HOLDER_PROFIT_QOQ":74.936357324693,"ROE_YEARLY":3.475905705884,"ROIC_YEARLY":2.310981211622,"TOTAL_ASSETS":390973000000,"TOTAL_LIABILITIES":153168000000,"TAX_EBT":25.494462025317,"OCF_SALES":21.160299171215,"TOTAL_PARENT_EQUITY":223478000000,"DEBT_ASSET_RATIO":39.17610679,"OPERATE_PROFIT":15911000000,"PRETAX_PROFIT":10112000000,"NETCASH_OPERATE":26170000000,"NETCASH_INVEST":-3944000000,"NETCASH_FINANCE":-6390000000,"END_CASH":65236000000,"DIVI_RATIO":null,"DIVIDEND_RATE":null,"CURRENT_RATIO":2.6729875675,"COMMON_ACS":68832000000,"CURRENTDEBT_DEBT":51.988666039904,"ISSUED_COMMON_SHARES":2805219752,"HK_COMMON_SHARES":2280439432,"PER_SHARES":50,"TOTAL_MARKET_CAP":239846288796,"HKSK_MARKET_CAP":194977571436,"PE_TTM":10.119585448726,"PB_TTM":0.833012970485,"REPORT_DATE_SQ":"2021-12-31 00:00:00","REPORT_TYPE_SQ":"2021年年报","OPERATE_INCOME_SQ":124493000000,"DPS_HKD":null,"OPERATE_INCOME_QOQ_SQ":2.321892362823,"NET_PROFIT_RATIO_SQ":6.0975315881,"HOLDER_PROFIT_SQ":10226000000,"HOLDER_PROFIT_QOQ_SQ":-25.275849470223,"ROE_AVG_SQ":5.188821656455,"PE_TTM_SQ":12.417845458494,"PB_TTM_SQ":1.169787171232,"ROA_SQ":2.869481523469,"START_DATE":"2022-01-01 00:00:00","FISCAL_YEAR":"12-31","CURRENCY":"HKD","IS_CNY_CODE":0,"DPS_HKD_LY":null,"ORG_TYPE":"一般企业","PREMIUM_INCOME":null,"PREMIUM_INCOME_YOY":null,"NET_INTEREST_INCOME":null,"NET_INTEREST_INCOME_YOY":null,"FEE_COMMISSION_INCOME":null,"FEE_COMMISSION_INCOME_YOY":null,"ACCOUNTS_RECE_TDAYS":11.391268306162,"INVENTORY_TDAYS":null,"CURRENT_ASSETS_TDAYS":0.580408996515,"TOTAL_ASSETS_TDAYS":0.320814207913,"PREMIUM_EXPENSE":null,"LOAN_DEPOSIT":null,"LOAN_EQUITY":null,"LOAN_ASSETS":null,"DEPOSIT_EQUITY":null,"DEPOSIT_ASSETS":null,"EQUITY_MULTIPLIER":1.644090746621,"EQUITY_RATIO":0.685382901225}],"count":22},"success":true,"message":"ok","code":0}