{"version":"777e5de0773eefb18de5570ba4b2920a","result":{"pages":1,"data":[{"SECUCODE":"09885.HK","SECURITY_CODE":"09885","SECURITY_NAME_ABBR":"药师帮","ORG_CODE":"10000353174","STD_REPORT_DATE":"2024-06-30 00:00:00","REPORT_DATE":"2024-06-30 00:00:00","DATE_TYPE_CODE":"002","REPORT_TYPE":"2024年中报","PER_NETCASH_OPERATE":0.653519236112,"PER_OI":13.75116772996,"BPS":2.9683583857,"BASIC_EPS":0.03,"DILUTED_EPS":0.03,"OPERATE_INCOME":8813955000,"OPERATE_INCOME_YOY":10.6065357578,"GROSS_PROFIT":881716000,"GROSS_PROFIT_YOY":7.897799375166,"HOLDER_PROFIT":21820000,"HOLDER_PROFIT_YOY":100.6886332901,"GROSS_PROFIT_RATIO":10.00363627906,"EPS_TTM":0.001876870801,"OPERATE_INCOME_QOQ":4.979933156873,"NET_PROFIT_RATIO":0.1515097365,"ROE_AVG":1.107724985697,"GROSS_PROFIT_QOQ":3.707171425732,"ROA":0.414771334016,"HOLDER_PROFIT_QOQ":100.03772091664,"ROE_YEARLY":2.215449971393,"ROIC_YEARLY":1.071301050202,"TOTAL_ASSETS":5309617000,"TOTAL_LIABILITIES":3334463000,"TAX_EBT":-5.000786287152,"OCF_SALES":4.752463564881,"TOTAL_PARENT_EQUITY":2019844000,"DEBT_ASSET_RATIO":62.8004430451,"OPERATE_PROFIT":17990000,"PRETAX_PROFIT":12718000,"NETCASH_OPERATE":418880000,"NETCASH_INVEST":299301000,"NETCASH_FINANCE":-60476000,"END_CASH":1404867000,"DIVI_RATIO":null,"DIVIDEND_RATE":null,"CURRENT_RATIO":1.474493944758,"COMMON_ACS":20000000000,"CURRENTDEBT_DEBT":96.404428539168,"ISSUED_COMMON_SHARES":680458266,"HK_COMMON_SHARES":680458266,"PER_SHARES":200,"TOTAL_MARKET_CAP":4695162035.4,"HKSK_MARKET_CAP":4695162035.4,"PE_TTM":-80.107445932719,"PB_TTM":2.121540320178,"REPORT_DATE_SQ":"2023-06-30 00:00:00","REPORT_TYPE_SQ":"2023年中报","OPERATE_INCOME_SQ":7968747000,"DPS_HKD":null,"OPERATE_INCOME_QOQ_SQ":8.751408950452,"NET_PROFIT_RATIO_SQ":-39.8629797131,"HOLDER_PROFIT_SQ":-3168595000,"HOLDER_PROFIT_QOQ_SQ":-170.137664843137,"ROE_AVG_SQ":249.201924975049,"PE_TTM_SQ":-1.173811357189,"PB_TTM_SQ":2.610025190572,"ROA_SQ":-71.911229004015,"START_DATE":"2024-01-01 00:00:00","FISCAL_YEAR":"12-31","CURRENCY":"HKD","IS_CNY_CODE":0,"DPS_HKD_LY":null,"ORG_TYPE":"一般企业","PREMIUM_INCOME":null,"PREMIUM_INCOME_YOY":null,"NET_INTEREST_INCOME":null,"NET_INTEREST_INCOME_YOY":null,"FEE_COMMISSION_INCOME":null,"FEE_COMMISSION_INCOME_YOY":null,"ACCOUNTS_RECE_TDAYS":21.980979148638,"INVENTORY_TDAYS":5.806589020885,"CURRENT_ASSETS_TDAYS":1.835685330188,"TOTAL_ASSETS_TDAYS":1.67542432324,"PREMIUM_EXPENSE":null,"LOAN_DEPOSIT":null,"LOAN_EQUITY":null,"LOAN_ASSETS":null,"DEPOSIT_EQUITY":null,"DEPOSIT_ASSETS":null,"EQUITY_MULTIPLIER":2.688204059022,"EQUITY_RATIO":1.650851748947},{"SECUCODE":"09885.HK","SECURITY_CODE":"09885","SECURITY_NAME_ABBR":"药师帮","ORG_CODE":"10000353174","STD_REPORT_DATE":"2023-12-31 00:00:00","REPORT_DATE":"2023-12-31 00:00:00","DATE_TYPE_CODE":"001","REPORT_TYPE":"2023年年报","PER_NETCASH_OPERATE":0.704468717233,"PER_OI":26.499079131381,"BPS":2.821278094372,"BASIC_EPS":-8.26,"DILUTED_EPS":-8.26,"OPERATE_INCOME":16972276000,"OPERATE_INCOME_YOY":18.8966858403,"GROSS_PROFIT":1740923000,"GROSS_PROFIT_YOY":21.342606242207,"HOLDER_PROFIT":-3189212000,"HOLDER_PROFIT_YOY":-114.2297109938,"GROSS_PROFIT_RATIO":10.25745162287,"EPS_TTM":-4.979366418196,"OPERATE_INCOME_QOQ":9.328869379957,"NET_PROFIT_RATIO":-18.8926164057,"ROE_AVG":262.376558965602,"GROSS_PROFIT_QOQ":6.833471713652,"ROA":-68.433744970674,"HOLDER_PROFIT_QOQ":20.696097259062,"ROE_YEARLY":262.376558965602,"ROIC_YEARLY":-87.901781456906,"TOTAL_ASSETS":5211843000,"TOTAL_LIABILITIES":3328305000,"TAX_EBT":0.114946216696,"OCF_SALES":2.658464898874,"TOTAL_PARENT_EQUITY":1919762000,"DEBT_ASSET_RATIO":63.8604232706,"OPERATE_PROFIT":-3200165000,"PRETAX_PROFIT":-3210197000,"NETCASH_OPERATE":451202000,"NETCASH_INVEST":-792946000,"NETCASH_FINANCE":255343000,"END_CASH":745693000,"DIVI_RATIO":null,"DIVIDEND_RATE":null,"CURRENT_RATIO":1.502745276419,"COMMON_ACS":20000000000,"CURRENTDEBT_DEBT":97.229791139935,"ISSUED_COMMON_SHARES":680458266,"HK_COMMON_SHARES":680458266,"PER_SHARES":200,"TOTAL_MARKET_CAP":4021508352.06,"HKSK_MARKET_CAP":4021508352.06,"PE_TTM":-68.61376890759,"PB_TTM":1.817145404674,"REPORT_DATE_SQ":"2022-12-31 00:00:00","REPORT_TYPE_SQ":"2022年年报","OPERATE_INCOME_SQ":14274810000,"DPS_HKD":null,"OPERATE_INCOME_QOQ_SQ":12.092944073396,"NET_PROFIT_RATIO_SQ":-10.5082869754,"HOLDER_PROFIT_SQ":-1488688000,"HOLDER_PROFIT_QOQ_SQ":-97.453391763845,"ROE_AVG_SQ":41.057678822774,"PE_TTM_SQ":-0.938755265637,"PB_TTM_SQ":2.087366829506,"ROA_SQ":-39.459982068319,"START_DATE":"2023-01-01 00:00:00","FISCAL_YEAR":"12-31","CURRENCY":"HKD","IS_CNY_CODE":0,"DPS_HKD_LY":null,"ORG_TYPE":"一般企业","PREMIUM_INCOME":null,"PREMIUM_INCOME_YOY":null,"NET_INTEREST_INCOME":null,"NET_INTEREST_INCOME_YOY":null,"FEE_COMMISSION_INCOME":null,"FEE_COMMISSION_INCOME_YOY":null,"ACCOUNTS_RECE_TDAYS":35.315683408328,"INVENTORY_TDAYS":12.251431251083,"CURRENT_ASSETS_TDAYS":3.971037540692,"TOTAL_ASSETS_TDAYS":3.641891499706,"PREMIUM_EXPENSE":null,"LOAN_DEPOSIT":null,"LOAN_EQUITY":null,"LOAN_ASSETS":null,"DEPOSIT_EQUITY":null,"DEPOSIT_ASSETS":null,"EQUITY_MULTIPLIER":2.767049563108,"EQUITY_RATIO":1.733707094942},{"SECUCODE":"09885.HK","SECURITY_CODE":"09885","SECURITY_NAME_ABBR":"药师帮","ORG_CODE":"10000353174","STD_REPORT_DATE":"2023-06-30 00:00:00","REPORT_DATE":"2023-06-30 00:00:00","DATE_TYPE_CODE":"002","REPORT_TYPE":"2023年中报","PER_NETCASH_OPERATE":0.578105432021,"PER_OI":12.601797018592,"BPS":2.656719875896,"BASIC_EPS":-23.7,"DILUTED_EPS":-23.7,"OPERATE_INCOME":7968747000,"OPERATE_INCOME_YOY":18.5913684054,"GROSS_PROFIT":817177000,"GROSS_PROFIT_YOY":31.309906206866,"HOLDER_PROFIT":-3168595000,"HOLDER_PROFIT_YOY":-398.3822918764,"GROSS_PROFIT_RATIO":10.254774056699,"EPS_TTM":-6.359621521783,"OPERATE_INCOME_QOQ":8.751408950452,"NET_PROFIT_RATIO":-39.8629797131,"ROE_AVG":249.201924975049,"GROSS_PROFIT_QOQ":13.581075571001,"ROA":-71.911229004015,"HOLDER_PROFIT_QOQ":-170.137664843137,"ROE_YEARLY":498.403849950098,"ROIC_YEARLY":-191.326615717205,"TOTAL_ASSETS":4703778000,"TOTAL_LIABILITIES":2922905000,"TAX_EBT":0.062040828654,"OCF_SALES":4.587484079994,"TOTAL_PARENT_EQUITY":1807787000,"DEBT_ASSET_RATIO":62.1395184892,"OPERATE_PROFIT":-3173599000,"PRETAX_PROFIT":-3178552000,"NETCASH_OPERATE":365565000,"NETCASH_INVEST":-433988000,"NETCASH_FINANCE":217486000,"END_CASH":985567000,"DIVI_RATIO":null,"DIVIDEND_RATE":null,"CURRENT_RATIO":1.514366076997,"COMMON_ACS":20000000000,"CURRENTDEBT_DEBT":96.384487350769,"ISSUED_COMMON_SHARES":680458266,"HK_COMMON_SHARES":680458266,"PER_SHARES":200,"TOTAL_MARKET_CAP":4021508352.06,"HKSK_MARKET_CAP":4021508352.06,"PE_TTM":-68.61376890759,"PB_TTM":1.817145404674,"REPORT_DATE_SQ":"2022-06-30 00:00:00","REPORT_TYPE_SQ":"2022年中报","OPERATE_INCOME_SQ":6719500000,"DPS_HKD":null,"OPERATE_INCOME_QOQ_SQ":26.167831339219,"NET_PROFIT_RATIO_SQ":-9.5889575117,"HOLDER_PROFIT_SQ":-635776000,"HOLDER_PROFIT_QOQ_SQ":-52.607577103925,"ROE_AVG_SQ":19.807910845459,"PE_TTM_SQ":-0.938755265637,"PB_TTM_SQ":2.087366829506,"ROA_SQ":-17.564313978246,"START_DATE":"2023-01-01 00:00:00","FISCAL_YEAR":"12-31","CURRENCY":"HKD","IS_CNY_CODE":0,"DPS_HKD_LY":null,"ORG_TYPE":"一般企业","PREMIUM_INCOME":null,"PREMIUM_INCOME_YOY":null,"NET_INTEREST_INCOME":null,"NET_INTEREST_INCOME_YOY":null,"FEE_COMMISSION_INCOME":null,"FEE_COMMISSION_INCOME_YOY":null,"ACCOUNTS_RECE_TDAYS":20.303290185243,"INVENTORY_TDAYS":6.31245531498,"CURRENT_ASSETS_TDAYS":2.004387456447,"TOTAL_ASSETS_TDAYS":1.808506263477,"PREMIUM_EXPENSE":null,"LOAN_DEPOSIT":null,"LOAN_EQUITY":null,"LOAN_ASSETS":null,"DEPOSIT_EQUITY":null,"DEPOSIT_ASSETS":null,"EQUITY_MULTIPLIER":2.641276497539,"EQUITY_RATIO":1.61684147524},{"SECUCODE":"09885.HK","SECURITY_CODE":"09885","SECURITY_NAME_ABBR":"药师帮","ORG_CODE":"10000353174","STD_REPORT_DATE":"2022-12-31 00:00:00","REPORT_DATE":"2022-12-31 00:00:00","DATE_TYPE_CODE":"001","REPORT_TYPE":"2022年年报","PER_NETCASH_OPERATE":0.85490465,"PER_OI":124.2729271575,"BPS":-6.393898373188,"BASIC_EPS":-11.88,"DILUTED_EPS":-11.88,"OPERATE_INCOME":14274810000,"OPERATE_INCOME_YOY":41.4252366217,"GROSS_PROFIT":1434717000,"GROSS_PROFIT_YOY":57.000426775221,"HOLDER_PROFIT":-1488688000,"HOLDER_PROFIT_YOY":-201.3288370803,"GROSS_PROFIT_RATIO":10.050690692205,"EPS_TTM":-12.960145556,"OPERATE_INCOME_QOQ":12.092944073396,"NET_PROFIT_RATIO":-10.5082869754,"ROE_AVG":41.057678822774,"GROSS_PROFIT_QOQ":27.543551157275,"ROA":-39.459982068319,"HOLDER_PROFIT_QOQ":-97.453391763845,"ROE_YEARLY":41.057678822774,"ROIC_YEARLY":-51.436676266276,"TOTAL_ASSETS":4108740000,"TOTAL_LIABILITIES":8478450000,"TAX_EBT":-0.211842468302,"OCF_SALES":0.687925093224,"TOTAL_PARENT_EQUITY":-4350781000,"DEBT_ASSET_RATIO":206.3515822369,"OPERATE_PROFIT":-1486636000,"PRETAX_PROFIT":-1496867000,"NETCASH_OPERATE":98200000,"NETCASH_INVEST":41070000,"NETCASH_FINANCE":261927000,"END_CASH":835394000,"DIVI_RATIO":null,"DIVIDEND_RATE":null,"CURRENT_RATIO":0.439960471515,"COMMON_ACS":20000000000,"CURRENTDEBT_DEBT":98.788481385159,"ISSUED_COMMON_SHARES":680458266,"HK_COMMON_SHARES":680458266,"PER_SHARES":200,"TOTAL_MARKET_CAP":4021508352.06,"HKSK_MARKET_CAP":4021508352.06,"PE_TTM":-68.61376890759,"PB_TTM":1.817145404674,"REPORT_DATE_SQ":"2021-12-31 00:00:00","REPORT_TYPE_SQ":"2021年年报","OPERATE_INCOME_SQ":10093538000,"DPS_HKD":null,"OPERATE_INCOME_QOQ_SQ":66.425272473263,"NET_PROFIT_RATIO_SQ":-4.9697142865,"HOLDER_PROFIT_SQ":-494041000,"HOLDER_PROFIT_QOQ_SQ":13.585535349154,"ROE_AVG_SQ":18.423826967634,"PE_TTM_SQ":-0.938755265637,"PB_TTM_SQ":2.087366829506,"ROA_SQ":-16.393445886789,"START_DATE":"2022-01-01 00:00:00","FISCAL_YEAR":"12-31","CURRENCY":"HKD","IS_CNY_CODE":0,"DPS_HKD_LY":null,"ORG_TYPE":"一般企业","PREMIUM_INCOME":null,"PREMIUM_INCOME_YOY":null,"NET_INTEREST_INCOME":null,"NET_INTEREST_INCOME_YOY":null,"FEE_COMMISSION_INCOME":null,"FEE_COMMISSION_INCOME_YOY":null,"ACCOUNTS_RECE_TDAYS":32.495259385052,"INVENTORY_TDAYS":13.776864691568,"CURRENT_ASSETS_TDAYS":4.562324985366,"TOTAL_ASSETS_TDAYS":3.783759569693,"PREMIUM_EXPENSE":null,"LOAN_DEPOSIT":null,"LOAN_EQUITY":null,"LOAN_ASSETS":null,"DEPOSIT_EQUITY":null,"DEPOSIT_ASSETS":null,"EQUITY_MULTIPLIER":-0.940277501253,"EQUITY_RATIO":-1.948719092043},{"SECUCODE":"09885.HK","SECURITY_CODE":"09885","SECURITY_NAME_ABBR":"药师帮","ORG_CODE":"10000353174","STD_REPORT_DATE":"2022-06-30 00:00:00","REPORT_DATE":"2022-06-30 00:00:00","DATE_TYPE_CODE":"002","REPORT_TYPE":"2022年中报","PER_NETCASH_OPERATE":-0.9532369205,"PER_OI":56.371565375,"BPS":-5.170787358765,"BASIC_EPS":-5.07,"DILUTED_EPS":-5.07,"OPERATE_INCOME":6719500000,"OPERATE_INCOME_YOY":64.7647024207,"GROSS_PROFIT":622327000,"GROSS_PROFIT_YOY":51.317251557968,"HOLDER_PROFIT":-635776000,"HOLDER_PROFIT_YOY":-69.1464936295,"GROSS_PROFIT_RATIO":9.261507552645,"EPS_TTM":-6.325024702,"OPERATE_INCOME_QOQ":26.167831339219,"NET_PROFIT_RATIO":-9.5889575117,"ROE_AVG":19.807910845459,"GROSS_PROFIT_QOQ":23.095542934682,"ROA":-17.564313978246,"HOLDER_PROFIT_QOQ":-52.607577103925,"ROE_YEARLY":39.615821690917,"ROIC_YEARLY":-47.816089879291,"TOTAL_ASSETS":3802841000,"TOTAL_LIABILITIES":7337479000,"TAX_EBT":-0.025614555277,"OCF_SALES":-1.690988912866,"TOTAL_PARENT_EQUITY":-3518505000,"DEBT_ASSET_RATIO":192.9472991377,"OPERATE_PROFIT":-639057000,"PRETAX_PROFIT":-644165000,"NETCASH_OPERATE":-113626000,"NETCASH_INVEST":352554000,"NETCASH_FINANCE":312364000,"END_CASH":979173000,"DIVI_RATIO":null,"DIVIDEND_RATE":null,"CURRENT_RATIO":0.447965736736,"COMMON_ACS":20000000000,"CURRENTDEBT_DEBT":98.148819233418,"ISSUED_COMMON_SHARES":680458266,"HK_COMMON_SHARES":680458266,"PER_SHARES":200,"TOTAL_MARKET_CAP":4021508352.06,"HKSK_MARKET_CAP":4021508352.06,"PE_TTM":-68.61376890759,"PB_TTM":1.817145404674,"REPORT_DATE_SQ":"2021-06-30 00:00:00","REPORT_TYPE_SQ":"2021年中报","OPERATE_INCOME_SQ":4078240000,"DPS_HKD":null,"OPERATE_INCOME_QOQ_SQ":0,"NET_PROFIT_RATIO_SQ":-9.2211346071,"HOLDER_PROFIT_SQ":-375873000,"HOLDER_PROFIT_QOQ_SQ":0,"ROE_AVG_SQ":null,"PE_TTM_SQ":-0.938755265637,"PB_TTM_SQ":2.087366829506,"ROA_SQ":null,"START_DATE":"2022-01-01 00:00:00","FISCAL_YEAR":"12-31","CURRENCY":"HKD","IS_CNY_CODE":0,"DPS_HKD_LY":null,"ORG_TYPE":"一般企业","PREMIUM_INCOME":null,"PREMIUM_INCOME_YOY":null,"NET_INTEREST_INCOME":null,"NET_INTEREST_INCOME_YOY":null,"FEE_COMMISSION_INCOME":null,"FEE_COMMISSION_INCOME_YOY":null,"ACCOUNTS_RECE_TDAYS":19.033954909964,"INVENTORY_TDAYS":6.517827039289,"CURRENT_ASSETS_TDAYS":2.317551655586,"TOTAL_ASSETS_TDAYS":1.85636777382,"PREMIUM_EXPENSE":null,"LOAN_DEPOSIT":null,"LOAN_EQUITY":null,"LOAN_ASSETS":null,"DEPOSIT_EQUITY":null,"DEPOSIT_ASSETS":null,"EQUITY_MULTIPLIER":-1.075878491658,"EQUITY_RATIO":-2.085396780735},{"SECUCODE":"09885.HK","SECURITY_CODE":"09885","SECURITY_NAME_ABBR":"药师帮","ORG_CODE":"10000353174","STD_REPORT_DATE":"2021-12-31 00:00:00","REPORT_DATE":"2021-12-31 00:00:00","DATE_TYPE_CODE":"001","REPORT_TYPE":"2021年年报","PER_NETCASH_OPERATE":-3.881900732375,"PER_OI":80.44171278325,"BPS":-4.263171078886,"BASIC_EPS":-3.94,"DILUTED_EPS":-3.94,"OPERATE_INCOME":10093538000,"OPERATE_INCOME_YOY":66.4252724733,"GROSS_PROFIT":913830000,"GROSS_PROFIT_YOY":50.106194428612,"HOLDER_PROFIT":-494041000,"HOLDER_PROFIT_YOY":13.5855353492,"GROSS_PROFIT_RATIO":9.053614302537,"EPS_TTM":-3.937321504625,"OPERATE_INCOME_QOQ":66.425272473263,"NET_PROFIT_RATIO":-4.9697142865,"ROE_AVG":18.423826967634,"GROSS_PROFIT_QOQ":50.106194428612,"ROA":-16.393445886789,"HOLDER_PROFIT_QOQ":13.585535349154,"ROE_YEARLY":18.423826967634,"ROIC_YEARLY":-18.99921663578,"TOTAL_ASSETS":3436565000,"TOTAL_LIABILITIES":6345054000,"TAX_EBT":0.289023086067,"OCF_SALES":-4.825731076655,"TOTAL_PARENT_EQUITY":-2900910000,"DEBT_ASSET_RATIO":184.6336094327,"OPERATE_PROFIT":-494580000,"PRETAX_PROFIT":-503074000,"NETCASH_OPERATE":-487087000,"NETCASH_INVEST":-352804000,"NETCASH_FINANCE":1124847000,"END_CASH":415482000,"DIVI_RATIO":null,"DIVIDEND_RATE":null,"CURRENT_RATIO":0.413250288128,"COMMON_ACS":20000000000,"CURRENTDEBT_DEBT":98.116186245223,"ISSUED_COMMON_SHARES":680458266,"HK_COMMON_SHARES":680458266,"PER_SHARES":200,"TOTAL_MARKET_CAP":4021508352.06,"HKSK_MARKET_CAP":4021508352.06,"PE_TTM":-68.61376890759,"PB_TTM":1.817145404674,"REPORT_DATE_SQ":"2020-12-31 00:00:00","REPORT_TYPE_SQ":"2020年年报","OPERATE_INCOME_SQ":6064907000,"DPS_HKD":null,"OPERATE_INCOME_QOQ_SQ":86.561720885236,"NET_PROFIT_RATIO_SQ":-9.4265419074,"HOLDER_PROFIT_SQ":-571711000,"HOLDER_PROFIT_QOQ_SQ":45.319487962293,"ROE_AVG_SQ":26.269855656422,"PE_TTM_SQ":-0.938755265637,"PB_TTM_SQ":2.087366829506,"ROA_SQ":-23.04064114378,"START_DATE":"2021-01-01 00:00:00","FISCAL_YEAR":"12-31","CURRENCY":"HKD","IS_CNY_CODE":0,"DPS_HKD_LY":null,"ORG_TYPE":"一般企业","PREMIUM_INCOME":null,"PREMIUM_INCOME_YOY":null,"NET_INTEREST_INCOME":null,"NET_INTEREST_INCOME_YOY":null,"FEE_COMMISSION_INCOME":null,"FEE_COMMISSION_INCOME_YOY":null,"ACCOUNTS_RECE_TDAYS":22.342254559299,"INVENTORY_TDAYS":13.460515298993,"CURRENT_ASSETS_TDAYS":4.624168548442,"TOTAL_ASSETS_TDAYS":3.349274028051,"PREMIUM_EXPENSE":null,"LOAN_DEPOSIT":null,"LOAN_EQUITY":null,"LOAN_ASSETS":null,"DEPOSIT_EQUITY":null,"DEPOSIT_ASSETS":null,"EQUITY_MULTIPLIER":-1.181563691662,"EQUITY_RATIO":-2.187263307031},{"SECUCODE":"09885.HK","SECURITY_CODE":"09885","SECURITY_NAME_ABBR":"药师帮","ORG_CODE":"10000353174","STD_REPORT_DATE":"2021-06-30 00:00:00","REPORT_DATE":"2021-06-30 00:00:00","DATE_TYPE_CODE":"002","REPORT_TYPE":"2021年中报","PER_NETCASH_OPERATE":null,"PER_OI":null,"BPS":null,"BASIC_EPS":-12,"DILUTED_EPS":-12,"OPERATE_INCOME":4078240000,"OPERATE_INCOME_YOY":null,"GROSS_PROFIT":411273000,"GROSS_PROFIT_YOY":null,"HOLDER_PROFIT":-375873000,"HOLDER_PROFIT_YOY":null,"GROSS_PROFIT_RATIO":10.084570795245,"EPS_TTM":-4.662946379875,"OPERATE_INCOME_QOQ":0,"NET_PROFIT_RATIO":-9.2211346071,"ROE_AVG":null,"GROSS_PROFIT_QOQ":0,"ROA":null,"HOLDER_PROFIT_QOQ":0,"ROE_YEARLY":null,"ROIC_YEARLY":null,"TOTAL_ASSETS":null,"TOTAL_LIABILITIES":null,"TAX_EBT":0.257009407764,"OCF_SALES":0.075105928047,"TOTAL_PARENT_EQUITY":null,"DEBT_ASSET_RATIO":null,"OPERATE_PROFIT":-372895000,"PRETAX_PROFIT":-377029000,"NETCASH_OPERATE":3063000,"NETCASH_INVEST":-193673000,"NETCASH_FINANCE":1127964000,"END_CASH":1067880000,"DIVI_RATIO":null,"DIVIDEND_RATE":null,"CURRENT_RATIO":null,"COMMON_ACS":20000000000,"CURRENTDEBT_DEBT":null,"ISSUED_COMMON_SHARES":680458266,"HK_COMMON_SHARES":680458266,"PER_SHARES":200,"TOTAL_MARKET_CAP":4021508352.06,"HKSK_MARKET_CAP":4021508352.06,"PE_TTM":-68.61376890759,"PB_TTM":1.817145404674,"REPORT_DATE_SQ":"2020-06-30 00:00:00","REPORT_TYPE_SQ":"2020年中报","OPERATE_INCOME_SQ":null,"DPS_HKD":null,"OPERATE_INCOME_QOQ_SQ":0,"NET_PROFIT_RATIO_SQ":null,"HOLDER_PROFIT_SQ":null,"HOLDER_PROFIT_QOQ_SQ":0,"ROE_AVG_SQ":null,"PE_TTM_SQ":-0.938755265637,"PB_TTM_SQ":2.087366829506,"ROA_SQ":null,"START_DATE":"2021-01-01 00:00:00","FISCAL_YEAR":"12-31","CURRENCY":"HKD","IS_CNY_CODE":0,"DPS_HKD_LY":null,"ORG_TYPE":"一般企业","PREMIUM_INCOME":null,"PREMIUM_INCOME_YOY":null,"NET_INTEREST_INCOME":null,"NET_INTEREST_INCOME_YOY":null,"FEE_COMMISSION_INCOME":null,"FEE_COMMISSION_INCOME_YOY":null,"ACCOUNTS_RECE_TDAYS":null,"INVENTORY_TDAYS":null,"CURRENT_ASSETS_TDAYS":4.549428900671,"TOTAL_ASSETS_TDAYS":3.148327848401,"PREMIUM_EXPENSE":null,"LOAN_DEPOSIT":null,"LOAN_EQUITY":null,"LOAN_ASSETS":null,"DEPOSIT_EQUITY":null,"DEPOSIT_ASSETS":null,"EQUITY_MULTIPLIER":null,"EQUITY_RATIO":null},{"SECUCODE":"09885.HK","SECURITY_CODE":"09885","SECURITY_NAME_ABBR":"药师帮","ORG_CODE":"10000353174","STD_REPORT_DATE":"2020-12-31 00:00:00","REPORT_DATE":"2020-12-31 00:00:00","DATE_TYPE_CODE":"001","REPORT_TYPE":"2020年年报","PER_NETCASH_OPERATE":-1.0145240765,"PER_OI":49.466139605375,"BPS":-3.618379146856,"BASIC_EPS":-4.56,"DILUTED_EPS":-4.56,"OPERATE_INCOME":6064907000,"OPERATE_INCOME_YOY":86.5617208852,"GROSS_PROFIT":608789000,"GROSS_PROFIT_YOY":165.977971662873,"HOLDER_PROFIT":-571711000,"HOLDER_PROFIT_YOY":45.3194879623,"GROSS_PROFIT_RATIO":10.037895057583,"EPS_TTM":-4.662946379875,"OPERATE_INCOME_QOQ":86.561720885236,"NET_PROFIT_RATIO":-9.4265419074,"ROE_AVG":26.269855656422,"GROSS_PROFIT_QOQ":165.977971662873,"ROA":-23.04064114378,"HOLDER_PROFIT_QOQ":45.319487962293,"ROE_YEARLY":26.269855656422,"ROIC_YEARLY":-28.650069957544,"TOTAL_ASSETS":2590734000,"TOTAL_LIABILITIES":5052890000,"TAX_EBT":0.791466529694,"OCF_SALES":-2.050946535536,"TOTAL_PARENT_EQUITY":-2462156000,"DEBT_ASSET_RATIO":195.0370049569,"OPERATE_PROFIT":-565971000,"PRETAX_PROFIT":-576272000,"NETCASH_OPERATE":-124388000,"NETCASH_INVEST":-323673000,"NETCASH_FINANCE":158219000,"END_CASH":130526000,"DIVI_RATIO":null,"DIVIDEND_RATE":null,"CURRENT_RATIO":0.362353483305,"COMMON_ACS":20000000000,"CURRENTDEBT_DEBT":97.920496982915,"ISSUED_COMMON_SHARES":680458266,"HK_COMMON_SHARES":680458266,"PER_SHARES":200,"TOTAL_MARKET_CAP":4021508352.06,"HKSK_MARKET_CAP":4021508352.06,"PE_TTM":-68.61376890759,"PB_TTM":1.817145404674,"REPORT_DATE_SQ":"2019-12-31 00:00:00","REPORT_TYPE_SQ":"2019年年报","OPERATE_INCOME_SQ":3250885000,"DPS_HKD":null,"OPERATE_INCOME_QOQ_SQ":null,"NET_PROFIT_RATIO_SQ":-32.161949746,"HOLDER_PROFIT_SQ":-1045548000,"HOLDER_PROFIT_QOQ_SQ":null,"ROE_AVG_SQ":55.306977986665,"PE_TTM_SQ":-0.938755265637,"PB_TTM_SQ":2.087366829506,"ROA_SQ":-44.080666234664,"START_DATE":"2020-01-01 00:00:00","FISCAL_YEAR":"12-31","CURRENCY":"HKD","IS_CNY_CODE":0,"DPS_HKD_LY":null,"ORG_TYPE":"一般企业","PREMIUM_INCOME":null,"PREMIUM_INCOME_YOY":null,"NET_INTEREST_INCOME":null,"NET_INTEREST_INCOME_YOY":null,"FEE_COMMISSION_INCOME":null,"FEE_COMMISSION_INCOME_YOY":null,"ACCOUNTS_RECE_TDAYS":11.20620942537,"INVENTORY_TDAYS":13.347876397815,"CURRENT_ASSETS_TDAYS":3.262519876662,"TOTAL_ASSETS_TDAYS":2.444230489835,"PREMIUM_EXPENSE":null,"LOAN_DEPOSIT":null,"LOAN_EQUITY":null,"LOAN_ASSETS":null,"DEPOSIT_EQUITY":null,"DEPOSIT_ASSETS":null,"EQUITY_MULTIPLIER":-1.052221711378,"EQUITY_RATIO":-2.052221711378},{"SECUCODE":"09885.HK","SECURITY_CODE":"09885","SECURITY_NAME_ABBR":"药师帮","ORG_CODE":"10000353174","STD_REPORT_DATE":"2019-12-31 00:00:00","REPORT_DATE":"2019-12-31 00:00:00","DATE_TYPE_CODE":"001","REPORT_TYPE":"2019年年报","PER_NETCASH_OPERATE":-1.7559967425,"PER_OI":28.34852992125,"BPS":-2.778193894407,"BASIC_EPS":-33.37,"DILUTED_EPS":-33.37,"OPERATE_INCOME":3250885000,"OPERATE_INCOME_YOY":null,"GROSS_PROFIT":228887000,"GROSS_PROFIT_YOY":null,"HOLDER_PROFIT":-1045548000,"HOLDER_PROFIT_YOY":null,"GROSS_PROFIT_RATIO":7.040759670059,"EPS_TTM":-9.117439947,"OPERATE_INCOME_QOQ":null,"NET_PROFIT_RATIO":-32.161949746,"ROE_AVG":55.306977986665,"GROSS_PROFIT_QOQ":null,"ROA":-44.080666234664,"HOLDER_PROFIT_QOQ":null,"ROE_YEARLY":55.306977986665,"ROIC_YEARLY":-65.062589141923,"TOTAL_ASSETS":2371897000,"TOTAL_LIABILITIES":4262342000,"TAX_EBT":0.129333977774,"OCF_SALES":-6.194313240856,"TOTAL_PARENT_EQUITY":-1890445000,"DEBT_ASSET_RATIO":179.7018167315,"OPERATE_PROFIT":-1038634000,"PRETAX_PROFIT":-1046902000,"NETCASH_OPERATE":-201370000,"NETCASH_INVEST":-614570000,"NETCASH_FINANCE":121707000,"END_CASH":420368000,"DIVI_RATIO":null,"DIVIDEND_RATE":null,"CURRENT_RATIO":0.464883045716,"COMMON_ACS":20000000000,"CURRENTDEBT_DEBT":97.152621727679,"ISSUED_COMMON_SHARES":680458266,"HK_COMMON_SHARES":680458266,"PER_SHARES":200,"TOTAL_MARKET_CAP":4021508352.06,"HKSK_MARKET_CAP":4021508352.06,"PE_TTM":-68.61376890759,"PB_TTM":1.817145404674,"REPORT_DATE_SQ":"2018-12-31 00:00:00","REPORT_TYPE_SQ":"2018年年报","OPERATE_INCOME_SQ":null,"DPS_HKD":null,"OPERATE_INCOME_QOQ_SQ":null,"NET_PROFIT_RATIO_SQ":null,"HOLDER_PROFIT_SQ":null,"HOLDER_PROFIT_QOQ_SQ":null,"ROE_AVG_SQ":null,"PE_TTM_SQ":-0.938755265637,"PB_TTM_SQ":2.087366829506,"ROA_SQ":null,"START_DATE":"2019-01-01 00:00:00","FISCAL_YEAR":"12-31","CURRENCY":"HKD","IS_CNY_CODE":0,"DPS_HKD_LY":null,"ORG_TYPE":"一般企业","PREMIUM_INCOME":null,"PREMIUM_INCOME_YOY":null,"NET_INTEREST_INCOME":null,"NET_INTEREST_INCOME_YOY":null,"FEE_COMMISSION_INCOME":null,"FEE_COMMISSION_INCOME_YOY":null,"ACCOUNTS_RECE_TDAYS":5.868034057823,"INVENTORY_TDAYS":10.025870877845,"CURRENT_ASSETS_TDAYS":3.377420041869,"TOTAL_ASSETS_TDAYS":2.741168777565,"PREMIUM_EXPENSE":null,"LOAN_DEPOSIT":null,"LOAN_EQUITY":null,"LOAN_ASSETS":null,"DEPOSIT_EQUITY":null,"DEPOSIT_ASSETS":null,"EQUITY_MULTIPLIER":-1.254676544412,"EQUITY_RATIO":-2.254676544412}],"count":9},"success":true,"message":"ok","code":0}