{"version":"07a7545856e8e960a34f8ce120b26238","result":{"pages":1,"data":[{"SECUCODE":"09880.HK","SECURITY_CODE":"09880","SECURITY_NAME_ABBR":"优必选","ORG_CODE":"10629462","STD_REPORT_DATE":"2024-06-30 00:00:00","REPORT_DATE":"2024-06-30 00:00:00","DATE_TYPE_CODE":"002","REPORT_TYPE":"2024年中报","PER_NETCASH_OPERATE":-1.021560039973,"PER_OI":1.165221479444,"BPS":3.808795338404,"BASIC_EPS":-1.23,"DILUTED_EPS":-1.23,"OPERATE_INCOME":487229000,"OPERATE_INCOME_YOY":86.5784122632,"GROSS_PROFIT":185201000,"GROSS_PROFIT_YOY":213.793629278211,"HOLDER_PROFIT":-516354000,"HOLDER_PROFIT_YOY":3.0854384348,"GROSS_PROFIT_RATIO":38.011078979289,"EPS_TTM":-2.911945225682,"OPERATE_INCOME_QOQ":21.416162576798,"NET_PROFIT_RATIO":-110.7914348284,"ROE_AVG":-28.651505836239,"GROSS_PROFIT_QOQ":37.912913364061,"ROA":-11.285797185075,"HOLDER_PROFIT_QOQ":1.332119982367,"ROE_YEARLY":-57.303011672478,"ROIC_YEARLY":-27.196143323381,"TOTAL_ASSETS":4384875000,"TOTAL_LIABILITIES":2629321000,"TAX_EBT":-1.626030035525,"OCF_SALES":-87.670889869035,"TOTAL_PARENT_EQUITY":1643963000,"DEBT_ASSET_RATIO":59.9634197098,"OPERATE_PROFIT":-538727000,"PRETAX_PROFIT":-531171000,"NETCASH_OPERATE":-427158000,"NETCASH_INVEST":-287232000,"NETCASH_FINANCE":947684000,"END_CASH":754981000,"DIVI_RATIO":null,"DIVIDEND_RATE":null,"CURRENT_RATIO":1.312547253827,"COMMON_ACS":null,"CURRENTDEBT_DEBT":70.123275172564,"ISSUED_COMMON_SHARES":431622824,"HK_COMMON_SHARES":318782860,"PER_SHARES":50,"TOTAL_MARKET_CAP":42471685881.6,"HKSK_MARKET_CAP":31368233424,"PE_TTM":-31.469135660216,"PB_TTM":23.579033269252,"REPORT_DATE_SQ":"2023-06-30 00:00:00","REPORT_TYPE_SQ":"2023年中报","OPERATE_INCOME_SQ":261139000,"DPS_HKD":null,"OPERATE_INCOME_QOQ_SQ":-2.220035863338,"NET_PROFIT_RATIO_SQ":-209.8181428281,"HOLDER_PROFIT_SQ":-532793000,"HOLDER_PROFIT_QOQ_SQ":-2.348152304708,"ROE_AVG_SQ":-43.95468680843,"PE_TTM_SQ":-35.835290881734,"PB_TTM_SQ":24.229941650287,"ROA_SQ":-16.632003197832,"START_DATE":"2024-01-01 00:00:00","FISCAL_YEAR":"12-31","CURRENCY":"HKD","IS_CNY_CODE":0,"DPS_HKD_LY":null,"ORG_TYPE":"一般企业","PREMIUM_INCOME":null,"PREMIUM_INCOME_YOY":null,"NET_INTEREST_INCOME":null,"NET_INTEREST_INCOME_YOY":null,"FEE_COMMISSION_INCOME":null,"FEE_COMMISSION_INCOME_YOY":null,"ACCOUNTS_RECE_TDAYS":0.580441523878,"INVENTORY_TDAYS":0.675139402244,"CURRENT_ASSETS_TDAYS":0.182576213631,"TOTAL_ASSETS_TDAYS":0.106492206445,"PREMIUM_EXPENSE":null,"LOAN_DEPOSIT":null,"LOAN_EQUITY":null,"LOAN_ASSETS":null,"DEPOSIT_EQUITY":null,"DEPOSIT_ASSETS":null,"EQUITY_MULTIPLIER":2.497715820761,"EQUITY_RATIO":1.599379669737},{"SECUCODE":"09880.HK","SECURITY_CODE":"09880","SECURITY_NAME_ABBR":"优必选","ORG_CODE":"10629462","STD_REPORT_DATE":"2023-12-31 00:00:00","REPORT_DATE":"2023-12-31 00:00:00","DATE_TYPE_CODE":"001","REPORT_TYPE":"2023年年报","PER_NETCASH_OPERATE":-2.393922188576,"PER_OI":2.526495864884,"BPS":4.54195860597,"BASIC_EPS":-3.05,"DILUTED_EPS":-3.05,"OPERATE_INCOME":1055698000,"OPERATE_INCOME_YOY":4.7036910675,"GROSS_PROFIT":332818000,"GROSS_PROFIT_YOY":-16.202211658543,"HOLDER_PROFIT":-1234048000,"HOLDER_PROFIT_YOY":-26.5938250468,"GROSS_PROFIT_RATIO":31.525871982328,"EPS_TTM":-2.953322985426,"OPERATE_INCOME_QOQ":7.080926028109,"NET_PROFIT_RATIO":-119.7870982042,"ROE_AVG":-84.474886469895,"GROSS_PROFIT_QOQ":8.107985200921,"ROA":-32.674273333495,"HOLDER_PROFIT_QOQ":-23.68940933087,"ROE_YEARLY":-84.474886469895,"ROIC_YEARLY":-37.138116821619,"TOTAL_ASSETS":4765635000,"TOTAL_LIABILITIES":2676752000,"TAX_EBT":-3.044338098269,"OCF_SALES":-94.75266600865,"TOTAL_PARENT_EQUITY":1960413000,"DEBT_ASSET_RATIO":56.1677929594,"OPERATE_PROFIT":-1218218000,"PRETAX_PROFIT":-1227229000,"NETCASH_OPERATE":-1000302000,"NETCASH_INVEST":-505598000,"NETCASH_FINANCE":1880305000,"END_CASH":520902000,"DIVI_RATIO":null,"DIVIDEND_RATE":null,"CURRENT_RATIO":1.494405782476,"COMMON_ACS":null,"CURRENTDEBT_DEBT":72.928123337537,"ISSUED_COMMON_SHARES":431622824,"HK_COMMON_SHARES":318782860,"PER_SHARES":50,"TOTAL_MARKET_CAP":22206994294.8,"HKSK_MARKET_CAP":16401378147,"PE_TTM":-16.454136480875,"PB_TTM":12.32867135877,"REPORT_DATE_SQ":"2022-12-31 00:00:00","REPORT_TYPE_SQ":"2022年年报","OPERATE_INCOME_SQ":1008272000,"DPS_HKD":null,"OPERATE_INCOME_QOQ_SQ":19.647798742138,"NET_PROFIT_RATIO_SQ":-97.9267499246,"HOLDER_PROFIT_SQ":-974809000,"HOLDER_PROFIT_QOQ_SQ":9.614204198802,"ROE_AVG_SQ":-113.764927278297,"PE_TTM_SQ":-34.622420004482,"PB_TTM_SQ":23.409862062203,"ROA_SQ":-35.738400112772,"START_DATE":"2023-01-01 00:00:00","FISCAL_YEAR":"12-31","CURRENCY":"HKD","IS_CNY_CODE":0,"DPS_HKD_LY":null,"ORG_TYPE":"一般企业","PREMIUM_INCOME":null,"PREMIUM_INCOME_YOY":null,"NET_INTEREST_INCOME":null,"NET_INTEREST_INCOME_YOY":null,"FEE_COMMISSION_INCOME":null,"FEE_COMMISSION_INCOME_YOY":null,"ACCOUNTS_RECE_TDAYS":1.405379644255,"INVENTORY_TDAYS":1.931052905742,"CURRENT_ASSETS_TDAYS":0.490748875743,"TOTAL_ASSETS_TDAYS":0.279520448229,"PREMIUM_EXPENSE":null,"LOAN_DEPOSIT":null,"LOAN_EQUITY":null,"LOAN_ASSETS":null,"DEPOSIT_EQUITY":null,"DEPOSIT_ASSETS":null,"EQUITY_MULTIPLIER":2.281427442323,"EQUITY_RATIO":1.365402086193},{"SECUCODE":"09880.HK","SECURITY_CODE":"09880","SECURITY_NAME_ABBR":"优必选","ORG_CODE":"10629462","STD_REPORT_DATE":"2023-06-30 00:00:00","REPORT_DATE":"2023-06-30 00:00:00","DATE_TYPE_CODE":"002","REPORT_TYPE":"2023年中报","PER_NETCASH_OPERATE":-1.295101200534,"PER_OI":0.642299339104,"BPS":3.389542717973,"BASIC_EPS":-1.32,"DILUTED_EPS":-1.32,"OPERATE_INCOME":261139000,"OPERATE_INCOME_YOY":-7.8949503215,"GROSS_PROFIT":59020000,"GROSS_PROFIT_YOY":52.015453960077,"HOLDER_PROFIT":-532793000,"HOLDER_PROFIT_YOY":-4.4890891013,"GROSS_PROFIT_RATIO":20.15669815692,"EPS_TTM":-2.453947546419,"OPERATE_INCOME_QOQ":-2.220035863338,"NET_PROFIT_RATIO":-209.8181428281,"ROE_AVG":-43.95468680843,"GROSS_PROFIT_QOQ":4.697240218334,"ROA":-16.632003197832,"HOLDER_PROFIT_QOQ":-2.348152304708,"ROE_YEARLY":-87.909373616859,"ROIC_YEARLY":-39.406192356223,"TOTAL_ASSETS":3618839000,"TOTAL_LIABILITIES":2014401000,"TAX_EBT":-0.053321159553,"OCF_SALES":-201.635144501587,"TOTAL_PARENT_EQUITY":1463004000,"DEBT_ASSET_RATIO":55.6642890164,"OPERATE_PROFIT":-550182000,"PRETAX_PROFIT":-547625000,"NETCASH_OPERATE":-523179000,"NETCASH_INVEST":-222138000,"NETCASH_FINANCE":1218281000,"END_CASH":619148000,"DIVI_RATIO":null,"DIVIDEND_RATE":null,"CURRENT_RATIO":1.384399176594,"COMMON_ACS":null,"CURRENTDEBT_DEBT":71.937166433099,"ISSUED_COMMON_SHARES":431622824,"HK_COMMON_SHARES":318782860,"PER_SHARES":50,"TOTAL_MARKET_CAP":44716124566.4,"HKSK_MARKET_CAP":33025904296,"PE_TTM":-33.132138764211,"PB_TTM":24.82507974283,"REPORT_DATE_SQ":"2022-06-30 00:00:00","REPORT_TYPE_SQ":"2022年中报","OPERATE_INCOME_SQ":283523000,"DPS_HKD":null,"OPERATE_INCOME_QOQ_SQ":0,"NET_PROFIT_RATIO_SQ":-181.6988392476,"HOLDER_PROFIT_SQ":-509903000,"HOLDER_PROFIT_QOQ_SQ":0,"ROE_AVG_SQ":null,"PE_TTM_SQ":null,"PB_TTM_SQ":null,"ROA_SQ":null,"START_DATE":"2023-01-01 00:00:00","FISCAL_YEAR":"12-31","CURRENCY":"HKD","IS_CNY_CODE":0,"DPS_HKD_LY":null,"ORG_TYPE":"一般企业","PREMIUM_INCOME":null,"PREMIUM_INCOME_YOY":null,"NET_INTEREST_INCOME":null,"NET_INTEREST_INCOME_YOY":null,"FEE_COMMISSION_INCOME":null,"FEE_COMMISSION_INCOME_YOY":null,"ACCOUNTS_RECE_TDAYS":0.394361666703,"INVENTORY_TDAYS":0.556638416759,"CURRENT_ASSETS_TDAYS":0.154005430372,"TOTAL_ASSETS_TDAYS":0.081518801544,"PREMIUM_EXPENSE":null,"LOAN_DEPOSIT":null,"LOAN_EQUITY":null,"LOAN_ASSETS":null,"DEPOSIT_EQUITY":null,"DEPOSIT_ASSETS":null,"EQUITY_MULTIPLIER":2.25551813158,"EQUITY_RATIO":1.376893706374},{"SECUCODE":"09880.HK","SECURITY_CODE":"09880","SECURITY_NAME_ABBR":"优必选","ORG_CODE":"10629462","STD_REPORT_DATE":"2022-12-31 00:00:00","REPORT_DATE":"2022-12-31 00:00:00","DATE_TYPE_CODE":"001","REPORT_TYPE":"2022年年报","PER_NETCASH_OPERATE":-1.371845128265,"PER_OI":2.545029570415,"BPS":2.22712735877,"BASIC_EPS":-2.5,"DILUTED_EPS":-2.5,"OPERATE_INCOME":1008272000,"OPERATE_INCOME_YOY":23.3767727568,"GROSS_PROFIT":397168000,"GROSS_PROFIT_YOY":55.17223865319,"HOLDER_PROFIT":-974809000,"HOLDER_PROFIT_YOY":-5.93677324,"GROSS_PROFIT_RATIO":29.163261500865,"EPS_TTM":-2.460563945549,"OPERATE_INCOME_QOQ":19.647798742138,"NET_PROFIT_RATIO":-97.9267499246,"ROE_AVG":-113.764927278297,"GROSS_PROFIT_QOQ":31.659189210972,"ROA":-35.738400112772,"HOLDER_PROFIT_QOQ":9.614204198802,"ROE_YEARLY":-113.764927278297,"ROIC_YEARLY":-39.49354093315,"TOTAL_ASSETS":2788002000,"TOTAL_LIABILITIES":1734078000,"TAX_EBT":-1.700452897898,"OCF_SALES":-53.902915086405,"TOTAL_PARENT_EQUITY":961279000,"DEBT_ASSET_RATIO":62.1978750374,"OPERATE_PROFIT":-970670000,"PRETAX_PROFIT":-970859000,"NETCASH_OPERATE":-538697000,"NETCASH_INVEST":-394317000,"NETCASH_FINANCE":802797000,"END_CASH":145398000,"DIVI_RATIO":null,"DIVIDEND_RATE":null,"CURRENT_RATIO":1.015144064288,"COMMON_ACS":null,"CURRENTDEBT_DEBT":78.687060212978,"ISSUED_COMMON_SHARES":431622824,"HK_COMMON_SHARES":318782860,"PER_SHARES":50,"TOTAL_MARKET_CAP":22206994294.8,"HKSK_MARKET_CAP":16401378147,"PE_TTM":-16.454136480875,"PB_TTM":12.32867135877,"REPORT_DATE_SQ":"2021-12-31 00:00:00","REPORT_TYPE_SQ":"2021年年报","OPERATE_INCOME_SQ":817230000,"DPS_HKD":null,"OPERATE_INCOME_QOQ_SQ":10.402768884098,"NET_PROFIT_RATIO_SQ":-112.2718206625,"HOLDER_PROFIT_SQ":-920180000,"HOLDER_PROFIT_QOQ_SQ":-30.154599074952,"ROE_AVG_SQ":-103.870038847697,"PE_TTM_SQ":-34.622420004482,"PB_TTM_SQ":23.409862062203,"ROA_SQ":-36.033037398109,"START_DATE":"2022-01-01 00:00:00","FISCAL_YEAR":"12-31","CURRENCY":"HKD","IS_CNY_CODE":0,"DPS_HKD_LY":null,"ORG_TYPE":"一般企业","PREMIUM_INCOME":null,"PREMIUM_INCOME_YOY":null,"NET_INTEREST_INCOME":null,"NET_INTEREST_INCOME_YOY":null,"FEE_COMMISSION_INCOME":null,"FEE_COMMISSION_INCOME_YOY":null,"ACCOUNTS_RECE_TDAYS":1.957471427268,"INVENTORY_TDAYS":1.882661036294,"CURRENT_ASSETS_TDAYS":0.677694604842,"TOTAL_ASSETS_TDAYS":0.369652189901,"PREMIUM_EXPENSE":null,"LOAN_DEPOSIT":null,"LOAN_EQUITY":null,"LOAN_ASSETS":null,"DEPOSIT_EQUITY":null,"DEPOSIT_ASSETS":null,"EQUITY_MULTIPLIER":2.64535393444,"EQUITY_RATIO":1.803927891902},{"SECUCODE":"09880.HK","SECURITY_CODE":"09880","SECURITY_NAME_ABBR":"优必选","ORG_CODE":"10629462","STD_REPORT_DATE":"2022-09-30 00:00:00","REPORT_DATE":"2022-09-30 00:00:00","DATE_TYPE_CODE":"004","REPORT_TYPE":"2022年三季报","PER_NETCASH_OPERATE":-0.732239272521,"PER_OI":1.342693236715,"BPS":2.158391420005,"BASIC_EPS":-1.97,"DILUTED_EPS":-1.97,"OPERATE_INCOME":529193000,"OPERATE_INCOME_YOY":5.0563504148,"GROSS_PROFIT":162703000,"GROSS_PROFIT_YOY":-16.698409772781,"HOLDER_PROFIT":-765120000,"HOLDER_PROFIT_YOY":-26.090553426,"GROSS_PROFIT_RATIO":30.745493610082,"EPS_TTM":-2.736415580725,"OPERATE_INCOME_QOQ":3.116625674535,"NET_PROFIT_RATIO":-147.0093141822,"ROE_AVG":-90.866283029612,"GROSS_PROFIT_QOQ":-12.742573831914,"ROA":-29.267872836693,"HOLDER_PROFIT_QOQ":-17.205112043296,"ROE_YEARLY":-121.155044039483,"ROIC_YEARLY":-33.639093311421,"TOTAL_ASSETS":2561150000,"TOTAL_LIABILITIES":1579935000,"TAX_EBT":-2.867739909424,"OCF_SALES":-54.535112898319,"TOTAL_PARENT_EQUITY":931611000,"DEBT_ASSET_RATIO":61.688499307,"OPERATE_PROFIT":-739116000,"PRETAX_PROFIT":-756275000,"NETCASH_OPERATE":-288596000,"NETCASH_INVEST":-330204000,"NETCASH_FINANCE":691934000,"END_CASH":349143000,"DIVI_RATIO":null,"DIVIDEND_RATE":null,"CURRENT_RATIO":1.126969115534,"COMMON_ACS":null,"CURRENTDEBT_DEBT":78.839319339087,"ISSUED_COMMON_SHARES":431622824,"HK_COMMON_SHARES":318782860,"PER_SHARES":50,"TOTAL_MARKET_CAP":44716124566.4,"HKSK_MARKET_CAP":33025904296,"PE_TTM":-33.132138764211,"PB_TTM":24.82507974283,"REPORT_DATE_SQ":"2021-09-30 00:00:00","REPORT_TYPE_SQ":"2021年三季报","OPERATE_INCOME_SQ":503723000,"DPS_HKD":null,"OPERATE_INCOME_QOQ_SQ":0,"NET_PROFIT_RATIO_SQ":-120.5656680358,"HOLDER_PROFIT_SQ":-606802000,"HOLDER_PROFIT_QOQ_SQ":0,"ROE_AVG_SQ":null,"PE_TTM_SQ":null,"PB_TTM_SQ":null,"ROA_SQ":null,"START_DATE":"2022-01-01 00:00:00","FISCAL_YEAR":"12-31","CURRENCY":"HKD","IS_CNY_CODE":0,"DPS_HKD_LY":null,"ORG_TYPE":"一般企业","PREMIUM_INCOME":null,"PREMIUM_INCOME_YOY":null,"NET_INTEREST_INCOME":null,"NET_INTEREST_INCOME_YOY":null,"FEE_COMMISSION_INCOME":null,"FEE_COMMISSION_INCOME_YOY":null,"ACCOUNTS_RECE_TDAYS":1.465863921044,"INVENTORY_TDAYS":0.864651764681,"CURRENT_ASSETS_TDAYS":0.353478843591,"TOTAL_ASSETS_TDAYS":0.202430382555,"PREMIUM_EXPENSE":null,"LOAN_DEPOSIT":null,"LOAN_EQUITY":null,"LOAN_ASSETS":null,"DEPOSIT_EQUITY":null,"DEPOSIT_ASSETS":null,"EQUITY_MULTIPLIER":2.610182274021,"EQUITY_RATIO":1.695917072684},{"SECUCODE":"09880.HK","SECURITY_CODE":"09880","SECURITY_NAME_ABBR":"优必选","ORG_CODE":"10629462","STD_REPORT_DATE":"2022-06-30 00:00:00","REPORT_DATE":"2022-06-30 00:00:00","DATE_TYPE_CODE":"002","REPORT_TYPE":"2022年中报","PER_NETCASH_OPERATE":null,"PER_OI":null,"BPS":null,"BASIC_EPS":-1.33,"DILUTED_EPS":-1.33,"OPERATE_INCOME":283523000,"OPERATE_INCOME_YOY":null,"GROSS_PROFIT":38825000,"GROSS_PROFIT_YOY":null,"HOLDER_PROFIT":-509903000,"HOLDER_PROFIT_YOY":null,"GROSS_PROFIT_RATIO":13.693774402782,"EPS_TTM":-2.395753056591,"OPERATE_INCOME_QOQ":0,"NET_PROFIT_RATIO":-181.6988392476,"ROE_AVG":null,"GROSS_PROFIT_QOQ":0,"ROA":null,"HOLDER_PROFIT_QOQ":0,"ROE_YEARLY":null,"ROIC_YEARLY":null,"TOTAL_ASSETS":null,"TOTAL_LIABILITIES":null,"TAX_EBT":-0.081594908478,"OCF_SALES":-40.601291605972,"TOTAL_PARENT_EQUITY":null,"DEBT_ASSET_RATIO":null,"OPERATE_PROFIT":-503305000,"PRETAX_PROFIT":-514738000,"NETCASH_OPERATE":-115114000,"NETCASH_INVEST":-106565000,"NETCASH_FINANCE":697393000,"END_CASH":749976000,"DIVI_RATIO":null,"DIVIDEND_RATE":null,"CURRENT_RATIO":null,"COMMON_ACS":null,"CURRENTDEBT_DEBT":null,"ISSUED_COMMON_SHARES":431622824,"HK_COMMON_SHARES":318782860,"PER_SHARES":50,"TOTAL_MARKET_CAP":44716124566.4,"HKSK_MARKET_CAP":33025904296,"PE_TTM":-33.132138764211,"PB_TTM":24.82507974283,"REPORT_DATE_SQ":"2021-06-30 00:00:00","REPORT_TYPE_SQ":"2021年中报","OPERATE_INCOME_SQ":null,"DPS_HKD":null,"OPERATE_INCOME_QOQ_SQ":0,"NET_PROFIT_RATIO_SQ":null,"HOLDER_PROFIT_SQ":null,"HOLDER_PROFIT_QOQ_SQ":0,"ROE_AVG_SQ":null,"PE_TTM_SQ":null,"PB_TTM_SQ":null,"ROA_SQ":null,"START_DATE":"2022-01-01 00:00:00","FISCAL_YEAR":"12-31","CURRENCY":"HKD","IS_CNY_CODE":0,"DPS_HKD_LY":null,"ORG_TYPE":"一般企业","PREMIUM_INCOME":null,"PREMIUM_INCOME_YOY":null,"NET_INTEREST_INCOME":null,"NET_INTEREST_INCOME_YOY":null,"FEE_COMMISSION_INCOME":null,"FEE_COMMISSION_INCOME_YOY":null,"ACCOUNTS_RECE_TDAYS":null,"INVENTORY_TDAYS":null,"CURRENT_ASSETS_TDAYS":0.356535161764,"TOTAL_ASSETS_TDAYS":0.212596143211,"PREMIUM_EXPENSE":null,"LOAN_DEPOSIT":null,"LOAN_EQUITY":null,"LOAN_ASSETS":null,"DEPOSIT_EQUITY":null,"DEPOSIT_ASSETS":null,"EQUITY_MULTIPLIER":null,"EQUITY_RATIO":null},{"SECUCODE":"09880.HK","SECURITY_CODE":"09880","SECURITY_NAME_ABBR":"优必选","ORG_CODE":"10629462","STD_REPORT_DATE":"2021-12-31 00:00:00","REPORT_DATE":"2021-12-31 00:00:00","DATE_TYPE_CODE":"001","REPORT_TYPE":"2021年年报","PER_NETCASH_OPERATE":-1.77223969507,"PER_OI":2.127715523526,"BPS":1.743295206279,"BASIC_EPS":-2.41,"DILUTED_EPS":-2.41,"OPERATE_INCOME":817230000,"OPERATE_INCOME_YOY":10.4027688841,"GROSS_PROFIT":255953000,"GROSS_PROFIT_YOY":-22.611553555987,"HOLDER_PROFIT":-920180000,"HOLDER_PROFIT_YOY":-30.154599075,"GROSS_PROFIT_RATIO":31.319579555327,"EPS_TTM":-2.395753056591,"OPERATE_INCOME_QOQ":10.402768884098,"NET_PROFIT_RATIO":-112.2718206625,"ROE_AVG":-103.870038847697,"GROSS_PROFIT_QOQ":-22.611553555987,"ROA":-36.033037398109,"HOLDER_PROFIT_QOQ":-30.154599074952,"ROE_YEARLY":-103.870038847697,"ROIC_YEARLY":-43.816801599191,"TOTAL_ASSETS":2667245000,"TOTAL_LIABILITIES":1907247000,"TAX_EBT":-1.837815399335,"OCF_SALES":-83.293075388813,"TOTAL_PARENT_EQUITY":752446000,"DEBT_ASSET_RATIO":71.506254581,"OPERATE_PROFIT":-882525000,"PRETAX_PROFIT":-900961000,"NETCASH_OPERATE":-680696000,"NETCASH_INVEST":-227062000,"NETCASH_FINANCE":560470000,"END_CASH":273103000,"DIVI_RATIO":null,"DIVIDEND_RATE":null,"CURRENT_RATIO":0.950237315113,"COMMON_ACS":null,"CURRENTDEBT_DEBT":87.756016918627,"ISSUED_COMMON_SHARES":431622824,"HK_COMMON_SHARES":318782860,"PER_SHARES":50,"TOTAL_MARKET_CAP":44716124566.4,"HKSK_MARKET_CAP":33025904296,"PE_TTM":-33.132138764211,"PB_TTM":24.82507974283,"REPORT_DATE_SQ":"2020-12-31 00:00:00","REPORT_TYPE_SQ":"2020年年报","OPERATE_INCOME_SQ":740226000,"DPS_HKD":null,"OPERATE_INCOME_QOQ_SQ":null,"NET_PROFIT_RATIO_SQ":-95.5112357577,"HOLDER_PROFIT_SQ":-706990000,"HOLDER_PROFIT_QOQ_SQ":null,"ROE_AVG_SQ":-69.357283353526,"PE_TTM_SQ":null,"PB_TTM_SQ":null,"ROA_SQ":-28.972874530926,"START_DATE":"2021-01-01 00:00:00","FISCAL_YEAR":"12-31","CURRENCY":"HKD","IS_CNY_CODE":0,"DPS_HKD_LY":null,"ORG_TYPE":"一般企业","PREMIUM_INCOME":null,"PREMIUM_INCOME_YOY":null,"NET_INTEREST_INCOME":null,"NET_INTEREST_INCOME_YOY":null,"FEE_COMMISSION_INCOME":null,"FEE_COMMISSION_INCOME_YOY":null,"ACCOUNTS_RECE_TDAYS":3.23793939586,"INVENTORY_TDAYS":1.338111761824,"CURRENT_ASSETS_TDAYS":0.51917648875,"TOTAL_ASSETS_TDAYS":0.320016509301,"PREMIUM_EXPENSE":null,"LOAN_DEPOSIT":null,"LOAN_EQUITY":null,"LOAN_ASSETS":null,"DEPOSIT_EQUITY":null,"DEPOSIT_ASSETS":null,"EQUITY_MULTIPLIER":3.509542130369,"EQUITY_RATIO":2.534729402509},{"SECUCODE":"09880.HK","SECURITY_CODE":"09880","SECURITY_NAME_ABBR":"优必选","ORG_CODE":"10629462","STD_REPORT_DATE":"2021-09-30 00:00:00","REPORT_DATE":"2021-09-30 00:00:00","DATE_TYPE_CODE":"004","REPORT_TYPE":"2021年三季报","PER_NETCASH_OPERATE":null,"PER_OI":null,"BPS":null,"BASIC_EPS":-1.59,"DILUTED_EPS":-1.59,"OPERATE_INCOME":503723000,"OPERATE_INCOME_YOY":null,"GROSS_PROFIT":195318000,"GROSS_PROFIT_YOY":null,"HOLDER_PROFIT":-606802000,"HOLDER_PROFIT_YOY":null,"GROSS_PROFIT_RATIO":38.774882226938,"EPS_TTM":-1.871586688515,"OPERATE_INCOME_QOQ":0,"NET_PROFIT_RATIO":-120.5656680358,"ROE_AVG":null,"GROSS_PROFIT_QOQ":0,"ROA":null,"HOLDER_PROFIT_QOQ":0,"ROE_YEARLY":null,"ROIC_YEARLY":null,"TOTAL_ASSETS":null,"TOTAL_LIABILITIES":null,"TAX_EBT":-1.398637593081,"OCF_SALES":-102.155946819978,"TOTAL_PARENT_EQUITY":null,"DEBT_ASSET_RATIO":null,"OPERATE_PROFIT":-579494000,"PRETAX_PROFIT":-598940000,"NETCASH_OPERATE":-514583000,"NETCASH_INVEST":-103514000,"NETCASH_FINANCE":502040000,"END_CASH":505103000,"DIVI_RATIO":null,"DIVIDEND_RATE":null,"CURRENT_RATIO":null,"COMMON_ACS":null,"CURRENTDEBT_DEBT":null,"ISSUED_COMMON_SHARES":431622824,"HK_COMMON_SHARES":318782860,"PER_SHARES":50,"TOTAL_MARKET_CAP":44716124566.4,"HKSK_MARKET_CAP":33025904296,"PE_TTM":-33.132138764211,"PB_TTM":24.82507974283,"REPORT_DATE_SQ":"2020-09-30 00:00:00","REPORT_TYPE_SQ":"2020年三季报","OPERATE_INCOME_SQ":null,"DPS_HKD":null,"OPERATE_INCOME_QOQ_SQ":null,"NET_PROFIT_RATIO_SQ":null,"HOLDER_PROFIT_SQ":null,"HOLDER_PROFIT_QOQ_SQ":null,"ROE_AVG_SQ":null,"PE_TTM_SQ":null,"PB_TTM_SQ":null,"ROA_SQ":null,"START_DATE":"2021-01-01 00:00:00","FISCAL_YEAR":"12-31","CURRENCY":"HKD","IS_CNY_CODE":0,"DPS_HKD_LY":null,"ORG_TYPE":"一般企业","PREMIUM_INCOME":null,"PREMIUM_INCOME_YOY":null,"NET_INTEREST_INCOME":null,"NET_INTEREST_INCOME_YOY":null,"FEE_COMMISSION_INCOME":null,"FEE_COMMISSION_INCOME_YOY":null,"ACCOUNTS_RECE_TDAYS":null,"INVENTORY_TDAYS":null,"CURRENT_ASSETS_TDAYS":0.646734409976,"TOTAL_ASSETS_TDAYS":0.412857417427,"PREMIUM_EXPENSE":null,"LOAN_DEPOSIT":null,"LOAN_EQUITY":null,"LOAN_ASSETS":null,"DEPOSIT_EQUITY":null,"DEPOSIT_ASSETS":null,"EQUITY_MULTIPLIER":null,"EQUITY_RATIO":null},{"SECUCODE":"09880.HK","SECURITY_CODE":"09880","SECURITY_NAME_ABBR":"优必选","ORG_CODE":"10629462","STD_REPORT_DATE":"2020-12-31 00:00:00","REPORT_DATE":"2020-12-31 00:00:00","DATE_TYPE_CODE":"001","REPORT_TYPE":"2020年年报","PER_NETCASH_OPERATE":-1.595363587991,"PER_OI":1.959571037911,"BPS":2.361656852512,"BASIC_EPS":-1.9,"DILUTED_EPS":-1.9,"OPERATE_INCOME":740226000,"OPERATE_INCOME_YOY":null,"GROSS_PROFIT":330738000,"GROSS_PROFIT_YOY":null,"HOLDER_PROFIT":-706990000,"HOLDER_PROFIT_YOY":null,"GROSS_PROFIT_RATIO":44.680678603562,"EPS_TTM":-1.871586688515,"OPERATE_INCOME_QOQ":null,"NET_PROFIT_RATIO":-95.5112357577,"ROE_AVG":-69.357283353526,"GROSS_PROFIT_QOQ":null,"ROA":-28.972874530926,"HOLDER_PROFIT_QOQ":null,"ROE_YEARLY":-69.357283353526,"ROIC_YEARLY":-38.984105067785,"TOTAL_ASSETS":2440179000,"TOTAL_LIABILITIES":1415943000,"TAX_EBT":-4.663839110578,"OCF_SALES":-81.413919532683,"TOTAL_PARENT_EQUITY":1019345000,"DEBT_ASSET_RATIO":58.02619398,"OPERATE_PROFIT":-595567000,"PRETAX_PROFIT":-675495000,"NETCASH_OPERATE":-602647000,"NETCASH_INVEST":-189392000,"NETCASH_FINANCE":1028326000,"END_CASH":621754000,"DIVI_RATIO":null,"DIVIDEND_RATE":null,"CURRENT_RATIO":1.220935682598,"COMMON_ACS":null,"CURRENTDEBT_DEBT":90.106734522506,"ISSUED_COMMON_SHARES":431622824,"HK_COMMON_SHARES":318782860,"PER_SHARES":50,"TOTAL_MARKET_CAP":44716124566.4,"HKSK_MARKET_CAP":33025904296,"PE_TTM":-33.132138764211,"PB_TTM":24.82507974283,"REPORT_DATE_SQ":"2019-12-31 00:00:00","REPORT_TYPE_SQ":"2019年年报","OPERATE_INCOME_SQ":null,"DPS_HKD":null,"OPERATE_INCOME_QOQ_SQ":null,"NET_PROFIT_RATIO_SQ":null,"HOLDER_PROFIT_SQ":null,"HOLDER_PROFIT_QOQ_SQ":null,"ROE_AVG_SQ":null,"PE_TTM_SQ":null,"PB_TTM_SQ":null,"ROA_SQ":null,"START_DATE":"2020-01-01 00:00:00","FISCAL_YEAR":"12-31","CURRENCY":"HKD","IS_CNY_CODE":0,"DPS_HKD_LY":null,"ORG_TYPE":"一般企业","PREMIUM_INCOME":null,"PREMIUM_INCOME_YOY":null,"NET_INTEREST_INCOME":null,"NET_INTEREST_INCOME_YOY":null,"FEE_COMMISSION_INCOME":null,"FEE_COMMISSION_INCOME_YOY":null,"ACCOUNTS_RECE_TDAYS":5.416591662459,"INVENTORY_TDAYS":0.991897450058,"CURRENT_ASSETS_TDAYS":0.950382701126,"TOTAL_ASSETS_TDAYS":0.606698115179,"PREMIUM_EXPENSE":null,"LOAN_DEPOSIT":null,"LOAN_EQUITY":null,"LOAN_ASSETS":null,"DEPOSIT_EQUITY":null,"DEPOSIT_ASSETS":null,"EQUITY_MULTIPLIER":2.382438227126,"EQUITY_RATIO":1.389071413506}],"count":9},"success":true,"message":"ok","code":0}