{"version":"25237015f7e35ad3edca68f31281d65a","result":{"pages":2,"data":[{"SECUCODE":"09886.HK","SECURITY_CODE":"09886","SECURITY_NAME_ABBR":"叮当健康","ORG_CODE":"10000221908","STD_REPORT_DATE":"2024-06-30 00:00:00","REPORT_DATE":"2024-06-30 00:00:00","DATE_TYPE_CODE":"002","REPORT_TYPE":"2024年中报","PER_NETCASH_OPERATE":0.055915404752,"PER_OI":1.690599940611,"BPS":1.474256124868,"BASIC_EPS":-0.06,"DILUTED_EPS":-0.06,"OPERATE_INCOME":2267894000,"OPERATE_INCOME_YOY":0.9171968627,"GROSS_PROFIT":751736000,"GROSS_PROFIT_YOY":10.077857648046,"HOLDER_PROFIT":-84491000,"HOLDER_PROFIT_YOY":24.9462575728,"GROSS_PROFIT_RATIO":33.146875471252,"EPS_TTM":-0.14739470357,"OPERATE_INCOME_QOQ":0.424394138864,"NET_PROFIT_RATIO":-3.9596647815,"ROE_AVG":-4.242939962533,"GROSS_PROFIT_QOQ":4.555790109163,"ROA":-2.790710271783,"HOLDER_PROFIT_QOQ":12.436616786753,"ROE_YEARLY":-8.485879925065,"ROIC_YEARLY":-9.287659562774,"TOTAL_ASSETS":2990393000,"TOTAL_LIABILITIES":1047792000,"TAX_EBT":-7.335293555173,"OCF_SALES":3.307429712323,"TOTAL_PARENT_EQUITY":1945241000,"DEBT_ASSET_RATIO":35.0386052937,"OPERATE_PROFIT":-78136000,"PRETAX_PROFIT":-83664000,"NETCASH_OPERATE":75009000,"NETCASH_INVEST":32245000,"NETCASH_FINANCE":-62620000,"END_CASH":1233580000,"DIVI_RATIO":null,"DIVIDEND_RATE":null,"CURRENT_RATIO":2.542883763809,"COMMON_ACS":5000000000,"CURRENTDEBT_DEBT":87.374020798021,"ISSUED_COMMON_SHARES":1319472897,"HK_COMMON_SHARES":1319472897,"PER_SHARES":500,"TOTAL_MARKET_CAP":818073196.14,"HKSK_MARKET_CAP":818073196.14,"PE_TTM":-3.724420217885,"PB_TTM":0.383828556283,"REPORT_DATE_SQ":"2023-06-30 00:00:00","REPORT_TYPE_SQ":"2023年中报","OPERATE_INCOME_SQ":2247282000,"DPS_HKD":null,"OPERATE_INCOME_QOQ_SQ":5.948291494141,"NET_PROFIT_RATIO_SQ":-5.2219080649,"HOLDER_PROFIT_SQ":-112574000,"HOLDER_PROFIT_QOQ_SQ":16.428736551028,"ROE_AVG_SQ":-5.227133323149,"PE_TTM_SQ":-0.748084617812,"PB_TTM_SQ":0.851109391574,"ROA_SQ":-3.445540766473,"START_DATE":"2024-01-01 00:00:00","FISCAL_YEAR":"12-31","CURRENCY":"HKD","IS_CNY_CODE":0,"DPS_HKD_LY":null,"ORG_TYPE":"一般企业","PREMIUM_INCOME":null,"PREMIUM_INCOME_YOY":null,"NET_INTEREST_INCOME":null,"NET_INTEREST_INCOME_YOY":null,"FEE_COMMISSION_INCOME":null,"FEE_COMMISSION_INCOME_YOY":null,"ACCOUNTS_RECE_TDAYS":6.187800895199,"INVENTORY_TDAYS":2.451410222415,"CURRENT_ASSETS_TDAYS":0.965058196623,"TOTAL_ASSETS_TDAYS":0.749078017909,"PREMIUM_EXPENSE":null,"LOAN_DEPOSIT":null,"LOAN_EQUITY":null,"LOAN_ASSETS":null,"DEPOSIT_EQUITY":null,"DEPOSIT_ASSETS":null,"EQUITY_MULTIPLIER":1.539375816238,"EQUITY_RATIO":0.538643797864},{"SECUCODE":"09886.HK","SECURITY_CODE":"09886","SECURITY_NAME_ABBR":"叮当健康","ORG_CODE":"10000221908","STD_REPORT_DATE":"2023-12-31 00:00:00","REPORT_DATE":"2023-12-31 00:00:00","DATE_TYPE_CODE":"001","REPORT_TYPE":"2023年年报","PER_NETCASH_OPERATE":-0.003903917859,"PER_OI":3.620502516944,"BPS":1.544118113098,"BASIC_EPS":-0.17,"DILUTED_EPS":-0.17,"OPERATE_INCOME":4856806000,"OPERATE_INCOME_YOY":12.1903870919,"GROSS_PROFIT":1510671000,"GROSS_PROFIT_YOY":4.207923182517,"HOLDER_PROFIT":-225809000,"HOLDER_PROFIT_YOY":92.0304440433,"GROSS_PROFIT_RATIO":31.10420716825,"EPS_TTM":-0.168329155591,"OPERATE_INCOME_QOQ":5.891643470376,"NET_PROFIT_RATIO":-4.7534943747,"ROE_AVG":-10.694043210169,"GROSS_PROFIT_QOQ":2.912983144073,"ROA":-7.098408532966,"HOLDER_PROFIT_QOQ":90.46376035515,"ROE_YEARLY":-10.694043210169,"ROIC_YEARLY":-11.426467816268,"TOTAL_ASSETS":3064768000,"TOTAL_LIABILITIES":1027873000,"TAX_EBT":-4.357967155908,"OCF_SALES":-0.107828066429,"TOTAL_PARENT_EQUITY":2037422000,"DEBT_ASSET_RATIO":33.538362447,"OPERATE_PROFIT":-210903000,"PRETAX_PROFIT":-221227000,"NETCASH_OPERATE":-5237000,"NETCASH_INVEST":104324000,"NETCASH_FINANCE":-130537000,"END_CASH":1185898000,"DIVI_RATIO":null,"DIVIDEND_RATE":null,"CURRENT_RATIO":2.599337675772,"COMMON_ACS":5000000000,"CURRENTDEBT_DEBT":88.779839532705,"ISSUED_COMMON_SHARES":1319472897,"HK_COMMON_SHARES":1319472897,"PER_SHARES":500,"TOTAL_MARKET_CAP":626749626.075,"HKSK_MARKET_CAP":626749626.075,"PE_TTM":-2.853386457251,"PB_TTM":0.294062200378,"REPORT_DATE_SQ":"2022-12-31 00:00:00","REPORT_TYPE_SQ":"2022年年报","OPERATE_INCOME_SQ":4329075000,"DPS_HKD":null,"OPERATE_INCOME_QOQ_SQ":7.55845299387,"NET_PROFIT_RATIO_SQ":-65.6554806743,"HOLDER_PROFIT_SQ":-2833395000,"HOLDER_PROFIT_QOQ_SQ":-165.153422229542,"ROE_AVG_SQ":1328.39571578264,"PE_TTM_SQ":-0.973534776605,"PB_TTM_SQ":1.107608112322,"ROA_SQ":-90.76108561136,"START_DATE":"2023-01-01 00:00:00","FISCAL_YEAR":"12-31","CURRENCY":"HKD","IS_CNY_CODE":0,"DPS_HKD_LY":null,"ORG_TYPE":"一般企业","PREMIUM_INCOME":null,"PREMIUM_INCOME_YOY":null,"NET_INTEREST_INCOME":null,"NET_INTEREST_INCOME_YOY":null,"FEE_COMMISSION_INCOME":null,"FEE_COMMISSION_INCOME_YOY":null,"ACCOUNTS_RECE_TDAYS":11.924131310627,"INVENTORY_TDAYS":5.484222024999,"CURRENT_ASSETS_TDAYS":1.98253284913,"TOTAL_ASSETS_TDAYS":1.526759037654,"PREMIUM_EXPENSE":null,"LOAN_DEPOSIT":null,"LOAN_EQUITY":null,"LOAN_ASSETS":null,"DEPOSIT_EQUITY":null,"DEPOSIT_ASSETS":null,"EQUITY_MULTIPLIER":1.504627386291,"EQUITY_RATIO":0.504496859266},{"SECUCODE":"09886.HK","SECURITY_CODE":"09886","SECURITY_NAME_ABBR":"叮当健康","ORG_CODE":"10000221908","STD_REPORT_DATE":"2023-06-30 00:00:00","REPORT_DATE":"2023-06-30 00:00:00","DATE_TYPE_CODE":"002","REPORT_TYPE":"2023年中报","PER_NETCASH_OPERATE":0.156620383811,"PER_OI":1.675234740132,"BPS":1.607942084164,"BASIC_EPS":-0.08,"DILUTED_EPS":-0.08,"OPERATE_INCOME":2247282000,"OPERATE_INCOME_YOY":12.9414567268,"GROSS_PROFIT":682913000,"GROSS_PROFIT_YOY":2.744361128496,"HOLDER_PROFIT":-112574000,"HOLDER_PROFIT_YOY":80.525719426,"GROSS_PROFIT_RATIO":30.388398073762,"EPS_TTM":-1.765152322716,"OPERATE_INCOME_QOQ":5.948291494141,"NET_PROFIT_RATIO":-5.2219080649,"ROE_AVG":-5.227133323149,"GROSS_PROFIT_QOQ":1.258286368622,"ROA":-3.445540766473,"HOLDER_PROFIT_QOQ":16.428736551028,"ROE_YEARLY":-10.454266646298,"ROIC_YEARLY":-11.774879458733,"TOTAL_ASSETS":3237000000,"TOTAL_LIABILITIES":1107598000,"TAX_EBT":-3.272845677274,"OCF_SALES":9.349160452493,"TOTAL_PARENT_EQUITY":2121636000,"DEBT_ASSET_RATIO":34.2168056843,"OPERATE_PROFIT":-109470000,"PRETAX_PROFIT":-113632000,"NETCASH_OPERATE":210102000,"NETCASH_INVEST":95755000,"NETCASH_FINANCE":-48243000,"END_CASH":1478013000,"DIVI_RATIO":null,"DIVIDEND_RATE":null,"CURRENT_RATIO":2.546449425447,"COMMON_ACS":5000000000,"CURRENTDEBT_DEBT":89.232104066638,"ISSUED_COMMON_SHARES":1319472897,"HK_COMMON_SHARES":1319472897,"PER_SHARES":500,"TOTAL_MARKET_CAP":725710093.35,"HKSK_MARKET_CAP":725710093.35,"PE_TTM":-3.303921161027,"PB_TTM":0.340493074122,"REPORT_DATE_SQ":"2022-06-30 00:00:00","REPORT_TYPE_SQ":"2022年中报","OPERATE_INCOME_SQ":1989776000,"DPS_HKD":null,"OPERATE_INCOME_QOQ_SQ":3.563028366979,"NET_PROFIT_RATIO_SQ":-29.4459778387,"HOLDER_PROFIT_SQ":-578065000,"HOLDER_PROFIT_QOQ_SQ":13.297822277035,"ROE_AVG_SQ":20.409103555021,"PE_TTM_SQ":-1.081135988756,"PB_TTM_SQ":1.230027956316,"ROA_SQ":-19.482566832772,"START_DATE":"2023-01-01 00:00:00","FISCAL_YEAR":"12-31","CURRENCY":"HKD","IS_CNY_CODE":0,"DPS_HKD_LY":null,"ORG_TYPE":"一般企业","PREMIUM_INCOME":null,"PREMIUM_INCOME_YOY":null,"NET_INTEREST_INCOME":null,"NET_INTEREST_INCOME_YOY":null,"FEE_COMMISSION_INCOME":null,"FEE_COMMISSION_INCOME_YOY":null,"ACCOUNTS_RECE_TDAYS":5.736337704604,"INVENTORY_TDAYS":2.698683839404,"CURRENT_ASSETS_TDAYS":0.89101360796,"TOTAL_ASSETS_TDAYS":0.68782327578,"PREMIUM_EXPENSE":null,"LOAN_DEPOSIT":null,"LOAN_EQUITY":null,"LOAN_ASSETS":null,"DEPOSIT_EQUITY":null,"DEPOSIT_ASSETS":null,"EQUITY_MULTIPLIER":1.520145092379,"EQUITY_RATIO":0.522049022547},{"SECUCODE":"09886.HK","SECURITY_CODE":"09886","SECURITY_NAME_ABBR":"叮当健康","ORG_CODE":"10000221908","STD_REPORT_DATE":"2022-12-31 00:00:00","REPORT_DATE":"2022-12-31 00:00:00","DATE_TYPE_CODE":"001","REPORT_TYPE":"2022年年报","PER_NETCASH_OPERATE":-0.177320764759,"PER_OI":3.227105825009,"BPS":1.6564629747,"BASIC_EPS":-3.37,"DILUTED_EPS":-3.37,"OPERATE_INCOME":4329075000,"OPERATE_INCOME_YOY":17.6797990589,"GROSS_PROFIT":1449670000,"GROSS_PROFIT_YOY":24.723073256641,"HOLDER_PROFIT":-2833395000,"HOLDER_PROFIT_YOY":-79.5531252337,"GROSS_PROFIT_RATIO":33.486830327495,"EPS_TTM":-2.112152251705,"OPERATE_INCOME_QOQ":7.55845299387,"NET_PROFIT_RATIO":-65.6554806743,"ROE_AVG":1328.39571578264,"GROSS_PROFIT_QOQ":9.54886576,"ROA":-90.76108561136,"HOLDER_PROFIT_QOQ":-165.153422229542,"ROE_YEARLY":1328.39571578264,"ROIC_YEARLY":-164.553602411335,"TOTAL_ASSETS":3297475000,"TOTAL_LIABILITIES":1098279000,"TAX_EBT":-0.357608556336,"OCF_SALES":-5.494730398526,"TOTAL_PARENT_EQUITY":2185658000,"DEBT_ASSET_RATIO":33.3066664645,"OPERATE_PROFIT":-2824229000,"PRETAX_PROFIT":-2832147000,"NETCASH_OPERATE":-237871000,"NETCASH_INVEST":-353416000,"NETCASH_FINANCE":232896000,"END_CASH":1210949000,"DIVI_RATIO":null,"DIVIDEND_RATE":null,"CURRENT_RATIO":2.607550132359,"COMMON_ACS":5000000000,"CURRENTDEBT_DEBT":88.259358505444,"ISSUED_COMMON_SHARES":1319472897,"HK_COMMON_SHARES":1319472897,"PER_SHARES":500,"TOTAL_MARKET_CAP":626749626.075,"HKSK_MARKET_CAP":626749626.075,"PE_TTM":-2.853386457251,"PB_TTM":0.294062200378,"REPORT_DATE_SQ":"2021-12-31 00:00:00","REPORT_TYPE_SQ":"2021年年报","OPERATE_INCOME_SQ":3678690000,"DPS_HKD":null,"OPERATE_INCOME_QOQ_SQ":46.669399091203,"NET_PROFIT_RATIO_SQ":-43.4658533337,"HOLDER_PROFIT_SQ":-1578026000,"HOLDER_PROFIT_QOQ_SQ":4.383675690283,"ROE_AVG_SQ":79.484277432831,"PE_TTM_SQ":-0.973534776605,"PB_TTM_SQ":1.107608112322,"ROA_SQ":-66.69164392405,"START_DATE":"2022-01-01 00:00:00","FISCAL_YEAR":"12-31","CURRENCY":"HKD","IS_CNY_CODE":0,"DPS_HKD_LY":null,"ORG_TYPE":"一般企业","PREMIUM_INCOME":null,"PREMIUM_INCOME_YOY":null,"NET_INTEREST_INCOME":null,"NET_INTEREST_INCOME_YOY":null,"FEE_COMMISSION_INCOME":null,"FEE_COMMISSION_INCOME_YOY":null,"ACCOUNTS_RECE_TDAYS":11.878019870439,"INVENTORY_TDAYS":5.52683757337,"CURRENT_ASSETS_TDAYS":1.805556714102,"TOTAL_ASSETS_TDAYS":1.386716453911,"PREMIUM_EXPENSE":null,"LOAN_DEPOSIT":null,"LOAN_EQUITY":null,"LOAN_ASSETS":null,"DEPOSIT_EQUITY":null,"DEPOSIT_ASSETS":null,"EQUITY_MULTIPLIER":1.499400235359,"EQUITY_RATIO":0.502493528265},{"SECUCODE":"09886.HK","SECURITY_CODE":"09886","SECURITY_NAME_ABBR":"叮当健康","ORG_CODE":"10000221908","STD_REPORT_DATE":"2022-06-30 00:00:00","REPORT_DATE":"2022-06-30 00:00:00","DATE_TYPE_CODE":"002","REPORT_TYPE":"2022年中报","PER_NETCASH_OPERATE":0.037472260893,"PER_OI":3.313692964367,"BPS":-2.313445775916,"BASIC_EPS":-0.92,"DILUTED_EPS":-0.92,"OPERATE_INCOME":1989776000,"OPERATE_INCOME_YOY":21.0614696448,"GROSS_PROFIT":664672000,"GROSS_PROFIT_YOY":31.964723213825,"HOLDER_PROFIT":-578065000,"HOLDER_PROFIT_YOY":46.8447932146,"GROSS_PROFIT_RATIO":33.404363104189,"EPS_TTM":-1.779581834194,"OPERATE_INCOME_QOQ":3.563028366979,"NET_PROFIT_RATIO":-29.4459778387,"ROE_AVG":20.409103555021,"GROSS_PROFIT_QOQ":5.040529985522,"ROA":-19.482566832772,"HOLDER_PROFIT_QOQ":13.297822277035,"ROE_YEARLY":40.818207110043,"ROIC_YEARLY":-82.051511341672,"TOTAL_ASSETS":2988018000,"TOTAL_LIABILITIES":6025973000,"TAX_EBT":-0.755612494949,"OCF_SALES":1.130830807086,"TOTAL_PARENT_EQUITY":-3052529000,"DEBT_ASSET_RATIO":201.6712416056,"OPERATE_PROFIT":-577678000,"PRETAX_PROFIT":-581515000,"NETCASH_OPERATE":22501000,"NETCASH_INVEST":-4560000,"NETCASH_FINANCE":-48982000,"END_CASH":1526132000,"DIVI_RATIO":null,"DIVIDEND_RATE":null,"CURRENT_RATIO":2.635320595104,"COMMON_ACS":5000000000,"CURRENTDEBT_DEBT":14.67339797241,"ISSUED_COMMON_SHARES":1319472897,"HK_COMMON_SHARES":1319472897,"PER_SHARES":500,"TOTAL_MARKET_CAP":626749626.075,"HKSK_MARKET_CAP":626749626.075,"PE_TTM":-2.853386457251,"PB_TTM":0.294062200378,"REPORT_DATE_SQ":"2021-06-30 00:00:00","REPORT_TYPE_SQ":"2021年中报","OPERATE_INCOME_SQ":1643608000,"DPS_HKD":null,"OPERATE_INCOME_QOQ_SQ":0,"NET_PROFIT_RATIO_SQ":-66.828343498,"HOLDER_PROFIT_SQ":-1087504000,"HOLDER_PROFIT_QOQ_SQ":0,"ROE_AVG_SQ":null,"PE_TTM_SQ":-0.973534776605,"PB_TTM_SQ":1.107608112322,"ROA_SQ":null,"START_DATE":"2022-01-01 00:00:00","FISCAL_YEAR":"12-31","CURRENCY":"HKD","IS_CNY_CODE":0,"DPS_HKD_LY":null,"ORG_TYPE":"一般企业","PREMIUM_INCOME":null,"PREMIUM_INCOME_YOY":null,"NET_INTEREST_INCOME":null,"NET_INTEREST_INCOME_YOY":null,"FEE_COMMISSION_INCOME":null,"FEE_COMMISSION_INCOME_YOY":null,"ACCOUNTS_RECE_TDAYS":6.693767703476,"INVENTORY_TDAYS":2.87327156465,"CURRENT_ASSETS_TDAYS":0.865518326586,"TOTAL_ASSETS_TDAYS":0.670615655718,"PREMIUM_EXPENSE":null,"LOAN_DEPOSIT":null,"LOAN_EQUITY":null,"LOAN_ASSETS":null,"DEPOSIT_EQUITY":null,"DEPOSIT_ASSETS":null,"EQUITY_MULTIPLIER":-0.983562297664,"EQUITY_RATIO":-1.974091974229},{"SECUCODE":"09886.HK","SECURITY_CODE":"09886","SECURITY_NAME_ABBR":"叮当健康","ORG_CODE":"10000221908","STD_REPORT_DATE":"2022-03-31 00:00:00","REPORT_DATE":"2022-03-31 00:00:00","DATE_TYPE_CODE":"003","REPORT_TYPE":"2022年一季报","PER_NETCASH_OPERATE":0.020284310521,"PER_OI":1.555398788437,"BPS":-2.229443292612,"BASIC_EPS":-0.63,"DILUTED_EPS":-0.63,"OPERATE_INCOME":987407000,"OPERATE_INCOME_YOY":26.6373994501,"GROSS_PROFIT":334421000,"GROSS_PROFIT_YOY":41.151170839594,"HOLDER_PROFIT":-398862000,"HOLDER_PROFIT_YOY":46.4188993133,"GROSS_PROFIT_RATIO":33.868607372644,"EPS_TTM":-1.941446534988,"OPERATE_INCOME_QOQ":5.645895685692,"NET_PROFIT_RATIO":-40.957376239,"ROE_AVG":14.363216579518,"GROSS_PROFIT_QOQ":8.388202469047,"ROA":-13.340495321017,"HOLDER_PROFIT_QOQ":21.897357838211,"ROE_YEARLY":57.452866318073,"ROIC_YEARLY":-110.441816275037,"TOTAL_ASSETS":3033559000,"TOTAL_LIABILITIES":5958385000,"TAX_EBT":-0.579227878544,"OCF_SALES":1.304122818655,"TOTAL_PARENT_EQUITY":-2941690000,"DEBT_ASSET_RATIO":196.4156622634,"OPERATE_PROFIT":-400135000,"PRETAX_PROFIT":-402087000,"NETCASH_OPERATE":12877000,"NETCASH_INVEST":-40264000,"NETCASH_FINANCE":-20879000,"END_CASH":1498232000,"DIVI_RATIO":null,"DIVIDEND_RATE":null,"CURRENT_RATIO":2.655904513727,"COMMON_ACS":5000000000,"CURRENTDEBT_DEBT":14.948396251669,"ISSUED_COMMON_SHARES":1319472897,"HK_COMMON_SHARES":1319472897,"PER_SHARES":500,"TOTAL_MARKET_CAP":626749626.075,"HKSK_MARKET_CAP":626749626.075,"PE_TTM":-2.853386457251,"PB_TTM":0.294062200378,"REPORT_DATE_SQ":"2021-03-31 00:00:00","REPORT_TYPE_SQ":"2021年一季报","OPERATE_INCOME_SQ":779712000,"DPS_HKD":null,"OPERATE_INCOME_QOQ_SQ":12.545662832956,"NET_PROFIT_RATIO_SQ":-98.4190316425,"HOLDER_PROFIT_SQ":-744408000,"HOLDER_PROFIT_QOQ_SQ":-78.56348390587,"ROE_AVG_SQ":43.848111841997,"PE_TTM_SQ":-0.973534776605,"PB_TTM_SQ":1.107608112322,"ROA_SQ":-42.721112615172,"START_DATE":"2022-01-01 00:00:00","FISCAL_YEAR":"12-31","CURRENCY":"HKD","IS_CNY_CODE":0,"DPS_HKD_LY":null,"ORG_TYPE":"一般企业","PREMIUM_INCOME":null,"PREMIUM_INCOME_YOY":null,"NET_INTEREST_INCOME":null,"NET_INTEREST_INCOME_YOY":null,"FEE_COMMISSION_INCOME":null,"FEE_COMMISSION_INCOME_YOY":null,"ACCOUNTS_RECE_TDAYS":3.358715710235,"INVENTORY_TDAYS":1.370389918919,"CURRENT_ASSETS_TDAYS":0.426225410952,"TOTAL_ASSETS_TDAYS":0.330252028607,"PREMIUM_EXPENSE":null,"LOAN_DEPOSIT":null,"LOAN_EQUITY":null,"LOAN_ASSETS":null,"DEPOSIT_EQUITY":null,"DEPOSIT_ASSETS":null,"EQUITY_MULTIPLIER":-1.037175886702,"EQUITY_RATIO":-2.02549724818},{"SECUCODE":"09886.HK","SECURITY_CODE":"09886","SECURITY_NAME_ABBR":"叮当健康","ORG_CODE":"10000221908","STD_REPORT_DATE":"2021-12-31 00:00:00","REPORT_DATE":"2021-12-31 00:00:00","DATE_TYPE_CODE":"001","REPORT_TYPE":"2021年年报","PER_NETCASH_OPERATE":-0.467482777419,"PER_OI":5.819906658313,"BPS":-1.979765560884,"BASIC_EPS":-3.31,"DILUTED_EPS":-3.31,"OPERATE_INCOME":3678690000,"OPERATE_INCOME_YOY":65.0700473803,"GROSS_PROFIT":1162311000,"GROSS_PROFIT_YOY":51.699506521203,"HOLDER_PROFIT":-1578026000,"HOLDER_PROFIT_YOY":-70.7358398702,"GROSS_PROFIT_RATIO":31.595785456236,"EPS_TTM":-2.496531108735,"OPERATE_INCOME_QOQ":46.669399091203,"NET_PROFIT_RATIO":-43.4658533337,"ROE_AVG":79.484277432831,"GROSS_PROFIT_QOQ":40.834115872314,"ROA":-66.69164392405,"HOLDER_PROFIT_QOQ":4.383675690283,"ROE_YEARLY":79.484277432831,"ROIC_YEARLY":-111.01343465546,"TOTAL_ASSETS":2946159000,"TOTAL_LIABILITIES":5535988000,"TAX_EBT":-1.081954839211,"OCF_SALES":-8.032478953106,"TOTAL_PARENT_EQUITY":-2612247000,"DEBT_ASSET_RATIO":187.9052691997,"OPERATE_PROFIT":-1564083000,"PRETAX_PROFIT":-1581859000,"NETCASH_OPERATE":-295490000,"NETCASH_INVEST":306635000,"NETCASH_FINANCE":1271553000,"END_CASH":1552994000,"DIVI_RATIO":null,"DIVIDEND_RATE":null,"CURRENT_RATIO":3.068891598516,"COMMON_ACS":5000000000,"CURRENTDEBT_DEBT":13.347734857807,"ISSUED_COMMON_SHARES":1319472897,"HK_COMMON_SHARES":1319472897,"PER_SHARES":500,"TOTAL_MARKET_CAP":626749626.075,"HKSK_MARKET_CAP":626749626.075,"PE_TTM":-2.853386457251,"PB_TTM":0.294062200378,"REPORT_DATE_SQ":"2020-12-31 00:00:00","REPORT_TYPE_SQ":"2020年年报","OPERATE_INCOME_SQ":2228563000,"DPS_HKD":null,"OPERATE_INCOME_QOQ_SQ":74.708546404837,"NET_PROFIT_RATIO_SQ":-41.2678483848,"HOLDER_PROFIT_SQ":-924250000,"HOLDER_PROFIT_QOQ_SQ":-234.104505937427,"ROE_AVG_SQ":102.382915982868,"PE_TTM_SQ":-0.973534776605,"PB_TTM_SQ":1.107608112322,"ROA_SQ":-72.766337194129,"START_DATE":"2021-01-01 00:00:00","FISCAL_YEAR":"12-31","CURRENCY":"HKD","IS_CNY_CODE":0,"DPS_HKD_LY":null,"ORG_TYPE":"一般企业","PREMIUM_INCOME":null,"PREMIUM_INCOME_YOY":null,"NET_INTEREST_INCOME":null,"NET_INTEREST_INCOME_YOY":null,"FEE_COMMISSION_INCOME":null,"FEE_COMMISSION_INCOME_YOY":null,"ACCOUNTS_RECE_TDAYS":15.748659495906,"INVENTORY_TDAYS":6.643975117889,"CURRENT_ASSETS_TDAYS":2.188973285611,"TOTAL_ASSETS_TDAYS":1.554713823391,"PREMIUM_EXPENSE":null,"LOAN_DEPOSIT":null,"LOAN_EQUITY":null,"LOAN_ASSETS":null,"DEPOSIT_EQUITY":null,"DEPOSIT_ASSETS":null,"EQUITY_MULTIPLIER":-1.137588234589,"EQUITY_RATIO":-2.119243700921},{"SECUCODE":"09886.HK","SECURITY_CODE":"09886","SECURITY_NAME_ABBR":"叮当健康","ORG_CODE":"10000221908","STD_REPORT_DATE":"2021-06-30 00:00:00","REPORT_DATE":"2021-06-30 00:00:00","DATE_TYPE_CODE":"002","REPORT_TYPE":"2021年中报","PER_NETCASH_OPERATE":null,"PER_OI":null,"BPS":null,"BASIC_EPS":-3.39,"DILUTED_EPS":-3.39,"OPERATE_INCOME":1643608000,"OPERATE_INCOME_YOY":null,"GROSS_PROFIT":503674000,"GROSS_PROFIT_YOY":null,"HOLDER_PROFIT":-1087504000,"HOLDER_PROFIT_YOY":null,"GROSS_PROFIT_RATIO":30.644411562854,"EPS_TTM":-0.021622729274,"OPERATE_INCOME_QOQ":0,"NET_PROFIT_RATIO":-66.828343498,"ROE_AVG":null,"GROSS_PROFIT_QOQ":0,"ROA":null,"HOLDER_PROFIT_QOQ":0,"ROE_YEARLY":null,"ROIC_YEARLY":null,"TOTAL_ASSETS":null,"TOTAL_LIABILITIES":null,"TAX_EBT":-0.505733075053,"OCF_SALES":-2.755827423571,"TOTAL_PARENT_EQUITY":null,"DEBT_ASSET_RATIO":null,"OPERATE_PROFIT":-1078825000,"PRETAX_PROFIT":-1092869000,"NETCASH_OPERATE":-45295000,"NETCASH_INVEST":258695000,"NETCASH_FINANCE":1316088000,"END_CASH":1810330000,"DIVI_RATIO":null,"DIVIDEND_RATE":null,"CURRENT_RATIO":null,"COMMON_ACS":5000000000,"CURRENTDEBT_DEBT":null,"ISSUED_COMMON_SHARES":1319472897,"HK_COMMON_SHARES":1319472897,"PER_SHARES":500,"TOTAL_MARKET_CAP":725710093.35,"HKSK_MARKET_CAP":725710093.35,"PE_TTM":-3.303921161027,"PB_TTM":0.340493074122,"REPORT_DATE_SQ":"2020-06-30 00:00:00","REPORT_TYPE_SQ":"2020年中报","OPERATE_INCOME_SQ":null,"DPS_HKD":null,"OPERATE_INCOME_QOQ_SQ":0,"NET_PROFIT_RATIO_SQ":null,"HOLDER_PROFIT_SQ":null,"HOLDER_PROFIT_QOQ_SQ":0,"ROE_AVG_SQ":null,"PE_TTM_SQ":-1.081135988756,"PB_TTM_SQ":1.230027956316,"ROA_SQ":null,"START_DATE":"2021-01-01 00:00:00","FISCAL_YEAR":"12-31","CURRENCY":"HKD","IS_CNY_CODE":0,"DPS_HKD_LY":null,"ORG_TYPE":"一般企业","PREMIUM_INCOME":null,"PREMIUM_INCOME_YOY":null,"NET_INTEREST_INCOME":null,"NET_INTEREST_INCOME_YOY":null,"FEE_COMMISSION_INCOME":null,"FEE_COMMISSION_INCOME_YOY":null,"ACCOUNTS_RECE_TDAYS":null,"INVENTORY_TDAYS":null,"CURRENT_ASSETS_TDAYS":3.006369939374,"TOTAL_ASSETS_TDAYS":1.840396025857,"PREMIUM_EXPENSE":null,"LOAN_DEPOSIT":null,"LOAN_EQUITY":null,"LOAN_ASSETS":null,"DEPOSIT_EQUITY":null,"DEPOSIT_ASSETS":null,"EQUITY_MULTIPLIER":null,"EQUITY_RATIO":null},{"SECUCODE":"09886.HK","SECURITY_CODE":"09886","SECURITY_NAME_ABBR":"叮当健康","ORG_CODE":"10000221908","STD_REPORT_DATE":"2021-03-31 00:00:00","REPORT_DATE":"2021-03-31 00:00:00","DATE_TYPE_CODE":"003","REPORT_TYPE":"2021年一季报","PER_NETCASH_OPERATE":-0.000215038573,"PER_OI":0.010215570352,"BPS":-1.60463621861,"BASIC_EPS":-2.92,"DILUTED_EPS":-2.92,"OPERATE_INCOME":779712000,"OPERATE_INCOME_YOY":55.9037358735,"GROSS_PROFIT":236924000,"GROSS_PROFIT_YOY":33.244100510652,"HOLDER_PROFIT":-744408000,"HOLDER_PROFIT_YOY":-2023.2466772549,"GROSS_PROFIT_RATIO":30.386091274727,"EPS_TTM":-0.021622729274,"OPERATE_INCOME_QOQ":12.545662832956,"NET_PROFIT_RATIO":-98.4190316425,"ROE_AVG":43.848111841997,"GROSS_PROFIT_QOQ":7.715027414764,"ROA":-42.721112615172,"HOLDER_PROFIT_QOQ":-78.56348390587,"ROE_YEARLY":175.392447367989,"ROIC_YEARLY":-218.609876807959,"TOTAL_ASSETS":1781233000,"TOTAL_LIABILITIES":3860609000,"TAX_EBT":-0.498792939872,"OCF_SALES":-2.105008002955,"TOTAL_PARENT_EQUITY":-2117274000,"DEBT_ASSET_RATIO":216.7380123768,"OPERATE_PROFIT":-743159000,"PRETAX_PROFIT":-745199000,"NETCASH_OPERATE":-16551000,"NETCASH_INVEST":233999000,"NETCASH_FINANCE":-51061000,"END_CASH":426961000,"DIVI_RATIO":null,"DIVIDEND_RATE":null,"CURRENT_RATIO":1.557028855867,"COMMON_ACS":5000000000,"CURRENTDEBT_DEBT":18.358865142779,"ISSUED_COMMON_SHARES":1319472897,"HK_COMMON_SHARES":1319472897,"PER_SHARES":500,"TOTAL_MARKET_CAP":626749626.075,"HKSK_MARKET_CAP":626749626.075,"PE_TTM":-2.853386457251,"PB_TTM":0.294062200378,"REPORT_DATE_SQ":"2020-03-31 00:00:00","REPORT_TYPE_SQ":"2020年一季报","OPERATE_INCOME_SQ":500124000,"DPS_HKD":null,"OPERATE_INCOME_QOQ_SQ":0,"NET_PROFIT_RATIO_SQ":-6.5919651926,"HOLDER_PROFIT_SQ":-35889000,"HOLDER_PROFIT_QOQ_SQ":0,"ROE_AVG_SQ":null,"PE_TTM_SQ":-0.973534776605,"PB_TTM_SQ":1.107608112322,"ROA_SQ":null,"START_DATE":"2021-01-01 00:00:00","FISCAL_YEAR":"12-31","CURRENCY":"HKD","IS_CNY_CODE":0,"DPS_HKD_LY":null,"ORG_TYPE":"一般企业","PREMIUM_INCOME":null,"PREMIUM_INCOME_YOY":null,"NET_INTEREST_INCOME":null,"NET_INTEREST_INCOME_YOY":null,"FEE_COMMISSION_INCOME":null,"FEE_COMMISSION_INCOME_YOY":null,"ACCOUNTS_RECE_TDAYS":3.961729781364,"INVENTORY_TDAYS":1.527132666253,"CURRENT_ASSETS_TDAYS":0.70980248823,"TOTAL_ASSETS_TDAYS":0.437134377928,"PREMIUM_EXPENSE":null,"LOAN_DEPOSIT":null,"LOAN_EQUITY":null,"LOAN_ASSETS":null,"DEPOSIT_EQUITY":null,"DEPOSIT_ASSETS":null,"EQUITY_MULTIPLIER":-0.856619004932,"EQUITY_RATIO":-1.823386581047}],"count":13},"success":true,"message":"ok","code":0}