{"version":"1f9fd136e7403c4bd24302862670c92d","result":{"pages":2,"data":[{"SECUCODE":"09899.HK","SECURITY_CODE":"09899","SECURITY_NAME_ABBR":"网易云音乐","ORG_CODE":"10000212035","STD_REPORT_DATE":"2024-06-30 00:00:00","REPORT_DATE":"2024-06-30 00:00:00","DATE_TYPE_CODE":"002","REPORT_TYPE":"2024年中报","PER_NETCASH_OPERATE":2.697748447818,"PER_OI":18.875053151532,"BPS":43.020759492908,"BASIC_EPS":3.88,"DILUTED_EPS":3.84,"OPERATE_INCOME":4070493000,"OPERATE_INCOME_YOY":4.1478310707,"GROSS_PROFIT":1425731000,"GROSS_PROFIT_YOY":47.72164240266,"HOLDER_PROFIT":809832000,"HOLDER_PROFIT_YOY":175.6874893617,"GROSS_PROFIT_RATIO":35.026002992758,"EPS_TTM":5.797528568025,"OPERATE_INCOME_QOQ":2.060673253513,"NET_PROFIT_RATIO":19.8980565745,"ROE_AVG":9.124750911636,"GROSS_PROFIT_QOQ":21.904721140265,"ROA":6.731979304096,"HOLDER_PROFIT_QOQ":70.293469466699,"ROE_YEARLY":18.249501823273,"ROIC_YEARLY":56.188124951541,"TOTAL_ASSETS":12448703000,"TOTAL_LIABILITIES":3139261000,"TAX_EBT":0.446054342669,"OCF_SALES":14.292666760513,"TOTAL_PARENT_EQUITY":9309325000,"DEBT_ASSET_RATIO":25.2175748751,"OPERATE_PROFIT":599933000,"PRETAX_PROFIT":813578000,"NETCASH_OPERATE":581782000,"NETCASH_INVEST":-1985048000,"NETCASH_FINANCE":-53596000,"END_CASH":2560079000,"DIVI_RATIO":null,"DIVIDEND_RATE":null,"CURRENT_RATIO":3.532635950401,"COMMON_ACS":1000000000,"CURRENTDEBT_DEBT":97.338513745751,"ISSUED_COMMON_SHARES":216391461,"HK_COMMON_SHARES":216391461,"PER_SHARES":50,"TOTAL_MARKET_CAP":32025936228,"HKSK_MARKET_CAP":32025936228,"PE_TTM":23.226336746894,"PB_TTM":3.139801379431,"REPORT_DATE_SQ":"2023-06-30 00:00:00","REPORT_TYPE_SQ":"2023年中报","OPERATE_INCOME_SQ":3908380000,"DPS_HKD":null,"OPERATE_INCOME_QOQ_SQ":-3.895989655948,"NET_PROFIT_RATIO_SQ":7.5159017291,"HOLDER_PROFIT_SQ":293750000,"HOLDER_PROFIT_QOQ_SQ":254.88726556927,"ROE_AVG_SQ":3.662427310948,"PE_TTM_SQ":48.924247898504,"PB_TTM_SQ":2.125077004833,"ROA_SQ":2.688908770795,"START_DATE":"2024-01-01 00:00:00","FISCAL_YEAR":"12-31","CURRENCY":"HKD","IS_CNY_CODE":0,"DPS_HKD_LY":null,"ORG_TYPE":"一般企业","PREMIUM_INCOME":null,"PREMIUM_INCOME_YOY":null,"NET_INTEREST_INCOME":null,"NET_INTEREST_INCOME_YOY":null,"FEE_COMMISSION_INCOME":null,"FEE_COMMISSION_INCOME_YOY":null,"ACCOUNTS_RECE_TDAYS":3.870066144445,"INVENTORY_TDAYS":null,"CURRENT_ASSETS_TDAYS":0.368072784585,"TOTAL_ASSETS_TDAYS":0.338372336898,"PREMIUM_EXPENSE":null,"LOAN_DEPOSIT":null,"LOAN_EQUITY":null,"LOAN_ASSETS":null,"DEPOSIT_EQUITY":null,"DEPOSIT_ASSETS":null,"EQUITY_MULTIPLIER":1.337212584815,"EQUITY_RATIO":0.337216822917},{"SECUCODE":"09899.HK","SECURITY_CODE":"09899","SECURITY_NAME_ABBR":"网易云音乐","ORG_CODE":"10000212035","STD_REPORT_DATE":"2023-12-31 00:00:00","REPORT_DATE":"2023-12-31 00:00:00","DATE_TYPE_CODE":"001","REPORT_TYPE":"2023年年报","PER_NETCASH_OPERATE":0.882232051898,"PER_OI":36.711993432658,"BPS":39.007555848056,"BASIC_EPS":3.49,"DILUTED_EPS":3.47,"OPERATE_INCOME":7866992000,"OPERATE_INCOME_YOY":-12.5133601587,"GROSS_PROFIT":2102670000,"GROSS_PROFIT_YOY":62.60465015567,"HOLDER_PROFIT":734182000,"HOLDER_PROFIT_YOY":431.4681210326,"GROSS_PROFIT_RATIO":26.727750581162,"EPS_TTM":3.426123321643,"OPERATE_INCOME_QOQ":-8.966712702148,"NET_PROFIT_RATIO":9.3324360823,"ROE_AVG":9.02999521369,"GROSS_PROFIT_QOQ":22.166432714833,"ROA":6.525498709156,"HOLDER_PROFIT_QOQ":114.006051313741,"ROE_YEARLY":9.02999521369,"ROIC_YEARLY":37.758872163901,"TOTAL_ASSETS":11610551000,"TOTAL_LIABILITIES":3169649000,"TAX_EBT":4.363412311656,"OCF_SALES":2.403116718563,"TOTAL_PARENT_EQUITY":8440902000,"DEBT_ASSET_RATIO":27.2997293582,"OPERATE_PROFIT":330180000,"PRETAX_PROFIT":767679000,"NETCASH_OPERATE":189053000,"NETCASH_INVEST":1227066000,"NETCASH_FINANCE":-307676000,"END_CASH":4020400000,"DIVI_RATIO":null,"DIVIDEND_RATE":null,"CURRENT_RATIO":3.652924169417,"COMMON_ACS":1000000000,"CURRENTDEBT_DEBT":97.794803146973,"ISSUED_COMMON_SHARES":216391461,"HK_COMMON_SHARES":216391461,"PER_SHARES":50,"TOTAL_MARKET_CAP":26551232264.7,"HKSK_MARKET_CAP":26551232264.7,"PE_TTM":19.255888640837,"PB_TTM":2.603065062542,"REPORT_DATE_SQ":"2022-12-31 00:00:00","REPORT_TYPE_SQ":"2022年年报","OPERATE_INCOME_SQ":8992221000,"DPS_HKD":null,"OPERATE_INCOME_QOQ_SQ":11.390998064579,"NET_PROFIT_RATIO_SQ":-2.4631734474,"HOLDER_PROFIT_SQ":-221494000,"HOLDER_PROFIT_QOQ_SQ":-114.943143677327,"ROE_AVG_SQ":-2.914063262146,"PE_TTM_SQ":47.402283173154,"PB_TTM_SQ":2.05896884009,"ROA_SQ":-2.184463458065,"START_DATE":"2023-01-01 00:00:00","FISCAL_YEAR":"12-31","CURRENCY":"HKD","IS_CNY_CODE":0,"DPS_HKD_LY":null,"ORG_TYPE":"一般企业","PREMIUM_INCOME":null,"PREMIUM_INCOME_YOY":null,"NET_INTEREST_INCOME":null,"NET_INTEREST_INCOME_YOY":null,"FEE_COMMISSION_INCOME":null,"FEE_COMMISSION_INCOME_YOY":null,"ACCOUNTS_RECE_TDAYS":10.619553794702,"INVENTORY_TDAYS":null,"CURRENT_ASSETS_TDAYS":0.721794334647,"TOTAL_ASSETS_TDAYS":0.699227795573,"PREMIUM_EXPENSE":null,"LOAN_DEPOSIT":null,"LOAN_EQUITY":null,"LOAN_ASSETS":null,"DEPOSIT_EQUITY":null,"DEPOSIT_ASSETS":null,"EQUITY_MULTIPLIER":1.37551069779,"EQUITY_RATIO":0.37551069779},{"SECUCODE":"09899.HK","SECURITY_CODE":"09899","SECURITY_NAME_ABBR":"网易云音乐","ORG_CODE":"10000212035","STD_REPORT_DATE":"2023-06-30 00:00:00","REPORT_DATE":"2023-06-30 00:00:00","DATE_TYPE_CODE":"002","REPORT_TYPE":"2023年中报","PER_NETCASH_OPERATE":-1.745387823488,"PER_OI":18.291910754676,"BPS":37.992326323819,"BASIC_EPS":1.39,"DILUTED_EPS":1.38,"OPERATE_INCOME":3908380000,"OPERATE_INCOME_YOY":-8.2263292504,"GROSS_PROFIT":965147000,"GROSS_PROFIT_YOY":79.691610517712,"HOLDER_PROFIT":293750000,"HOLDER_PROFIT_YOY":208.4708836454,"GROSS_PROFIT_RATIO":24.694297893245,"EPS_TTM":1.605609652839,"OPERATE_INCOME_QOQ":-3.895989655948,"NET_PROFIT_RATIO":7.5159017291,"ROE_AVG":3.662427310948,"GROSS_PROFIT_QOQ":33.100923504274,"ROA":2.688908770795,"HOLDER_PROFIT_QOQ":254.88726556927,"ROE_YEARLY":7.324854621896,"ROIC_YEARLY":30.361011809788,"TOTAL_ASSETS":10957620000,"TOTAL_LIABILITIES":2736405000,"TAX_EBT":5.837588672943,"OCF_SALES":-9.541856216642,"TOTAL_PARENT_EQUITY":8221215000,"DEBT_ASSET_RATIO":24.972621792,"OPERATE_PROFIT":104611000,"PRETAX_PROFIT":311961000,"NETCASH_OPERATE":-372932000,"NETCASH_INVEST":232614000,"NETCASH_FINANCE":-167225000,"END_CASH":2613311000,"DIVI_RATIO":null,"DIVIDEND_RATE":null,"CURRENT_RATIO":3.968762480573,"COMMON_ACS":1000000000,"CURRENTDEBT_DEBT":97.725153988536,"ISSUED_COMMON_SHARES":216391461,"HK_COMMON_SHARES":216391461,"PER_SHARES":50,"TOTAL_MARKET_CAP":26551232264.7,"HKSK_MARKET_CAP":26551232264.7,"PE_TTM":19.255888640837,"PB_TTM":2.603065062542,"REPORT_DATE_SQ":"2022-06-30 00:00:00","REPORT_TYPE_SQ":"2022年中报","OPERATE_INCOME_SQ":4258716000,"DPS_HKD":null,"OPERATE_INCOME_QOQ_SQ":15.362961874763,"NET_PROFIT_RATIO_SQ":-6.3589588975,"HOLDER_PROFIT_SQ":-270810000,"HOLDER_PROFIT_QOQ_SQ":172.090402569535,"ROE_AVG_SQ":-3.640603680678,"PE_TTM_SQ":47.402283173154,"PB_TTM_SQ":2.05896884009,"ROA_SQ":-2.809672906701,"START_DATE":"2023-01-01 00:00:00","FISCAL_YEAR":"12-31","CURRENCY":"HKD","IS_CNY_CODE":0,"DPS_HKD_LY":null,"ORG_TYPE":"一般企业","PREMIUM_INCOME":null,"PREMIUM_INCOME_YOY":null,"NET_INTEREST_INCOME":null,"NET_INTEREST_INCOME_YOY":null,"FEE_COMMISSION_INCOME":null,"FEE_COMMISSION_INCOME_YOY":null,"ACCOUNTS_RECE_TDAYS":6.31367072433,"INVENTORY_TDAYS":347.858763739511,"CURRENT_ASSETS_TDAYS":0.370667005811,"TOTAL_ASSETS_TDAYS":0.357762630182,"PREMIUM_EXPENSE":null,"LOAN_DEPOSIT":null,"LOAN_EQUITY":null,"LOAN_ASSETS":null,"DEPOSIT_EQUITY":null,"DEPOSIT_ASSETS":null,"EQUITY_MULTIPLIER":1.332846787246,"EQUITY_RATIO":0.332846787245},{"SECUCODE":"09899.HK","SECURITY_CODE":"09899","SECURITY_NAME_ABBR":"网易云音乐","ORG_CODE":"10000212035","STD_REPORT_DATE":"2022-12-31 00:00:00","REPORT_DATE":"2022-12-31 00:00:00","DATE_TYPE_CODE":"001","REPORT_TYPE":"2022年年报","PER_NETCASH_OPERATE":8.696814871093,"PER_OI":42.434935068359,"BPS":36.138482377546,"BASIC_EPS":-1.06,"DILUTED_EPS":-1.06,"OPERATE_INCOME":8992221000,"OPERATE_INCOME_YOY":28.5039546292,"GROSS_PROFIT":1293118000,"GROSS_PROFIT_YOY":806.344533692193,"HOLDER_PROFIT":-221494000,"HOLDER_PROFIT_YOY":89.2274275665,"GROSS_PROFIT_RATIO":14.380407243105,"EPS_TTM":-1.045246053009,"OPERATE_INCOME_QOQ":11.390998064579,"NET_PROFIT_RATIO":-2.4631734474,"ROE_AVG":-2.914063262146,"GROSS_PROFIT_QOQ":86.69328932798,"ROA":-2.184463458065,"HOLDER_PROFIT_QOQ":-114.943143677327,"ROE_YEARLY":-2.914063262146,"ROIC_YEARLY":-9.248606564684,"TOTAL_ASSETS":10891392000,"TOTAL_LIABILITIES":3071333000,"TAX_EBT":-8.321147892938,"OCF_SALES":20.494469608787,"TOTAL_PARENT_EQUITY":7820059000,"DEBT_ASSET_RATIO":28.1996369243,"OPERATE_PROFIT":-384513000,"PRETAX_PROFIT":-204479000,"NETCASH_OPERATE":1842908000,"NETCASH_INVEST":158589000,"NETCASH_FINANCE":-2911000,"END_CASH":2916534000,"DIVI_RATIO":null,"DIVIDEND_RATE":null,"CURRENT_RATIO":3.479618105635,"COMMON_ACS":1000000000,"CURRENTDEBT_DEBT":98.018222055375,"ISSUED_COMMON_SHARES":216391461,"HK_COMMON_SHARES":216391461,"PER_SHARES":50,"TOTAL_MARKET_CAP":26551232264.7,"HKSK_MARKET_CAP":26551232264.7,"PE_TTM":19.255888640837,"PB_TTM":2.603065062542,"REPORT_DATE_SQ":"2021-12-31 00:00:00","REPORT_TYPE_SQ":"2021年年报","OPERATE_INCOME_SQ":6997622000,"DPS_HKD":null,"OPERATE_INCOME_QOQ_SQ":14.69971490713,"NET_PROFIT_RATIO_SQ":-29.3827245884,"HOLDER_PROFIT_SQ":-2056092000,"HOLDER_PROFIT_QOQ_SQ":64.132009928848,"ROE_AVG_SQ":-198.186711288811,"PE_TTM_SQ":47.402283173154,"PB_TTM_SQ":2.05896884009,"ROA_SQ":-23.572224540614,"START_DATE":"2022-01-01 00:00:00","FISCAL_YEAR":"12-31","CURRENCY":"HKD","IS_CNY_CODE":0,"DPS_HKD_LY":null,"ORG_TYPE":"一般企业","PREMIUM_INCOME":null,"PREMIUM_INCOME_YOY":null,"NET_INTEREST_INCOME":null,"NET_INTEREST_INCOME_YOY":null,"FEE_COMMISSION_INCOME":null,"FEE_COMMISSION_INCOME_YOY":null,"ACCOUNTS_RECE_TDAYS":14.600238189758,"INVENTORY_TDAYS":null,"CURRENT_ASSETS_TDAYS":0.934548452034,"TOTAL_ASSETS_TDAYS":0.886849223064,"PREMIUM_EXPENSE":null,"LOAN_DEPOSIT":null,"LOAN_EQUITY":null,"LOAN_ASSETS":null,"DEPOSIT_EQUITY":null,"DEPOSIT_ASSETS":null,"EQUITY_MULTIPLIER":1.392750617355,"EQUITY_RATIO":0.392750617355},{"SECUCODE":"09899.HK","SECURITY_CODE":"09899","SECURITY_NAME_ABBR":"网易云音乐","ORG_CODE":"10000212035","STD_REPORT_DATE":"2022-06-30 00:00:00","REPORT_DATE":"2022-06-30 00:00:00","DATE_TYPE_CODE":"002","REPORT_TYPE":"2022年中报","PER_NETCASH_OPERATE":3.73986834734,"PER_OI":20.352714607367,"BPS":34.638765159037,"BASIC_EPS":-1.3,"DILUTED_EPS":-1.3,"OPERATE_INCOME":4258716000,"OPERATE_INCOME_YOY":33.7673392439,"GROSS_PROFIT":537113000,"GROSS_PROFIT_YOY":4277.91692594897,"HOLDER_PROFIT":-270810000,"HOLDER_PROFIT_YOY":92.890534285,"GROSS_PROFIT_RATIO":12.612087774813,"EPS_TTM":7.083757043953,"OPERATE_INCOME_QOQ":15.362961874763,"NET_PROFIT_RATIO":-6.3589588975,"ROE_AVG":-3.640603680678,"GROSS_PROFIT_QOQ":385.472475713865,"ROA":-2.809672906701,"HOLDER_PROFIT_QOQ":172.090402569535,"ROE_YEARLY":-7.281207361357,"ROIC_YEARLY":-20.974325213957,"TOTAL_ASSETS":9889339000,"TOTAL_LIABILITIES":2393806000,"TAX_EBT":-1.506803103565,"OCF_SALES":18.375280248789,"TOTAL_PARENT_EQUITY":7495533000,"DEBT_ASSET_RATIO":24.2059251887,"OPERATE_PROFIT":-301015000,"PRETAX_PROFIT":-266790000,"NETCASH_OPERATE":782551000,"NETCASH_INVEST":164586000,"NETCASH_FINANCE":-6453000,"END_CASH":1858716000,"DIVI_RATIO":null,"DIVIDEND_RATE":null,"CURRENT_RATIO":4.021257264327,"COMMON_ACS":1000000000,"CURRENTDEBT_DEBT":97.473228824725,"ISSUED_COMMON_SHARES":216391461,"HK_COMMON_SHARES":216391461,"PER_SHARES":50,"TOTAL_MARKET_CAP":26551232264.7,"HKSK_MARKET_CAP":26551232264.7,"PE_TTM":19.255888640837,"PB_TTM":2.603065062542,"REPORT_DATE_SQ":"2021-06-30 00:00:00","REPORT_TYPE_SQ":"2021年中报","OPERATE_INCOME_SQ":3183674000,"DPS_HKD":null,"OPERATE_INCOME_QOQ_SQ":10.268386140582,"NET_PROFIT_RATIO_SQ":-119.6462640333,"HOLDER_PROFIT_SQ":-3809147000,"HOLDER_PROFIT_QOQ_SQ":-40.605618056349,"ROE_AVG_SQ":53.53427846476,"PE_TTM_SQ":47.402283173154,"PB_TTM_SQ":2.05896884009,"ROA_SQ":-50.322359809615,"START_DATE":"2022-01-01 00:00:00","FISCAL_YEAR":"12-31","CURRENCY":"HKD","IS_CNY_CODE":0,"DPS_HKD_LY":null,"ORG_TYPE":"一般企业","PREMIUM_INCOME":null,"PREMIUM_INCOME_YOY":null,"NET_INTEREST_INCOME":null,"NET_INTEREST_INCOME_YOY":null,"FEE_COMMISSION_INCOME":null,"FEE_COMMISSION_INCOME_YOY":null,"ACCOUNTS_RECE_TDAYS":6.311481022057,"INVENTORY_TDAYS":null,"CURRENT_ASSETS_TDAYS":0.469238660462,"TOTAL_ASSETS_TDAYS":0.441844797553,"PREMIUM_EXPENSE":null,"LOAN_DEPOSIT":null,"LOAN_EQUITY":null,"LOAN_ASSETS":null,"DEPOSIT_EQUITY":null,"DEPOSIT_ASSETS":null,"EQUITY_MULTIPLIER":1.319364346738,"EQUITY_RATIO":0.319364346738},{"SECUCODE":"09899.HK","SECURITY_CODE":"09899","SECURITY_NAME_ABBR":"网易云音乐","ORG_CODE":"10000212035","STD_REPORT_DATE":"2021-12-31 00:00:00","REPORT_DATE":"2021-12-31 00:00:00","DATE_TYPE_CODE":"001","REPORT_TYPE":"2021年年报","PER_NETCASH_OPERATE":-4.372476220715,"PER_OI":33.6817829317,"BPS":34.112575264696,"BASIC_EPS":-15.92,"DILUTED_EPS":-15.92,"OPERATE_INCOME":6997622000,"OPERATE_INCOME_YOY":42.9331390961,"GROSS_PROFIT":142674000,"GROSS_PROFIT_YOY":123.965330444204,"HOLDER_PROFIT":-2056092000,"HOLDER_PROFIT_YOY":30.3365144676,"GROSS_PROFIT_RATIO":2.038892640957,"EPS_TTM":-9.896625515297,"OPERATE_INCOME_QOQ":14.69971490713,"NET_PROFIT_RATIO":-29.3827245884,"ROE_AVG":-198.186711288811,"GROSS_PROFIT_QOQ":167.401748890999,"ROA":-23.572224540614,"HOLDER_PROFIT_QOQ":64.132009928848,"ROE_YEARLY":-198.186711288811,"ROIC_YEARLY":-56.792387398455,"TOTAL_ASSETS":9387638000,"TOTAL_LIABILITIES":2005968000,"TAX_EBT":-0.227598111165,"OCF_SALES":-12.981724362934,"TOTAL_PARENT_EQUITY":7381670000,"DEBT_ASSET_RATIO":21.3681865449,"OPERATE_PROFIT":-1346935000,"PRETAX_PROFIT":-2051423000,"NETCASH_OPERATE":-908412000,"NETCASH_INVEST":-3862405000,"NETCASH_FINANCE":2614174000,"END_CASH":853454000,"DIVI_RATIO":null,"DIVIDEND_RATE":null,"CURRENT_RATIO":4.50250523743,"COMMON_ACS":1000000000,"CURRENTDEBT_DEBT":97.08629449722,"ISSUED_COMMON_SHARES":216391461,"HK_COMMON_SHARES":216391461,"PER_SHARES":50,"TOTAL_MARKET_CAP":26551232264.7,"HKSK_MARKET_CAP":26551232264.7,"PE_TTM":19.255888640837,"PB_TTM":2.603065062542,"REPORT_DATE_SQ":"2020-12-31 00:00:00","REPORT_TYPE_SQ":"2020年年报","OPERATE_INCOME_SQ":4895731000,"DPS_HKD":null,"OPERATE_INCOME_QOQ_SQ":111.169432235301,"NET_PROFIT_RATIO_SQ":-60.2864618174,"HOLDER_PROFIT_SQ":-2951463000,"HOLDER_PROFIT_QOQ_SQ":-46.41943803798,"ROE_AVG_SQ":71.530892996174,"PE_TTM_SQ":47.402283173154,"PB_TTM_SQ":2.05896884009,"ROA_SQ":-34.531012314792,"START_DATE":"2021-01-01 00:00:00","FISCAL_YEAR":"12-31","CURRENCY":"HKD","IS_CNY_CODE":0,"DPS_HKD_LY":null,"ORG_TYPE":"一般企业","PREMIUM_INCOME":null,"PREMIUM_INCOME_YOY":null,"NET_INTEREST_INCOME":null,"NET_INTEREST_INCOME_YOY":null,"FEE_COMMISSION_INCOME":null,"FEE_COMMISSION_INCOME_YOY":null,"ACCOUNTS_RECE_TDAYS":15.080675628351,"INVENTORY_TDAYS":null,"CURRENT_ASSETS_TDAYS":0.895331867731,"TOTAL_ASSETS_TDAYS":0.802247744918,"PREMIUM_EXPENSE":null,"LOAN_DEPOSIT":null,"LOAN_EQUITY":null,"LOAN_ASSETS":null,"DEPOSIT_EQUITY":null,"DEPOSIT_ASSETS":null,"EQUITY_MULTIPLIER":1.271749888575,"EQUITY_RATIO":0.271749888575},{"SECUCODE":"09899.HK","SECURITY_CODE":"09899","SECURITY_NAME_ABBR":"网易云音乐","ORG_CODE":"10000212035","STD_REPORT_DATE":"2021-06-30 00:00:00","REPORT_DATE":"2021-06-30 00:00:00","DATE_TYPE_CODE":"002","REPORT_TYPE":"2021年中报","PER_NETCASH_OPERATE":-6.195194489103,"PER_OI":26.367759496667,"BPS":-41.239695682816,"BASIC_EPS":-31.19,"DILUTED_EPS":-31.19,"OPERATE_INCOME":3183674000,"OPERATE_INCOME_YOY":60.9065261758,"GROSS_PROFIT":-12856000,"GROSS_PROFIT_YOY":96.757743736665,"HOLDER_PROFIT":-3809147000,"HOLDER_PROFIT_YOY":-270.459229175,"GROSS_PROFIT_RATIO":-0.403810189109,"EPS_TTM":-47.476658023974,"OPERATE_INCOME_QOQ":10.268386140582,"NET_PROFIT_RATIO":-119.6462640333,"ROE_AVG":53.53427846476,"GROSS_PROFIT_QOQ":49.640162824835,"ROA":-50.322359809615,"HOLDER_PROFIT_QOQ":-40.605618056349,"ROE_YEARLY":107.068556929519,"ROIC_YEARLY":-211.126210107922,"TOTAL_ASSETS":7081582000,"TOTAL_LIABILITIES":16005500000,"TAX_EBT":-0.057237150404,"OCF_SALES":-23.495339032828,"TOTAL_PARENT_EQUITY":-8923918000,"DEBT_ASSET_RATIO":226.015881762,"OPERATE_PROFIT":-701315000,"PRETAX_PROFIT":-3806968000,"NETCASH_OPERATE":-748015000,"NETCASH_INVEST":-1721241000,"NETCASH_FINANCE":-64499000,"END_CASH":476149000,"DIVI_RATIO":null,"DIVIDEND_RATE":null,"CURRENT_RATIO":1.786614333855,"COMMON_ACS":1000000000,"CURRENTDEBT_DEBT":22.296698010059,"ISSUED_COMMON_SHARES":216391461,"HK_COMMON_SHARES":216391461,"PER_SHARES":50,"TOTAL_MARKET_CAP":26551232264.7,"HKSK_MARKET_CAP":26551232264.7,"PE_TTM":19.255888640837,"PB_TTM":2.603065062542,"REPORT_DATE_SQ":"2020-06-30 00:00:00","REPORT_TYPE_SQ":"2020年中报","OPERATE_INCOME_SQ":1978586000,"DPS_HKD":null,"OPERATE_INCOME_QOQ_SQ":0,"NET_PROFIT_RATIO_SQ":-51.9675667371,"HOLDER_PROFIT_SQ":-1028223000,"HOLDER_PROFIT_QOQ_SQ":0,"ROE_AVG_SQ":null,"PE_TTM_SQ":47.402283173154,"PB_TTM_SQ":2.05896884009,"ROA_SQ":null,"START_DATE":"2021-01-01 00:00:00","FISCAL_YEAR":"12-31","CURRENCY":"HKD","IS_CNY_CODE":0,"DPS_HKD_LY":null,"ORG_TYPE":"一般企业","PREMIUM_INCOME":null,"PREMIUM_INCOME_YOY":null,"NET_INTEREST_INCOME":null,"NET_INTEREST_INCOME_YOY":null,"FEE_COMMISSION_INCOME":null,"FEE_COMMISSION_INCOME_YOY":null,"ACCOUNTS_RECE_TDAYS":8.867913334011,"INVENTORY_TDAYS":null,"CURRENT_ASSETS_TDAYS":0.480971432145,"TOTAL_ASSETS_TDAYS":0.420592821817,"PREMIUM_EXPENSE":null,"LOAN_DEPOSIT":null,"LOAN_EQUITY":null,"LOAN_ASSETS":null,"DEPOSIT_EQUITY":null,"DEPOSIT_ASSETS":null,"EQUITY_MULTIPLIER":-0.793550769965,"EQUITY_RATIO":-1.793550769964},{"SECUCODE":"09899.HK","SECURITY_CODE":"09899","SECURITY_NAME_ABBR":"网易云音乐","ORG_CODE":"10000212035","STD_REPORT_DATE":"2021-03-31 00:00:00","REPORT_DATE":"2021-03-31 00:00:00","DATE_TYPE_CODE":"003","REPORT_TYPE":"2021年一季报","PER_NETCASH_OPERATE":-0.80958416,"PER_OI":12.562699624487,"BPS":-32.36977544137,"BASIC_EPS":-13.64,"DILUTED_EPS":null,"OPERATE_INCOME":1491167000,"OPERATE_INCOME_YOY":74.5692450696,"GROSS_PROFIT":-53951000,"GROSS_PROFIT_YOY":76.436186707548,"HOLDER_PROFIT":-1665236000,"HOLDER_PROFIT_YOY":-208.5067241229,"GROSS_PROFIT_RATIO":-3.618038757564,"EPS_TTM":-34.347056184359,"OPERATE_INCOME_QOQ":13.010702589664,"NET_PROFIT_RATIO":-111.6733404106,"ROE_AVG":27.05213556089,"GROSS_PROFIT_QOQ":29.39622229501,"ROA":-21.072912256667,"HOLDER_PROFIT_QOQ":-38.132377061816,"ROE_YEARLY":108.208542243558,"ROIC_YEARLY":-167.445386854635,"TOTAL_ASSETS":7747115000,"TOTAL_LIABILITIES":14751658000,"TAX_EBT":-0.059847137432,"OCF_SALES":-6.444348620912,"TOTAL_PARENT_EQUITY":-7004543000,"DEBT_ASSET_RATIO":190.4148576599,"OPERATE_PROFIT":null,"PRETAX_PROFIT":-1664240000,"NETCASH_OPERATE":-96096000,"NETCASH_INVEST":-2503759000,"NETCASH_FINANCE":-64499000,"END_CASH":342877000,"DIVI_RATIO":null,"DIVIDEND_RATE":null,"CURRENT_RATIO":3.172999208,"COMMON_ACS":1000000000,"CURRENTDEBT_DEBT":14.362358454894,"ISSUED_COMMON_SHARES":216391461,"HK_COMMON_SHARES":216391461,"PER_SHARES":50,"TOTAL_MARKET_CAP":26551232264.7,"HKSK_MARKET_CAP":26551232264.7,"PE_TTM":19.255888640837,"PB_TTM":2.603065062542,"REPORT_DATE_SQ":"2020-03-31 00:00:00","REPORT_TYPE_SQ":"2020年一季报","OPERATE_INCOME_SQ":854198000,"DPS_HKD":null,"OPERATE_INCOME_QOQ_SQ":0,"NET_PROFIT_RATIO_SQ":-63.1906185685,"HOLDER_PROFIT_SQ":-539773000,"HOLDER_PROFIT_QOQ_SQ":0,"ROE_AVG_SQ":null,"PE_TTM_SQ":47.402283173154,"PB_TTM_SQ":2.05896884009,"ROA_SQ":null,"START_DATE":"2021-01-01 00:00:00","FISCAL_YEAR":"12-31","CURRENCY":"HKD","IS_CNY_CODE":0,"DPS_HKD_LY":null,"ORG_TYPE":"一般企业","PREMIUM_INCOME":null,"PREMIUM_INCOME_YOY":null,"NET_INTEREST_INCOME":null,"NET_INTEREST_INCOME_YOY":null,"FEE_COMMISSION_INCOME":null,"FEE_COMMISSION_INCOME_YOY":null,"ACCOUNTS_RECE_TDAYS":5.496447613589,"INVENTORY_TDAYS":null,"CURRENT_ASSETS_TDAYS":0.219527872133,"TOTAL_ASSETS_TDAYS":0.188701369362,"PREMIUM_EXPENSE":null,"LOAN_DEPOSIT":null,"LOAN_EQUITY":null,"LOAN_ASSETS":null,"DEPOSIT_EQUITY":null,"DEPOSIT_ASSETS":null,"EQUITY_MULTIPLIER":-1.106012911906,"EQUITY_RATIO":-2.106012911906},{"SECUCODE":"09899.HK","SECURITY_CODE":"09899","SECURITY_NAME_ABBR":"网易云音乐","ORG_CODE":"10000212035","STD_REPORT_DATE":"2020-12-31 00:00:00","REPORT_DATE":"2020-12-31 00:00:00","DATE_TYPE_CODE":"001","REPORT_TYPE":"2020年年报","PER_NETCASH_OPERATE":-8.109764748974,"PER_OI":40.954045130641,"BPS":-24.523915941397,"BASIC_EPS":-24.22,"DILUTED_EPS":-24.22,"OPERATE_INCOME":4895731000,"OPERATE_INCOME_YOY":111.1694322353,"GROSS_PROFIT":-595335000,"GROSS_PROFIT_YOY":43.661671937724,"HOLDER_PROFIT":-2951463000,"HOLDER_PROFIT_YOY":-46.419438038,"GROSS_PROFIT_RATIO":-12.16028821845,"EPS_TTM":-24.689744780385,"OPERATE_INCOME_QOQ":111.169432235301,"NET_PROFIT_RATIO":-60.2864618174,"ROE_AVG":71.530892996174,"GROSS_PROFIT_QOQ":43.661671937724,"ROA":-34.531012314792,"HOLDER_PROFIT_QOQ":-46.41943803798,"ROE_YEARLY":71.530892996174,"ROIC_YEARLY":-82.061993657389,"TOTAL_ASSETS":8057402000,"TOTAL_LIABILITIES":13364168000,"TAX_EBT":-0.053425775292,"OCF_SALES":-19.802109225364,"TOTAL_PARENT_EQUITY":-5306766000,"DEBT_ASSET_RATIO":165.8619986939,"OPERATE_PROFIT":-1524790000,"PRETAX_PROFIT":-2949887000,"NETCASH_OPERATE":-969458000,"NETCASH_INVEST":3405915000,"NETCASH_FINANCE":-320948000,"END_CASH":3006206000,"DIVI_RATIO":null,"DIVIDEND_RATE":null,"CURRENT_RATIO":3.158629974317,"COMMON_ACS":1000000000,"CURRENTDEBT_DEBT":16.257353244886,"ISSUED_COMMON_SHARES":216391461,"HK_COMMON_SHARES":216391461,"PER_SHARES":50,"TOTAL_MARKET_CAP":26551232264.7,"HKSK_MARKET_CAP":26551232264.7,"PE_TTM":19.255888640837,"PB_TTM":2.603065062542,"REPORT_DATE_SQ":"2019-12-31 00:00:00","REPORT_TYPE_SQ":"2019年年报","OPERATE_INCOME_SQ":2318390000,"DPS_HKD":null,"OPERATE_INCOME_QOQ_SQ":101.943839789136,"NET_PROFIT_RATIO_SQ":-86.9465016671,"HOLDER_PROFIT_SQ":-2015759000,"HOLDER_PROFIT_QOQ_SQ":-0.47401892786,"ROE_AVG_SQ":104.847378372123,"PE_TTM_SQ":47.402283173154,"PB_TTM_SQ":2.05896884009,"ROA_SQ":-23.712137872453,"START_DATE":"2020-01-01 00:00:00","FISCAL_YEAR":"12-31","CURRENCY":"HKD","IS_CNY_CODE":0,"DPS_HKD_LY":null,"ORG_TYPE":"一般企业","PREMIUM_INCOME":null,"PREMIUM_INCOME_YOY":null,"NET_INTEREST_INCOME":null,"NET_INTEREST_INCOME_YOY":null,"FEE_COMMISSION_INCOME":null,"FEE_COMMISSION_INCOME_YOY":null,"ACCOUNTS_RECE_TDAYS":15.584725111536,"INVENTORY_TDAYS":null,"CURRENT_ASSETS_TDAYS":0.647623856435,"TOTAL_ASSETS_TDAYS":0.572782201406,"PREMIUM_EXPENSE":null,"LOAN_DEPOSIT":null,"LOAN_EQUITY":null,"LOAN_ASSETS":null,"DEPOSIT_EQUITY":null,"DEPOSIT_ASSETS":null,"EQUITY_MULTIPLIER":-1.51832622731,"EQUITY_RATIO":-2.518326227311}],"count":13},"success":true,"message":"ok","code":0}