{"version":"f9eef877ae0a1e1f9b26db942378107a","result":{"pages":1,"data":[{"SECUCODE":"09890.HK","SECURITY_CODE":"09890","SECURITY_NAME_ABBR":"中旭未来","ORG_CODE":"10000462984","STD_REPORT_DATE":"2024-06-30 00:00:00","REPORT_DATE":"2024-06-30 00:00:00","DATE_TYPE_CODE":"002","REPORT_TYPE":"2024年中报","PER_NETCASH_OPERATE":-1.616772944719,"PER_OI":6.03580662925,"BPS":3.606397903833,"BASIC_EPS":-0.74,"DILUTED_EPS":-0.74,"OPERATE_INCOME":3225776000,"OPERATE_INCOME_YOY":-5.1267745481,"GROSS_PROFIT":2364169000,"GROSS_PROFIT_YOY":3.055301519826,"HOLDER_PROFIT":-382924000,"HOLDER_PROFIT_YOY":-238.9147264324,"GROSS_PROFIT_RATIO":73.289930856947,"EPS_TTM":-0.791653066603,"OPERATE_INCOME_QOQ":-2.67576522526,"NET_PROFIT_RATIO":-11.9336556537,"ROE_AVG":-18.174211371009,"GROSS_PROFIT_QOQ":1.532607179295,"ROA":-5.667025896197,"HOLDER_PROFIT_QOQ":-279.66639347395,"ROE_YEARLY":-36.348422742017,"ROIC_YEARLY":-12.231895039094,"TOTAL_ASSETS":6245898000,"TOTAL_LIABILITIES":4343637000,"TAX_EBT":7.541011168488,"OCF_SALES":-26.786360863247,"TOTAL_PARENT_EQUITY":1927403000,"DEBT_ASSET_RATIO":69.5438350098,"OPERATE_PROFIT":-405745000,"PRETAX_PROFIT":-416350000,"NETCASH_OPERATE":-864068000,"NETCASH_INVEST":1166123000,"NETCASH_FINANCE":-247986000,"END_CASH":540955000,"DIVI_RATIO":null,"DIVIDEND_RATE":null,"CURRENT_RATIO":0.884073439671,"COMMON_ACS":2500000000,"CURRENTDEBT_DEBT":96.610835573967,"ISSUED_COMMON_SHARES":534439918,"HK_COMMON_SHARES":534439918,"PER_SHARES":200,"TOTAL_MARKET_CAP":4457228916.12,"HKSK_MARKET_CAP":4457228916.12,"PE_TTM":-9.717426127123,"PB_TTM":2.110624341232,"REPORT_DATE_SQ":"2023-06-30 00:00:00","REPORT_TYPE_SQ":"2023年中报","OPERATE_INCOME_SQ":3400091000,"DPS_HKD":null,"OPERATE_INCOME_QOQ_SQ":-12.879148656929,"NET_PROFIT_RATIO_SQ":8.8309695241,"HOLDER_PROFIT_SQ":275654000,"HOLDER_PROFIT_QOQ_SQ":-12.16670200577,"ROE_AVG_SQ":14.234907421513,"PE_TTM_SQ":36.596082982915,"PB_TTM_SQ":7.548183930772,"ROA_SQ":2.862895271015,"START_DATE":"2024-01-01 00:00:00","FISCAL_YEAR":"12-31","CURRENCY":"HKD","IS_CNY_CODE":0,"DPS_HKD_LY":null,"ORG_TYPE":"一般企业","PREMIUM_INCOME":null,"PREMIUM_INCOME_YOY":null,"NET_INTEREST_INCOME":null,"NET_INTEREST_INCOME_YOY":null,"FEE_COMMISSION_INCOME":null,"FEE_COMMISSION_INCOME_YOY":null,"ACCOUNTS_RECE_TDAYS":10.803344379677,"INVENTORY_TDAYS":309.874842654199,"CURRENT_ASSETS_TDAYS":0.829896352229,"TOTAL_ASSETS_TDAYS":0.47739384649,"PREMIUM_EXPENSE":null,"LOAN_DEPOSIT":null,"LOAN_EQUITY":null,"LOAN_ASSETS":null,"DEPOSIT_EQUITY":null,"DEPOSIT_ASSETS":null,"EQUITY_MULTIPLIER":3.283407481939,"EQUITY_RATIO":2.253621583032},{"SECUCODE":"09890.HK","SECURITY_CODE":"09890","SECURITY_NAME_ABBR":"中旭未来","ORG_CODE":"10000462984","STD_REPORT_DATE":"2023-12-31 00:00:00","REPORT_DATE":"2023-12-31 00:00:00","DATE_TYPE_CODE":"001","REPORT_TYPE":"2023年年报","PER_NETCASH_OPERATE":-4.39600583877,"PER_OI":12.189555421644,"BPS":4.278355569989,"BASIC_EPS":0.47,"DILUTED_EPS":0.46,"OPERATE_INCOME":6514585000,"OPERATE_INCOME_YOY":-26.1152124916,"GROSS_PROFIT":4573318000,"GROSS_PROFIT_YOY":-28.649934708231,"HOLDER_PROFIT":235487000,"HOLDER_PROFIT_YOY":-54.1913797229,"GROSS_PROFIT_RATIO":70.201217729142,"EPS_TTM":0.440623898157,"OPERATE_INCOME_QOQ":-15.192762272838,"NET_PROFIT_RATIO":4.1950331449,"ROE_AVG":11.720783091078,"GROSS_PROFIT_QOQ":-13.914791922821,"ROA":2.759540627719,"HOLDER_PROFIT_QOQ":-47.845952135223,"ROE_YEARLY":11.720783091078,"ROIC_YEARLY":2.871745754399,"TOTAL_ASSETS":7268210000,"TOTAL_LIABILITIES":4992425000,"TAX_EBT":33.890916831765,"OCF_SALES":-36.063709353704,"TOTAL_PARENT_EQUITY":2286524000,"DEBT_ASSET_RATIO":68.6885078995,"OPERATE_PROFIT":514580000,"PRETAX_PROFIT":413391000,"NETCASH_OPERATE":-2349401000,"NETCASH_INVEST":2855170000,"NETCASH_FINANCE":-232305000,"END_CASH":486886000,"DIVI_RATIO":null,"DIVIDEND_RATE":null,"CURRENT_RATIO":0.840325156316,"COMMON_ACS":2500000000,"CURRENTDEBT_DEBT":96.87069910915,"ISSUED_COMMON_SHARES":534439918,"HK_COMMON_SHARES":534439918,"PER_SHARES":200,"TOTAL_MARKET_CAP":4553428101.36,"HKSK_MARKET_CAP":4553428101.36,"PE_TTM":-9.927154748571,"PB_TTM":2.156177384568,"REPORT_DATE_SQ":"2022-12-31 00:00:00","REPORT_TYPE_SQ":"2022年年报","OPERATE_INCOME_SQ":8817221000,"DPS_HKD":null,"OPERATE_INCOME_QOQ_SQ":10.506627035507,"NET_PROFIT_RATIO_SQ":5.5745682228,"HOLDER_PROFIT_SQ":514067000,"HOLDER_PROFIT_QOQ_SQ":-42.887980597776,"ROE_AVG_SQ":35.337501331858,"PE_TTM_SQ":37.879177355792,"PB_TTM_SQ":7.812830623467,"ROA_SQ":6.285462306111,"START_DATE":"2023-01-01 00:00:00","FISCAL_YEAR":"12-31","CURRENCY":"HKD","IS_CNY_CODE":0,"DPS_HKD_LY":null,"ORG_TYPE":"一般企业","PREMIUM_INCOME":null,"PREMIUM_INCOME_YOY":null,"NET_INTEREST_INCOME":null,"NET_INTEREST_INCOME_YOY":null,"FEE_COMMISSION_INCOME":null,"FEE_COMMISSION_INCOME_YOY":null,"ACCOUNTS_RECE_TDAYS":17.666359779421,"INVENTORY_TDAYS":529.749488334016,"CURRENT_ASSETS_TDAYS":1.345783571202,"TOTAL_ASSETS_TDAYS":0.763407830591,"PREMIUM_EXPENSE":null,"LOAN_DEPOSIT":null,"LOAN_EQUITY":null,"LOAN_ASSETS":null,"DEPOSIT_EQUITY":null,"DEPOSIT_ASSETS":null,"EQUITY_MULTIPLIER":3.193715575068,"EQUITY_RATIO":2.183412463635},{"SECUCODE":"09890.HK","SECURITY_CODE":"09890","SECURITY_NAME_ABBR":"中旭未来","ORG_CODE":"10000462984","STD_REPORT_DATE":"2023-06-30 00:00:00","REPORT_DATE":"2023-06-30 00:00:00","DATE_TYPE_CODE":"002","REPORT_TYPE":"2023年中报","PER_NETCASH_OPERATE":-0.798417700378,"PER_OI":6.640102039946,"BPS":4.0063867385,"BASIC_EPS":0.55,"DILUTED_EPS":0.55,"OPERATE_INCOME":3400091000,"OPERATE_INCOME_YOY":-25.0366979637,"GROSS_PROFIT":2294078000,"GROSS_PROFIT_YOY":-32.352427739869,"HOLDER_PROFIT":275654000,"HOLDER_PROFIT_YOY":-18.4935496557,"GROSS_PROFIT_RATIO":67.471076509423,"EPS_TTM":0.881785856108,"OPERATE_INCOME_QOQ":-12.879148656929,"NET_PROFIT_RATIO":8.8309695241,"ROE_AVG":14.234907421513,"GROSS_PROFIT_QOQ":-17.116927651727,"ROA":2.862895271015,"HOLDER_PROFIT_QOQ":-12.16670200577,"ROE_YEARLY":28.469814843026,"ROIC_YEARLY":5.913185972041,"TOTAL_ASSETS":9458103000,"TOTAL_LIABILITIES":7324354000,"TAX_EBT":32.16801384377,"OCF_SALES":-12.024178176408,"TOTAL_PARENT_EQUITY":2141173000,"DEBT_ASSET_RATIO":77.4399898161,"OPERATE_PROFIT":507109000,"PRETAX_PROFIT":442654000,"NETCASH_OPERATE":-408833000,"NETCASH_INVEST":1009393000,"NETCASH_FINANCE":-386983000,"END_CASH":426999000,"DIVI_RATIO":null,"DIVIDEND_RATE":null,"CURRENT_RATIO":0.752814413335,"COMMON_ACS":2500000000,"CURRENTDEBT_DEBT":97.536793005909,"ISSUED_COMMON_SHARES":534439918,"HK_COMMON_SHARES":534439918,"PER_SHARES":200,"TOTAL_MARKET_CAP":4553428101.36,"HKSK_MARKET_CAP":4553428101.36,"PE_TTM":-9.927154748571,"PB_TTM":2.156177384568,"REPORT_DATE_SQ":"2022-06-30 00:00:00","REPORT_TYPE_SQ":"2022年中报","OPERATE_INCOME_SQ":4535674000,"DPS_HKD":null,"OPERATE_INCOME_QOQ_SQ":39.109122868314,"NET_PROFIT_RATIO_SQ":7.4448251792,"HOLDER_PROFIT_SQ":338199000,"HOLDER_PROFIT_QOQ_SQ":46.141731516404,"ROE_AVG_SQ":25.11106779897,"PE_TTM_SQ":37.879177355792,"PB_TTM_SQ":7.812830623467,"ROA_SQ":4.318976652363,"START_DATE":"2023-01-01 00:00:00","FISCAL_YEAR":"12-31","CURRENCY":"HKD","IS_CNY_CODE":0,"DPS_HKD_LY":null,"ORG_TYPE":"一般企业","PREMIUM_INCOME":null,"PREMIUM_INCOME_YOY":null,"NET_INTEREST_INCOME":null,"NET_INTEREST_INCOME_YOY":null,"FEE_COMMISSION_INCOME":null,"FEE_COMMISSION_INCOME_YOY":null,"ACCOUNTS_RECE_TDAYS":9.723866735113,"INVENTORY_TDAYS":281.428244274809,"CURRENT_ASSETS_TDAYS":0.618448104225,"TOTAL_ASSETS_TDAYS":0.353127632645,"PREMIUM_EXPENSE":null,"LOAN_DEPOSIT":null,"LOAN_EQUITY":null,"LOAN_ASSETS":null,"DEPOSIT_EQUITY":null,"DEPOSIT_ASSETS":null,"EQUITY_MULTIPLIER":4.432622112527,"EQUITY_RATIO":3.420720324794},{"SECUCODE":"09890.HK","SECURITY_CODE":"09890","SECURITY_NAME_ABBR":"中旭未来","ORG_CODE":"10000462984","STD_REPORT_DATE":"2022-12-31 00:00:00","REPORT_DATE":"2022-12-31 00:00:00","DATE_TYPE_CODE":"001","REPORT_TYPE":"2022年年报","PER_NETCASH_OPERATE":4.296444799081,"PER_OI":16.596869561243,"BPS":3.240321206695,"BASIC_EPS":9.65,"DILUTED_EPS":9.6,"OPERATE_INCOME":8817221000,"OPERATE_INCOME_YOY":53.7247995805,"GROSS_PROFIT":6409690000,"GROSS_PROFIT_YOY":35.272359059328,"HOLDER_PROFIT":514067000,"HOLDER_PROFIT_YOY":-16.5355059416,"GROSS_PROFIT_RATIO":72.695126956668,"EPS_TTM":0.967640818432,"OPERATE_INCOME_QOQ":10.506627035507,"NET_PROFIT_RATIO":5.5745682228,"ROE_AVG":35.337501331858,"GROSS_PROFIT_QOQ":1.976953048558,"ROA":6.285462306111,"HOLDER_PROFIT_QOQ":-42.887980597776,"ROE_YEARLY":35.337501331858,"ROIC_YEARLY":6.643191945262,"TOTAL_ASSETS":9798906000,"TOTAL_LIABILITIES":8089870000,"TAX_EBT":18.294144537256,"OCF_SALES":25.887079387031,"TOTAL_PARENT_EQUITY":1731757000,"DEBT_ASSET_RATIO":82.5589101477,"OPERATE_PROFIT":735901000,"PRETAX_PROFIT":601575000,"NETCASH_OPERATE":2282521000,"NETCASH_INVEST":-3205834000,"NETCASH_FINANCE":443127000,"END_CASH":213422000,"DIVI_RATIO":null,"DIVIDEND_RATE":null,"CURRENT_RATIO":0.711979874185,"COMMON_ACS":2500000000,"CURRENTDEBT_DEBT":97.528959056202,"ISSUED_COMMON_SHARES":534439918,"HK_COMMON_SHARES":534439918,"PER_SHARES":200,"TOTAL_MARKET_CAP":4553428101.36,"HKSK_MARKET_CAP":4553428101.36,"PE_TTM":-9.927154748571,"PB_TTM":2.156177384568,"REPORT_DATE_SQ":"2021-12-31 00:00:00","REPORT_TYPE_SQ":"2021年年报","OPERATE_INCOME_SQ":5735718000,"DPS_HKD":null,"OPERATE_INCOME_QOQ_SQ":99.684305037646,"NET_PROFIT_RATIO_SQ":10.7474077352,"HOLDER_PROFIT_SQ":615911000,"HOLDER_PROFIT_QOQ_SQ":147.337605093525,"ROE_AVG_SQ":66.950668380533,"PE_TTM_SQ":37.879177355792,"PB_TTM_SQ":7.812830623467,"ROA_SQ":11.821096778199,"START_DATE":"2022-01-01 00:00:00","FISCAL_YEAR":"12-31","CURRENCY":"HKD","IS_CNY_CODE":0,"DPS_HKD_LY":null,"ORG_TYPE":"一般企业","PREMIUM_INCOME":null,"PREMIUM_INCOME_YOY":null,"NET_INTEREST_INCOME":null,"NET_INTEREST_INCOME_YOY":null,"FEE_COMMISSION_INCOME":null,"FEE_COMMISSION_INCOME_YOY":null,"ACCOUNTS_RECE_TDAYS":25.267754974545,"INVENTORY_TDAYS":884.471344599559,"CURRENT_ASSETS_TDAYS":1.87410344932,"TOTAL_ASSETS_TDAYS":1.078075625165,"PREMIUM_EXPENSE":null,"LOAN_DEPOSIT":null,"LOAN_EQUITY":null,"LOAN_ASSETS":null,"DEPOSIT_EQUITY":null,"DEPOSIT_ASSETS":null,"EQUITY_MULTIPLIER":5.733586653521,"EQUITY_RATIO":4.671481044973},{"SECUCODE":"09890.HK","SECURITY_CODE":"09890","SECURITY_NAME_ABBR":"中旭未来","ORG_CODE":"10000462984","STD_REPORT_DATE":"2022-06-30 00:00:00","REPORT_DATE":"2022-06-30 00:00:00","DATE_TYPE_CODE":"002","REPORT_TYPE":"2022年中报","PER_NETCASH_OPERATE":null,"PER_OI":null,"BPS":2.836449802763,"BASIC_EPS":null,"DILUTED_EPS":null,"OPERATE_INCOME":4535674000,"OPERATE_INCOME_YOY":97.8496696816,"GROSS_PROFIT":3391220000,"GROSS_PROFIT_YOY":83.890781059448,"HOLDER_PROFIT":338199000,"HOLDER_PROFIT_YOY":526.2132686504,"GROSS_PROFIT_RATIO":74.76771919675,"EPS_TTM":null,"OPERATE_INCOME_QOQ":39.109122868314,"NET_PROFIT_RATIO":7.4448251792,"ROE_AVG":25.11106779897,"GROSS_PROFIT_QOQ":32.649932181162,"ROA":4.318976652363,"HOLDER_PROFIT_QOQ":46.141731516404,"ROE_YEARLY":50.22213559794,"ROIC_YEARLY":9.213365712789,"TOTAL_ASSETS":9102644000,"TOTAL_LIABILITIES":7590711000,"TAX_EBT":15.326246950172,"OCF_SALES":31.812074677325,"TOTAL_PARENT_EQUITY":1515912000,"DEBT_ASSET_RATIO":83.3901776231,"OPERATE_PROFIT":456847000,"PRETAX_PROFIT":398793000,"NETCASH_OPERATE":1442892000,"NETCASH_INVEST":-2383986000,"NETCASH_FINANCE":539437000,"END_CASH":291951000,"DIVI_RATIO":null,"DIVIDEND_RATE":null,"CURRENT_RATIO":0.728253413407,"COMMON_ACS":2500000000,"CURRENTDEBT_DEBT":97.446233956213,"ISSUED_COMMON_SHARES":534439918,"HK_COMMON_SHARES":534439918,"PER_SHARES":200,"TOTAL_MARKET_CAP":4553428101.36,"HKSK_MARKET_CAP":4553428101.36,"PE_TTM":-9.927154748571,"PB_TTM":2.156177384568,"REPORT_DATE_SQ":"2021-06-30 00:00:00","REPORT_TYPE_SQ":"2021年中报","OPERATE_INCOME_SQ":2292485000,"DPS_HKD":null,"OPERATE_INCOME_QOQ_SQ":0,"NET_PROFIT_RATIO_SQ":2.3648573491,"HOLDER_PROFIT_SQ":54007000,"HOLDER_PROFIT_QOQ_SQ":0,"ROE_AVG_SQ":null,"PE_TTM_SQ":37.879177355792,"PB_TTM_SQ":7.812830623467,"ROA_SQ":null,"START_DATE":"2022-01-01 00:00:00","FISCAL_YEAR":"12-31","CURRENCY":"HKD","IS_CNY_CODE":0,"DPS_HKD_LY":null,"ORG_TYPE":"一般企业","PREMIUM_INCOME":null,"PREMIUM_INCOME_YOY":null,"NET_INTEREST_INCOME":null,"NET_INTEREST_INCOME_YOY":null,"FEE_COMMISSION_INCOME":null,"FEE_COMMISSION_INCOME_YOY":null,"ACCOUNTS_RECE_TDAYS":11.82709710729,"INVENTORY_TDAYS":673.010291090856,"CURRENT_ASSETS_TDAYS":0.988290444052,"TOTAL_ASSETS_TDAYS":0.579229096145,"PREMIUM_EXPENSE":null,"LOAN_DEPOSIT":null,"LOAN_EQUITY":null,"LOAN_ASSETS":null,"DEPOSIT_EQUITY":null,"DEPOSIT_ASSETS":null,"EQUITY_MULTIPLIER":6.020533978682,"EQUITY_RATIO":5.007355967893},{"SECUCODE":"09890.HK","SECURITY_CODE":"09890","SECURITY_NAME_ABBR":"中旭未来","ORG_CODE":"10000462984","STD_REPORT_DATE":"2021-12-31 00:00:00","REPORT_DATE":"2021-12-31 00:00:00","DATE_TYPE_CODE":"001","REPORT_TYPE":"2021年年报","PER_NETCASH_OPERATE":null,"PER_OI":null,"BPS":2.203639661512,"BASIC_EPS":null,"DILUTED_EPS":null,"OPERATE_INCOME":5735718000,"OPERATE_INCOME_YOY":99.6843050376,"GROSS_PROFIT":4738359000,"GROSS_PROFIT_YOY":94.245672232598,"HOLDER_PROFIT":615911000,"HOLDER_PROFIT_YOY":147.3376050935,"GROSS_PROFIT_RATIO":82.611435917875,"EPS_TTM":null,"OPERATE_INCOME_QOQ":99.684305037646,"NET_PROFIT_RATIO":10.7474077352,"ROE_AVG":66.950668380533,"GROSS_PROFIT_QOQ":94.245672232598,"ROA":11.821096778199,"HOLDER_PROFIT_QOQ":147.337605093525,"ROE_YEARLY":66.950668380533,"ROIC_YEARLY":13.192993294056,"TOTAL_ASSETS":6558427000,"TOTAL_LIABILITIES":5384196000,"TAX_EBT":9.364372451778,"OCF_SALES":45.937247960935,"TOTAL_PARENT_EQUITY":1177713000,"DEBT_ASSET_RATIO":82.0958440187,"OPERATE_PROFIT":747892000,"PRETAX_PROFIT":680131000,"NETCASH_OPERATE":2634831000,"NETCASH_INVEST":-2302397000,"NETCASH_FINANCE":-32298000,"END_CASH":693608000,"DIVI_RATIO":null,"DIVIDEND_RATE":null,"CURRENT_RATIO":0.730646257075,"COMMON_ACS":2500000000,"CURRENTDEBT_DEBT":96.392813337405,"ISSUED_COMMON_SHARES":534439918,"HK_COMMON_SHARES":534439918,"PER_SHARES":200,"TOTAL_MARKET_CAP":4553428101.36,"HKSK_MARKET_CAP":4553428101.36,"PE_TTM":-9.927154748571,"PB_TTM":2.156177384568,"REPORT_DATE_SQ":"2020-12-31 00:00:00","REPORT_TYPE_SQ":"2020年年报","OPERATE_INCOME_SQ":2872393000,"DPS_HKD":null,"OPERATE_INCOME_QOQ_SQ":-4.500020280995,"NET_PROFIT_RATIO_SQ":-45.2968309002,"HOLDER_PROFIT_SQ":-1301103000,"HOLDER_PROFIT_QOQ_SQ":-1664.82254320661,"ROE_AVG_SQ":-321.516816518874,"PE_TTM_SQ":37.879177355792,"PB_TTM_SQ":7.812830623467,"ROA_SQ":-33.008529911136,"START_DATE":"2021-01-01 00:00:00","FISCAL_YEAR":"12-31","CURRENCY":"HKD","IS_CNY_CODE":0,"DPS_HKD_LY":null,"ORG_TYPE":"一般企业","PREMIUM_INCOME":null,"PREMIUM_INCOME_YOY":null,"NET_INTEREST_INCOME":null,"NET_INTEREST_INCOME_YOY":null,"FEE_COMMISSION_INCOME":null,"FEE_COMMISSION_INCOME_YOY":null,"ACCOUNTS_RECE_TDAYS":23.264763264528,"INVENTORY_TDAYS":977.802941176471,"CURRENT_ASSETS_TDAYS":1.886502048991,"TOTAL_ASSETS_TDAYS":1.10084862213,"PREMIUM_EXPENSE":null,"LOAN_DEPOSIT":null,"LOAN_EQUITY":null,"LOAN_ASSETS":null,"DEPOSIT_EQUITY":null,"DEPOSIT_ASSETS":null,"EQUITY_MULTIPLIER":5.585295397585,"EQUITY_RATIO":4.571738615435},{"SECUCODE":"09890.HK","SECURITY_CODE":"09890","SECURITY_NAME_ABBR":"中旭未来","ORG_CODE":"10000462984","STD_REPORT_DATE":"2021-06-30 00:00:00","REPORT_DATE":"2021-06-30 00:00:00","DATE_TYPE_CODE":"002","REPORT_TYPE":"2021年中报","PER_NETCASH_OPERATE":null,"PER_OI":null,"BPS":null,"BASIC_EPS":null,"DILUTED_EPS":null,"OPERATE_INCOME":2292485000,"OPERATE_INCOME_YOY":null,"GROSS_PROFIT":1844149000,"GROSS_PROFIT_YOY":null,"HOLDER_PROFIT":54007000,"HOLDER_PROFIT_YOY":null,"GROSS_PROFIT_RATIO":80.443230817214,"EPS_TTM":null,"OPERATE_INCOME_QOQ":0,"NET_PROFIT_RATIO":2.3648573491,"ROE_AVG":null,"GROSS_PROFIT_QOQ":0,"ROA":null,"HOLDER_PROFIT_QOQ":0,"ROE_YEARLY":null,"ROIC_YEARLY":null,"TOTAL_ASSETS":null,"TOTAL_LIABILITIES":null,"TAX_EBT":-4.163544488635,"OCF_SALES":13.40026216093,"TOTAL_PARENT_EQUITY":null,"DEBT_ASSET_RATIO":null,"OPERATE_PROFIT":74600000,"PRETAX_PROFIT":52047000,"NETCASH_OPERATE":307199000,"NETCASH_INVEST":-392024000,"NETCASH_FINANCE":2364000,"END_CASH":311011000,"DIVI_RATIO":null,"DIVIDEND_RATE":null,"CURRENT_RATIO":null,"COMMON_ACS":2500000000,"CURRENTDEBT_DEBT":null,"ISSUED_COMMON_SHARES":534439918,"HK_COMMON_SHARES":534439918,"PER_SHARES":200,"TOTAL_MARKET_CAP":4553428101.36,"HKSK_MARKET_CAP":4553428101.36,"PE_TTM":-9.927154748571,"PB_TTM":2.156177384568,"REPORT_DATE_SQ":"2020-06-30 00:00:00","REPORT_TYPE_SQ":"2020年中报","OPERATE_INCOME_SQ":null,"DPS_HKD":null,"OPERATE_INCOME_QOQ_SQ":0,"NET_PROFIT_RATIO_SQ":null,"HOLDER_PROFIT_SQ":null,"HOLDER_PROFIT_QOQ_SQ":0,"ROE_AVG_SQ":null,"PE_TTM_SQ":37.879177355792,"PB_TTM_SQ":7.812830623467,"ROA_SQ":null,"START_DATE":"2021-01-01 00:00:00","FISCAL_YEAR":"12-31","CURRENCY":"HKD","IS_CNY_CODE":0,"DPS_HKD_LY":null,"ORG_TYPE":"一般企业","PREMIUM_INCOME":null,"PREMIUM_INCOME_YOY":null,"NET_INTEREST_INCOME":null,"NET_INTEREST_INCOME_YOY":null,"FEE_COMMISSION_INCOME":null,"FEE_COMMISSION_INCOME_YOY":null,"ACCOUNTS_RECE_TDAYS":null,"INVENTORY_TDAYS":null,"CURRENT_ASSETS_TDAYS":2.00325591292,"TOTAL_ASSETS_TDAYS":1.187166503716,"PREMIUM_EXPENSE":null,"LOAN_DEPOSIT":null,"LOAN_EQUITY":null,"LOAN_ASSETS":null,"DEPOSIT_EQUITY":null,"DEPOSIT_ASSETS":null,"EQUITY_MULTIPLIER":null,"EQUITY_RATIO":null},{"SECUCODE":"09890.HK","SECURITY_CODE":"09890","SECURITY_NAME_ABBR":"中旭未来","ORG_CODE":"10000462984","STD_REPORT_DATE":"2020-12-31 00:00:00","REPORT_DATE":"2020-12-31 00:00:00","DATE_TYPE_CODE":"001","REPORT_TYPE":"2020年年报","PER_NETCASH_OPERATE":null,"PER_OI":null,"BPS":1.239020473018,"BASIC_EPS":null,"DILUTED_EPS":null,"OPERATE_INCOME":2872393000,"OPERATE_INCOME_YOY":-4.500020281,"GROSS_PROFIT":2439364000,"GROSS_PROFIT_YOY":-7.127641793863,"HOLDER_PROFIT":-1301103000,"HOLDER_PROFIT_YOY":-1664.8225432066,"GROSS_PROFIT_RATIO":84.924451493929,"EPS_TTM":null,"OPERATE_INCOME_QOQ":-4.500020280995,"NET_PROFIT_RATIO":-45.2968309002,"ROE_AVG":-321.516816518874,"GROSS_PROFIT_QOQ":-7.127641793863,"ROA":-33.008529911136,"HOLDER_PROFIT_QOQ":-1664.82254320661,"ROE_YEARLY":-321.516816518874,"ROIC_YEARLY":-34.885723444072,"TOTAL_ASSETS":3862112000,"TOTAL_LIABILITIES":3199930000,"TAX_EBT":-6.312727510428,"OCF_SALES":-10.497414525102,"TOTAL_PARENT_EQUITY":662182000,"DEBT_ASSET_RATIO":82.8544071223,"OPERATE_PROFIT":-1165659000,"PRETAX_PROFIT":-1223845000,"NETCASH_OPERATE":-301527000,"NETCASH_INVEST":689727000,"NETCASH_FINANCE":-25462000,"END_CASH":393472000,"DIVI_RATIO":null,"DIVIDEND_RATE":null,"CURRENT_RATIO":0.74736134726,"COMMON_ACS":2500000000,"CURRENTDEBT_DEBT":95.703749769526,"ISSUED_COMMON_SHARES":534439918,"HK_COMMON_SHARES":534439918,"PER_SHARES":200,"TOTAL_MARKET_CAP":4553428101.36,"HKSK_MARKET_CAP":4553428101.36,"PE_TTM":-9.927154748571,"PB_TTM":2.156177384568,"REPORT_DATE_SQ":"2019-12-31 00:00:00","REPORT_TYPE_SQ":"2019年年报","OPERATE_INCOME_SQ":3007742000,"DPS_HKD":null,"OPERATE_INCOME_QOQ_SQ":null,"NET_PROFIT_RATIO_SQ":2.7644325876,"HOLDER_PROFIT_SQ":83147000,"HOLDER_PROFIT_QOQ_SQ":null,"ROE_AVG_SQ":56.496864191994,"PE_TTM_SQ":37.879177355792,"PB_TTM_SQ":7.812830623467,"ROA_SQ":2.067652859519,"START_DATE":"2020-01-01 00:00:00","FISCAL_YEAR":"12-31","CURRENCY":"HKD","IS_CNY_CODE":0,"DPS_HKD_LY":null,"ORG_TYPE":"一般企业","PREMIUM_INCOME":null,"PREMIUM_INCOME_YOY":null,"NET_INTEREST_INCOME":null,"NET_INTEREST_INCOME_YOY":null,"FEE_COMMISSION_INCOME":null,"FEE_COMMISSION_INCOME_YOY":null,"ACCOUNTS_RECE_TDAYS":18.7431231872,"INVENTORY_TDAYS":null,"CURRENT_ASSETS_TDAYS":0.984709606976,"TOTAL_ASSETS_TDAYS":0.72871609901,"PREMIUM_EXPENSE":null,"LOAN_DEPOSIT":null,"LOAN_EQUITY":null,"LOAN_ASSETS":null,"DEPOSIT_EQUITY":null,"DEPOSIT_ASSETS":null,"EQUITY_MULTIPLIER":5.832402572096,"EQUITY_RATIO":4.832402572103},{"SECUCODE":"09890.HK","SECURITY_CODE":"09890","SECURITY_NAME_ABBR":"中旭未来","ORG_CODE":"10000462984","STD_REPORT_DATE":"2019-12-31 00:00:00","REPORT_DATE":"2019-12-31 00:00:00","DATE_TYPE_CODE":"001","REPORT_TYPE":"2019年年报","PER_NETCASH_OPERATE":null,"PER_OI":null,"BPS":0.275374265737,"BASIC_EPS":null,"DILUTED_EPS":null,"OPERATE_INCOME":3007742000,"OPERATE_INCOME_YOY":null,"GROSS_PROFIT":2626577000,"GROSS_PROFIT_YOY":null,"HOLDER_PROFIT":83147000,"HOLDER_PROFIT_YOY":null,"GROSS_PROFIT_RATIO":87.327204261536,"EPS_TTM":null,"OPERATE_INCOME_QOQ":null,"NET_PROFIT_RATIO":2.7644325876,"ROE_AVG":56.496864191994,"GROSS_PROFIT_QOQ":null,"ROA":2.067652859519,"HOLDER_PROFIT_QOQ":null,"ROE_YEARLY":56.496864191994,"ROIC_YEARLY":2.083577136107,"TOTAL_ASSETS":4021323000,"TOTAL_LIABILITIES":3874152000,"TAX_EBT":8.763016689893,"OCF_SALES":84.997050943864,"TOTAL_PARENT_EQUITY":147171000,"DEBT_ASSET_RATIO":96.340234296,"OPERATE_PROFIT":120472000,"PRETAX_PROFIT":91133000,"NETCASH_OPERATE":2556492000,"NETCASH_INVEST":-2944715000,"NETCASH_FINANCE":-5205000,"END_CASH":30734000,"DIVI_RATIO":null,"DIVIDEND_RATE":null,"CURRENT_RATIO":0.9424805322,"COMMON_ACS":2500000000,"CURRENTDEBT_DEBT":97.094693238675,"ISSUED_COMMON_SHARES":534439918,"HK_COMMON_SHARES":534439918,"PER_SHARES":200,"TOTAL_MARKET_CAP":4553428101.36,"HKSK_MARKET_CAP":4553428101.36,"PE_TTM":-9.927154748571,"PB_TTM":2.156177384568,"REPORT_DATE_SQ":"2018-12-31 00:00:00","REPORT_TYPE_SQ":"2018年年报","OPERATE_INCOME_SQ":null,"DPS_HKD":null,"OPERATE_INCOME_QOQ_SQ":null,"NET_PROFIT_RATIO_SQ":null,"HOLDER_PROFIT_SQ":null,"HOLDER_PROFIT_QOQ_SQ":null,"ROE_AVG_SQ":null,"PE_TTM_SQ":37.879177355792,"PB_TTM_SQ":7.812830623467,"ROA_SQ":null,"START_DATE":"2019-01-01 00:00:00","FISCAL_YEAR":"12-31","CURRENCY":"HKD","IS_CNY_CODE":0,"DPS_HKD_LY":null,"ORG_TYPE":"一般企业","PREMIUM_INCOME":null,"PREMIUM_INCOME_YOY":null,"NET_INTEREST_INCOME":null,"NET_INTEREST_INCOME_YOY":null,"FEE_COMMISSION_INCOME":null,"FEE_COMMISSION_INCOME_YOY":null,"ACCOUNTS_RECE_TDAYS":35.592473818117,"INVENTORY_TDAYS":null,"CURRENT_ASSETS_TDAYS":1.696781958637,"TOTAL_ASSETS_TDAYS":1.495896748408,"PREMIUM_EXPENSE":null,"LOAN_DEPOSIT":null,"LOAN_EQUITY":null,"LOAN_ASSETS":null,"DEPOSIT_EQUITY":null,"DEPOSIT_ASSETS":null,"EQUITY_MULTIPLIER":27.324153535485,"EQUITY_RATIO":26.324153535683}],"count":9},"success":true,"message":"ok","code":0}