{"version":"d99c1e5d2872f65ca89bcd058dc6a9d0","result":{"pages":3,"data":[{"SECUCODE":"09900.HK","SECURITY_CODE":"09900","SECURITY_NAME_ABBR":"德益控股","ORG_CODE":"10708208","STD_REPORT_DATE":"2024-06-30 00:00:00","REPORT_DATE":"2024-09-30 00:00:00","DATE_TYPE_CODE":"002","REPORT_TYPE":"2024年中报","PER_NETCASH_OPERATE":0.063983455,"PER_OI":1.5043966225,"BPS":0.684470730833,"BASIC_EPS":0.040400192,"DILUTED_EPS":null,"OPERATE_INCOME":559635543.57,"OPERATE_INCOME_YOY":28.7425783244,"GROSS_PROFIT":28193562.56,"GROSS_PROFIT_YOY":-1.480391107796,"HOLDER_PROFIT":15022017.82,"HOLDER_PROFIT_YOY":21.6711708422,"GROSS_PROFIT_RATIO":5.03784344721,"EPS_TTM":0.067513605376,"OPERATE_INCOME_QOQ":0,"NET_PROFIT_RATIO":3.2073066778,"ROE_AVG":6.079029574052,"GROSS_PROFIT_QOQ":0,"ROA":4.521310523216,"HOLDER_PROFIT_QOQ":0,"ROE_YEARLY":12.158059148104,"ROIC_YEARLY":14.545422793476,"TOTAL_ASSETS":347362293.68,"TOTAL_LIABILITIES":85952310.27,"TAX_EBT":13.554831704669,"OCF_SALES":4.253097490585,"TOTAL_PARENT_EQUITY":254623111.87,"DEBT_ASSET_RATIO":24.7442833704,"OPERATE_PROFIT":18116961.1,"PRETAX_PROFIT":20763714.75,"NETCASH_OPERATE":23801845.26,"NETCASH_INVEST":-8595862.28,"NETCASH_FINANCE":-131661.34,"END_CASH":127909893.6,"DIVI_RATIO":null,"DIVIDEND_RATE":null,"CURRENT_RATIO":3.909854899122,"COMMON_ACS":780000000,"CURRENTDEBT_DEBT":100,"ISSUED_COMMON_SHARES":372000000,"HK_COMMON_SHARES":372000000,"PER_SHARES":4000,"TOTAL_MARKET_CAP":3645600000,"HKSK_MARKET_CAP":3645600000,"PE_TTM":118.86146522774,"PB_TTM":12.911497310105,"REPORT_DATE_SQ":"2023-06-30 00:00:00","REPORT_TYPE_SQ":"2023年中报","OPERATE_INCOME_SQ":442328859.42,"DPS_HKD":null,"OPERATE_INCOME_QOQ_SQ":0,"NET_PROFIT_RATIO_SQ":3.3844085687,"HOLDER_PROFIT_SQ":12563272.33,"HOLDER_PROFIT_QOQ_SQ":0,"ROE_AVG_SQ":4.640128246624,"PE_TTM_SQ":6.82583717425,"PB_TTM_SQ":1.035037859968,"ROA_SQ":3.556191646287,"START_DATE":"2024-04-01 00:00:00","FISCAL_YEAR":"3-31","CURRENCY":"HKD","IS_CNY_CODE":0,"DPS_HKD_LY":null,"ORG_TYPE":"一般企业","PREMIUM_INCOME":null,"PREMIUM_INCOME_YOY":null,"NET_INTEREST_INCOME":null,"NET_INTEREST_INCOME_YOY":null,"FEE_COMMISSION_INCOME":null,"FEE_COMMISSION_INCOME_YOY":null,"ACCOUNTS_RECE_TDAYS":4.945179990836,"INVENTORY_TDAYS":null,"CURRENT_ASSETS_TDAYS":1.738724666836,"TOTAL_ASSETS_TDAYS":1.684384949231,"PREMIUM_EXPENSE":null,"LOAN_DEPOSIT":null,"LOAN_EQUITY":null,"LOAN_ASSETS":null,"DEPOSIT_EQUITY":null,"DEPOSIT_ASSETS":null,"EQUITY_MULTIPLIER":1.328802707337,"EQUITY_RATIO":0.337566804674},{"SECUCODE":"09900.HK","SECURITY_CODE":"09900","SECURITY_NAME_ABBR":"德益控股","ORG_CODE":"10708208","STD_REPORT_DATE":"2023-12-31 00:00:00","REPORT_DATE":"2024-03-31 00:00:00","DATE_TYPE_CODE":"001","REPORT_TYPE":"2023年年报","PER_NETCASH_OPERATE":-0.049562940591,"PER_OI":2.804831582527,"BPS":0.647488715726,"BASIC_EPS":0.067537975,"DILUTED_EPS":null,"OPERATE_INCOME":1043397348.7,"OPERATE_INCOME_YOY":-4.8883240174,"GROSS_PROFIT":54442860.25,"GROSS_PROFIT_YOY":-26.538223603502,"HOLDER_PROFIT":25115061.2,"HOLDER_PROFIT_YOY":-51.1892596638,"GROSS_PROFIT_RATIO":5.217845370015,"EPS_TTM":0.107358221263,"OPERATE_INCOME_QOQ":0,"NET_PROFIT_RATIO":2.7855153203,"ROE_AVG":10.003141327229,"GROSS_PROFIT_QOQ":0,"ROA":7.696528311217,"HOLDER_PROFIT_QOQ":0,"ROE_YEARLY":10.003141327229,"ROIC_YEARLY":13.760936999406,"TOTAL_ASSETS":318810064.7,"TOTAL_LIABILITIES":74064228.45,"TAX_EBT":14.314731665598,"OCF_SALES":-1.767055851059,"TOTAL_PARENT_EQUITY":240865802.25,"DEBT_ASSET_RATIO":23.2314586805,"OPERATE_PROFIT":31070188.15,"PRETAX_PROFIT":33919474.8,"NETCASH_OPERATE":-18437413.9,"NETCASH_INVEST":7289568.55,"NETCASH_FINANCE":-45792560.15,"END_CASH":113431162.2,"DIVI_RATIO":null,"DIVIDEND_RATE":null,"CURRENT_RATIO":4.176228655364,"COMMON_ACS":780000000,"CURRENTDEBT_DEBT":99.995103979241,"ISSUED_COMMON_SHARES":372000000,"HK_COMMON_SHARES":372000000,"PER_SHARES":4000,"TOTAL_MARKET_CAP":3623280000,"HKSK_MARKET_CAP":3623280000,"PE_TTM":118.133741971243,"PB_TTM":12.832447326573,"REPORT_DATE_SQ":"2022-12-31 00:00:00","REPORT_TYPE_SQ":"2022年年报","OPERATE_INCOME_SQ":1059340644.28,"DPS_HKD":null,"OPERATE_INCOME_QOQ_SQ":0,"NET_PROFIT_RATIO_SQ":4.6843752789,"HOLDER_PROFIT_SQ":49686520.78,"HOLDER_PROFIT_QOQ_SQ":0,"ROE_AVG_SQ":21.844114658703,"PE_TTM_SQ":6.82583717425,"PB_TTM_SQ":1.035037859968,"ROA_SQ":16.39928286726,"START_DATE":"2023-04-01 00:00:00","FISCAL_YEAR":"3-31","CURRENCY":"HKD","IS_CNY_CODE":0,"DPS_HKD_LY":0.135,"ORG_TYPE":"一般企业","PREMIUM_INCOME":null,"PREMIUM_INCOME_YOY":null,"NET_INTEREST_INCOME":null,"NET_INTEREST_INCOME_YOY":null,"FEE_COMMISSION_INCOME":null,"FEE_COMMISSION_INCOME_YOY":null,"ACCOUNTS_RECE_TDAYS":11.022404819023,"INVENTORY_TDAYS":null,"CURRENT_ASSETS_TDAYS":3.274132042972,"TOTAL_ASSETS_TDAYS":3.197498572736,"PREMIUM_EXPENSE":null,"LOAN_DEPOSIT":null,"LOAN_EQUITY":null,"LOAN_ASSETS":null,"DEPOSIT_EQUITY":null,"DEPOSIT_ASSETS":null,"EQUITY_MULTIPLIER":1.302616908973,"EQUITY_RATIO":0.307491672783},{"SECUCODE":"09900.HK","SECURITY_CODE":"09900","SECURITY_NAME_ABBR":"德益控股","ORG_CODE":"10708208","STD_REPORT_DATE":"2023-06-30 00:00:00","REPORT_DATE":"2023-09-30 00:00:00","DATE_TYPE_CODE":"002","REPORT_TYPE":"2023年中报","PER_NETCASH_OPERATE":-0.018643676183,"PER_OI":1.18905607371,"BPS":0.744715946935,"BASIC_EPS":0.033768784,"DILUTED_EPS":null,"OPERATE_INCOME":442328859.42,"OPERATE_INCOME_YOY":-20.4811048718,"GROSS_PROFIT":28617209.18,"GROSS_PROFIT_YOY":-20.832675823593,"HOLDER_PROFIT":12563272.33,"HOLDER_PROFIT_YOY":-44.5034454803,"GROSS_PROFIT_RATIO":6.469668114697,"EPS_TTM":0.133565916075,"OPERATE_INCOME_QOQ":0,"NET_PROFIT_RATIO":3.3844085687,"ROE_AVG":4.640128246624,"GROSS_PROFIT_QOQ":0,"ROA":3.556191646287,"HOLDER_PROFIT_QOQ":0,"ROE_YEARLY":9.280256493248,"ROIC_YEARLY":13.806073623653,"TOTAL_ASSETS":368654181.98,"TOTAL_LIABILITIES":89282646.11,"TAX_EBT":13.586524709995,"OCF_SALES":-1.567939191011,"TOTAL_PARENT_EQUITY":277034332.26,"DEBT_ASSET_RATIO":24.21853609,"OPERATE_PROFIT":15605215.78,"PRETAX_PROFIT":17323936.77,"NETCASH_OPERATE":-6935447.54,"NETCASH_INVEST":2460166.03,"NETCASH_FINANCE":-134891.61,"END_CASH":167843703.3,"DIVI_RATIO":null,"DIVIDEND_RATE":null,"CURRENT_RATIO":4.038269927536,"COMMON_ACS":780000000,"CURRENTDEBT_DEBT":99.850971766858,"ISSUED_COMMON_SHARES":372000000,"HK_COMMON_SHARES":372000000,"PER_SHARES":4000,"TOTAL_MARKET_CAP":3623280000,"HKSK_MARKET_CAP":3623280000,"PE_TTM":118.133741971243,"PB_TTM":12.832447326573,"REPORT_DATE_SQ":"2022-06-30 00:00:00","REPORT_TYPE_SQ":"2022年中报","OPERATE_INCOME_SQ":548260674.72,"DPS_HKD":null,"OPERATE_INCOME_QOQ_SQ":0,"NET_PROFIT_RATIO_SQ":4.0696945502,"HOLDER_PROFIT_SQ":22312534.8,"HOLDER_PROFIT_QOQ_SQ":0,"ROE_AVG_SQ":10.119448045023,"PE_TTM_SQ":6.82583717425,"PB_TTM_SQ":1.035037859968,"ROA_SQ":7.456168188426,"START_DATE":"2023-04-01 00:00:00","FISCAL_YEAR":"3-31","CURRENCY":"HKD","IS_CNY_CODE":0,"DPS_HKD_LY":0.135,"ORG_TYPE":"一般企业","PREMIUM_INCOME":null,"PREMIUM_INCOME_YOY":null,"NET_INTEREST_INCOME":null,"NET_INTEREST_INCOME_YOY":null,"FEE_COMMISSION_INCOME":null,"FEE_COMMISSION_INCOME_YOY":null,"ACCOUNTS_RECE_TDAYS":5.384110176591,"INVENTORY_TDAYS":null,"CURRENT_ASSETS_TDAYS":1.278252153252,"TOTAL_ASSETS_TDAYS":1.252067258802,"PREMIUM_EXPENSE":null,"LOAN_DEPOSIT":null,"LOAN_EQUITY":null,"LOAN_ASSETS":null,"DEPOSIT_EQUITY":null,"DEPOSIT_ASSETS":null,"EQUITY_MULTIPLIER":1.319583904037,"EQUITY_RATIO":0.322280077641},{"SECUCODE":"09900.HK","SECURITY_CODE":"09900","SECURITY_NAME_ABBR":"德益控股","ORG_CODE":"10708208","STD_REPORT_DATE":"2022-12-31 00:00:00","REPORT_DATE":"2023-03-31 00:00:00","DATE_TYPE_CODE":"001","REPORT_TYPE":"2022年年报","PER_NETCASH_OPERATE":0.309633928952,"PER_OI":2.847689903978,"BPS":0.678233310511,"BASIC_EPS":0.133587566,"DILUTED_EPS":null,"OPERATE_INCOME":1059340644.28,"OPERATE_INCOME_YOY":13.7428588079,"GROSS_PROFIT":74110459.78,"GROSS_PROFIT_YOY":67.036122003533,"HOLDER_PROFIT":49686520.78,"HOLDER_PROFIT_YOY":326.0471400691,"GROSS_PROFIT_RATIO":6.99590449778,"EPS_TTM":0.039788045323,"OPERATE_INCOME_QOQ":0,"NET_PROFIT_RATIO":4.6843752789,"ROE_AVG":21.844114658703,"GROSS_PROFIT_QOQ":0,"ROA":16.39928286726,"HOLDER_PROFIT_QOQ":0,"ROE_YEARLY":21.844114658703,"ROIC_YEARLY":25.412019646207,"TOTAL_ASSETS":322356601.35,"TOTAL_LIABILITIES":70120341,"TAX_EBT":15.943533319494,"OCF_SALES":10.873161734325,"TOTAL_PARENT_EQUITY":252302791.51,"DEBT_ASSET_RATIO":21.7524135403,"OPERATE_PROFIT":59147076.65,"PRETAX_PROFIT":59035899.58,"NETCASH_OPERATE":115183821.57,"NETCASH_INVEST":2364482.41,"NETCASH_FINANCE":-3488508.85,"END_CASH":164519302.94,"DIVI_RATIO":null,"DIVIDEND_RATE":null,"CURRENT_RATIO":4.517877652934,"COMMON_ACS":780000000,"CURRENTDEBT_DEBT":100,"ISSUED_COMMON_SHARES":372000000,"HK_COMMON_SHARES":372000000,"PER_SHARES":4000,"TOTAL_MARKET_CAP":3623280000,"HKSK_MARKET_CAP":3623280000,"PE_TTM":118.133741971243,"PB_TTM":12.832447326573,"REPORT_DATE_SQ":"2021-12-31 00:00:00","REPORT_TYPE_SQ":"2021年年报","OPERATE_INCOME_SQ":862831916.98,"DPS_HKD":null,"OPERATE_INCOME_QOQ_SQ":0,"NET_PROFIT_RATIO_SQ":1.2521877097,"HOLDER_PROFIT_SQ":10804275.22,"HOLDER_PROFIT_QOQ_SQ":0,"ROE_AVG_SQ":5.926367486387,"PE_TTM_SQ":6.82583717425,"PB_TTM_SQ":1.035037859968,"ROA_SQ":4.311759432176,"START_DATE":"2022-04-01 00:00:00","FISCAL_YEAR":"3-31","CURRENCY":"HKD","IS_CNY_CODE":0,"DPS_HKD_LY":null,"ORG_TYPE":"一般企业","PREMIUM_INCOME":null,"PREMIUM_INCOME_YOY":null,"NET_INTEREST_INCOME":null,"NET_INTEREST_INCOME_YOY":null,"FEE_COMMISSION_INCOME":null,"FEE_COMMISSION_INCOME_YOY":null,"ACCOUNTS_RECE_TDAYS":10.502723087004,"INVENTORY_TDAYS":null,"CURRENT_ASSETS_TDAYS":3.550994776689,"TOTAL_ASSETS_TDAYS":3.496406390629,"PREMIUM_EXPENSE":null,"LOAN_DEPOSIT":null,"LOAN_EQUITY":null,"LOAN_ASSETS":null,"DEPOSIT_EQUITY":null,"DEPOSIT_ASSETS":null,"EQUITY_MULTIPLIER":1.27799468999,"EQUITY_RATIO":0.277921383986},{"SECUCODE":"09900.HK","SECURITY_CODE":"09900","SECURITY_NAME_ABBR":"德益控股","ORG_CODE":"10708208","STD_REPORT_DATE":"2022-06-30 00:00:00","REPORT_DATE":"2022-09-30 00:00:00","DATE_TYPE_CODE":"002","REPORT_TYPE":"2022年中报","PER_NETCASH_OPERATE":0.09526768,"PER_OI":1.473819018065,"BPS":0.62270937129,"BASIC_EPS":0.059964372,"DILUTED_EPS":null,"OPERATE_INCOME":548260674.72,"OPERATE_INCOME_YOY":5.1104965191,"GROSS_PROFIT":36147753.48,"GROSS_PROFIT_YOY":19.207518131881,"HOLDER_PROFIT":22312534.8,"HOLDER_PROFIT_YOY":12.20776858,"GROSS_PROFIT_RATIO":6.593169115852,"EPS_TTM":0.029043750591,"OPERATE_INCOME_QOQ":0,"NET_PROFIT_RATIO":4.0696945502,"ROE_AVG":10.119448045023,"GROSS_PROFIT_QOQ":0,"ROA":7.456168188426,"HOLDER_PROFIT_QOQ":0,"ROE_YEARLY":20.238896090046,"ROIC_YEARLY":19.669556239025,"TOTAL_ASSETS":305490889.92,"TOTAL_LIABILITIES":73843003.8,"TAX_EBT":16.154029160861,"OCF_SALES":6.464001266934,"TOTAL_PARENT_EQUITY":231647886.12,"DEBT_ASSET_RATIO":24.1719168186,"OPERATE_PROFIT":26622191.4,"PRETAX_PROFIT":26611338.12,"NETCASH_OPERATE":35439576.96,"NETCASH_INVEST":8521633.68,"NETCASH_FINANCE":-3475762.92,"END_CASH":92618273.76,"DIVI_RATIO":null,"DIVIDEND_RATE":null,"CURRENT_RATIO":4.095413068773,"COMMON_ACS":780000000,"CURRENTDEBT_DEBT":100,"ISSUED_COMMON_SHARES":372000000,"HK_COMMON_SHARES":372000000,"PER_SHARES":4000,"TOTAL_MARKET_CAP":3623280000,"HKSK_MARKET_CAP":3623280000,"PE_TTM":118.133741971243,"PB_TTM":12.832447326573,"REPORT_DATE_SQ":"2021-06-30 00:00:00","REPORT_TYPE_SQ":"2021年中报","OPERATE_INCOME_SQ":480438197.9,"DPS_HKD":null,"OPERATE_INCOME_QOQ_SQ":0,"NET_PROFIT_RATIO_SQ":3.8122816296,"HOLDER_PROFIT_SQ":18315657.16,"HOLDER_PROFIT_QOQ_SQ":0,"ROE_AVG_SQ":9.595677449765,"PE_TTM_SQ":6.82583717425,"PB_TTM_SQ":1.035037859968,"ROA_SQ":6.139385782181,"START_DATE":"2022-04-01 00:00:00","FISCAL_YEAR":"3-31","CURRENCY":"HKD","IS_CNY_CODE":0,"DPS_HKD_LY":null,"ORG_TYPE":"一般企业","PREMIUM_INCOME":null,"PREMIUM_INCOME_YOY":null,"NET_INTEREST_INCOME":null,"NET_INTEREST_INCOME_YOY":null,"FEE_COMMISSION_INCOME":null,"FEE_COMMISSION_INCOME_YOY":null,"ACCOUNTS_RECE_TDAYS":4.102753609946,"INVENTORY_TDAYS":null,"CURRENT_ASSETS_TDAYS":1.853649885024,"TOTAL_ASSETS_TDAYS":1.832119854806,"PREMIUM_EXPENSE":null,"LOAN_DEPOSIT":null,"LOAN_EQUITY":null,"LOAN_ASSETS":null,"DEPOSIT_EQUITY":null,"DEPOSIT_ASSETS":null,"EQUITY_MULTIPLIER":1.318772620966,"EQUITY_RATIO":0.318772620967},{"SECUCODE":"09900.HK","SECURITY_CODE":"09900","SECURITY_NAME_ABBR":"德益控股","ORG_CODE":"10708208","STD_REPORT_DATE":"2021-12-31 00:00:00","REPORT_DATE":"2022-03-31 00:00:00","DATE_TYPE_CODE":"001","REPORT_TYPE":"2021年年报","PER_NETCASH_OPERATE":0.085164770538,"PER_OI":2.319440637043,"BPS":0.504598649274,"BASIC_EPS":0.029034158,"DILUTED_EPS":null,"OPERATE_INCOME":862831916.98,"OPERATE_INCOME_YOY":11.8422200707,"GROSS_PROFIT":44367924.07,"GROSS_PROFIT_YOY":-13.275451255576,"HOLDER_PROFIT":10804275.22,"HOLDER_PROFIT_YOY":-60.9004461141,"GROSS_PROFIT_RATIO":5.142128286734,"EPS_TTM":0.069879653441,"OPERATE_INCOME_QOQ":0,"NET_PROFIT_RATIO":1.2521877097,"ROE_AVG":5.926367486387,"GROSS_PROFIT_QOQ":0,"ROA":4.311759432176,"HOLDER_PROFIT_QOQ":0,"ROE_YEARLY":5.926367486387,"ROIC_YEARLY":5.345274134884,"TOTAL_ASSETS":262739665.66,"TOTAL_LIABILITIES":75028968.13,"TAX_EBT":29.516956774774,"OCF_SALES":3.67178056543,"TOTAL_PARENT_EQUITY":187710697.53,"DEBT_ASSET_RATIO":28.5563917201,"OPERATE_PROFIT":15497590.09,"PRETAX_PROFIT":15328900.01,"NETCASH_OPERATE":31681294.64,"NETCASH_INVEST":-31831331.49,"NETCASH_FINANCE":-3253772.12,"END_CASH":46747427.41,"DIVI_RATIO":null,"DIVIDEND_RATE":null,"CURRENT_RATIO":3.455492741561,"COMMON_ACS":780000000,"CURRENTDEBT_DEBT":100,"ISSUED_COMMON_SHARES":372000000,"HK_COMMON_SHARES":372000000,"PER_SHARES":4000,"TOTAL_MARKET_CAP":3623280000,"HKSK_MARKET_CAP":3623280000,"PE_TTM":118.133741971243,"PB_TTM":12.832447326573,"REPORT_DATE_SQ":"2020-12-31 00:00:00","REPORT_TYPE_SQ":"2020年年报","OPERATE_INCOME_SQ":803976629.82,"DPS_HKD":null,"OPERATE_INCOME_QOQ_SQ":0,"NET_PROFIT_RATIO_SQ":3.5818171688,"HOLDER_PROFIT_SQ":28796972.96,"HOLDER_PROFIT_QOQ_SQ":0,"ROE_AVG_SQ":16.943235784082,"PE_TTM_SQ":6.82583717425,"PB_TTM_SQ":1.035037859968,"ROA_SQ":11.71813470077,"START_DATE":"2021-04-01 00:00:00","FISCAL_YEAR":"3-31","CURRENCY":"HKD","IS_CNY_CODE":0,"DPS_HKD_LY":null,"ORG_TYPE":"一般企业","PREMIUM_INCOME":null,"PREMIUM_INCOME_YOY":null,"NET_INTEREST_INCOME":null,"NET_INTEREST_INCOME_YOY":null,"FEE_COMMISSION_INCOME":null,"FEE_COMMISSION_INCOME_YOY":null,"ACCOUNTS_RECE_TDAYS":9.014174962932,"INVENTORY_TDAYS":null,"CURRENT_ASSETS_TDAYS":3.483182375503,"TOTAL_ASSETS_TDAYS":3.443381051173,"PREMIUM_EXPENSE":null,"LOAN_DEPOSIT":null,"LOAN_EQUITY":null,"LOAN_ASSETS":null,"DEPOSIT_EQUITY":null,"DEPOSIT_ASSETS":null,"EQUITY_MULTIPLIER":1.399705339745,"EQUITY_RATIO":0.399705339745},{"SECUCODE":"09900.HK","SECURITY_CODE":"09900","SECURITY_NAME_ABBR":"德益控股","ORG_CODE":"10708208","STD_REPORT_DATE":"2021-06-30 00:00:00","REPORT_DATE":"2021-09-30 00:00:00","DATE_TYPE_CODE":"002","REPORT_TYPE":"2021年中报","PER_NETCASH_OPERATE":-0.015642269086,"PER_OI":1.291500531989,"BPS":0.537720075323,"BASIC_EPS":0.049233846,"DILUTED_EPS":null,"OPERATE_INCOME":480438197.9,"OPERATE_INCOME_YOY":22.5496550127,"GROSS_PROFIT":30323384,"GROSS_PROFIT_YOY":10.51942484902,"HOLDER_PROFIT":18315657.16,"HOLDER_PROFIT_YOY":-8.5136484687,"GROSS_PROFIT_RATIO":6.311609720573,"EPS_TTM":0.077411217634,"OPERATE_INCOME_QOQ":0,"NET_PROFIT_RATIO":3.8122816296,"ROE_AVG":9.595677449765,"GROSS_PROFIT_QOQ":0,"ROA":6.139385782181,"HOLDER_PROFIT_QOQ":0,"ROE_YEARLY":19.19135489953,"ROIC_YEARLY":14.675628950759,"TOTAL_ASSETS":351764583.36,"TOTAL_LIABILITIES":151732715.34,"TAX_EBT":16.634436734539,"OCF_SALES":-1.211170162038,"TOTAL_PARENT_EQUITY":200031868.02,"DEBT_ASSET_RATIO":43.1347334319,"OPERATE_PROFIT":22068592.46,"PRETAX_PROFIT":21970291.38,"NETCASH_OPERATE":-5818924.1,"NETCASH_INVEST":-1309570.32,"NETCASH_FINANCE":1546992.42,"END_CASH":45933262.28,"DIVI_RATIO":null,"DIVIDEND_RATE":null,"CURRENT_RATIO":2.292971583042,"COMMON_ACS":780000000,"CURRENTDEBT_DEBT":99.925880783358,"ISSUED_COMMON_SHARES":372000000,"HK_COMMON_SHARES":372000000,"PER_SHARES":4000,"TOTAL_MARKET_CAP":3623280000,"HKSK_MARKET_CAP":3623280000,"PE_TTM":118.133741971243,"PB_TTM":12.832447326573,"REPORT_DATE_SQ":"2020-06-30 00:00:00","REPORT_TYPE_SQ":"2020年中报","OPERATE_INCOME_SQ":413522995.84,"DPS_HKD":null,"OPERATE_INCOME_QOQ_SQ":0,"NET_PROFIT_RATIO_SQ":5.1067048876,"HOLDER_PROFIT_SQ":21117399.04,"HOLDER_PROFIT_QOQ_SQ":0,"ROE_AVG_SQ":12.256534489354,"PE_TTM_SQ":6.82583717425,"PB_TTM_SQ":1.035037859968,"ROA_SQ":8.169467499069,"START_DATE":"2021-04-01 00:00:00","FISCAL_YEAR":"3-31","CURRENCY":"HKD","IS_CNY_CODE":0,"DPS_HKD_LY":null,"ORG_TYPE":"一般企业","PREMIUM_INCOME":null,"PREMIUM_INCOME_YOY":null,"NET_INTEREST_INCOME":null,"NET_INTEREST_INCOME_YOY":null,"FEE_COMMISSION_INCOME":null,"FEE_COMMISSION_INCOME_YOY":null,"ACCOUNTS_RECE_TDAYS":4.019382019535,"INVENTORY_TDAYS":null,"CURRENT_ASSETS_TDAYS":1.627922075173,"TOTAL_ASSETS_TDAYS":1.610422937947,"PREMIUM_EXPENSE":null,"LOAN_DEPOSIT":null,"LOAN_EQUITY":null,"LOAN_ASSETS":null,"DEPOSIT_EQUITY":null,"DEPOSIT_ASSETS":null,"EQUITY_MULTIPLIER":1.75854271043,"EQUITY_RATIO":0.758542710429},{"SECUCODE":"09900.HK","SECURITY_CODE":"09900","SECURITY_NAME_ABBR":"德益控股","ORG_CODE":"10708208","STD_REPORT_DATE":"2020-12-31 00:00:00","REPORT_DATE":"2021-03-31 00:00:00","DATE_TYPE_CODE":"001","REPORT_TYPE":"2020年年报","PER_NETCASH_OPERATE":-0.022176887043,"PER_OI":2.161227499516,"BPS":0.495591286505,"BASIC_EPS":0.077418488,"DILUTED_EPS":null,"OPERATE_INCOME":803976629.82,"OPERATE_INCOME_YOY":1.9818539114,"GROSS_PROFIT":51159590.58,"GROSS_PROFIT_YOY":-25.510301247008,"HOLDER_PROFIT":28796972.96,"HOLDER_PROFIT_YOY":39.0750642883,"GROSS_PROFIT_RATIO":6.363318121754,"EPS_TTM":0.078741585484,"OPERATE_INCOME_QOQ":0,"NET_PROFIT_RATIO":3.5818171688,"ROE_AVG":16.943235784082,"GROSS_PROFIT_QOQ":0,"ROA":11.71813470077,"HOLDER_PROFIT_QOQ":0,"ROE_YEARLY":16.943235784082,"ROIC_YEARLY":15.269816656434,"TOTAL_ASSETS":248459254.96,"TOTAL_LIABILITIES":64099296.38,"TAX_EBT":14.074597130104,"OCF_SALES":-1.026124600394,"TOTAL_PARENT_EQUITY":184359958.58,"DEBT_ASSET_RATIO":25.7987155239,"OPERATE_PROFIT":33678732.64,"PRETAX_PROFIT":33513922.54,"NETCASH_OPERATE":-8249801.98,"NETCASH_INVEST":4225.9,"NETCASH_FINANCE":-1544989.04,"END_CASH":52264240.84,"DIVI_RATIO":null,"DIVIDEND_RATE":null,"CURRENT_RATIO":3.840814065447,"COMMON_ACS":780000000,"CURRENTDEBT_DEBT":99.968354847642,"ISSUED_COMMON_SHARES":372000000,"HK_COMMON_SHARES":372000000,"PER_SHARES":4000,"TOTAL_MARKET_CAP":3623280000,"HKSK_MARKET_CAP":3623280000,"PE_TTM":118.133741971243,"PB_TTM":12.832447326573,"REPORT_DATE_SQ":"2019-12-31 00:00:00","REPORT_TYPE_SQ":"2019年年报","OPERATE_INCOME_SQ":852265553.1,"DPS_HKD":null,"OPERATE_INCOME_QOQ_SQ":0,"NET_PROFIT_RATIO_SQ":2.6264978349,"HOLDER_PROFIT_SQ":22384736.3,"HOLDER_PROFIT_QOQ_SQ":0,"ROE_AVG_SQ":14.25939776322,"PE_TTM_SQ":6.82583717425,"PB_TTM_SQ":1.035037859968,"ROA_SQ":8.605591403893,"START_DATE":"2020-04-01 00:00:00","FISCAL_YEAR":"3-31","CURRENCY":"HKD","IS_CNY_CODE":0,"DPS_HKD_LY":null,"ORG_TYPE":"一般企业","PREMIUM_INCOME":null,"PREMIUM_INCOME_YOY":null,"NET_INTEREST_INCOME":null,"NET_INTEREST_INCOME_YOY":null,"FEE_COMMISSION_INCOME":null,"FEE_COMMISSION_INCOME_YOY":null,"ACCOUNTS_RECE_TDAYS":10.197343595901,"INVENTORY_TDAYS":null,"CURRENT_ASSETS_TDAYS":3.30793853922,"TOTAL_ASSETS_TDAYS":3.271561374728,"PREMIUM_EXPENSE":null,"LOAN_DEPOSIT":null,"LOAN_EQUITY":null,"LOAN_ASSETS":null,"DEPOSIT_EQUITY":null,"DEPOSIT_ASSETS":null,"EQUITY_MULTIPLIER":1.347685565096,"EQUITY_RATIO":0.347685565096},{"SECUCODE":"09900.HK","SECURITY_CODE":"09900","SECURITY_NAME_ABBR":"德益控股","ORG_CODE":"10708208","STD_REPORT_DATE":"2020-06-30 00:00:00","REPORT_DATE":"2020-09-30 00:00:00","DATE_TYPE_CODE":"002","REPORT_TYPE":"2020年中报","PER_NETCASH_OPERATE":-0.042140765591,"PER_OI":1.111620956559,"BPS":0.491542267527,"BASIC_EPS":0.056765312,"DILUTED_EPS":null,"OPERATE_INCOME":413522995.84,"OPERATE_INCOME_YOY":-8.4564523439,"GROSS_PROFIT":27437153.28,"GROSS_PROFIT_YOY":-18.07096507639,"HOLDER_PROFIT":21117399.04,"HOLDER_PROFIT_YOY":52.545385299,"GROSS_PROFIT_RATIO":6.634976423564,"EPS_TTM":0.060174022312,"OPERATE_INCOME_QOQ":0,"NET_PROFIT_RATIO":5.1067048876,"ROE_AVG":12.256534489354,"GROSS_PROFIT_QOQ":0,"ROA":8.169467499069,"HOLDER_PROFIT_QOQ":0,"ROE_YEARLY":24.513068978707,"ROIC_YEARLY":20.712465013456,"TOTAL_ASSETS":264304037.76,"TOTAL_LIABILITIES":81450314.24,"TAX_EBT":16.250217807981,"OCF_SALES":-3.79092939394,"TOTAL_PARENT_EQUITY":182853723.52,"DEBT_ASSET_RATIO":30.8169012211,"OPERATE_PROFIT":25337891.2,"PRETAX_PROFIT":25214870.4,"NETCASH_OPERATE":-15676364.8,"NETCASH_INVEST":57116.8,"NETCASH_FINANCE":-4252126.08,"END_CASH":44646005.76,"DIVI_RATIO":null,"DIVIDEND_RATE":null,"CURRENT_RATIO":3.218380994566,"COMMON_ACS":780000000,"CURRENTDEBT_DEBT":99.860829413542,"ISSUED_COMMON_SHARES":372000000,"HK_COMMON_SHARES":372000000,"PER_SHARES":4000,"TOTAL_MARKET_CAP":3623280000,"HKSK_MARKET_CAP":3623280000,"PE_TTM":118.133741971243,"PB_TTM":12.832447326573,"REPORT_DATE_SQ":"2019-06-30 00:00:00","REPORT_TYPE_SQ":"2019年中报","OPERATE_INCOME_SQ":463695378.69,"DPS_HKD":null,"OPERATE_INCOME_QOQ_SQ":12.690774530163,"NET_PROFIT_RATIO_SQ":3.0645691532,"HOLDER_PROFIT_SQ":14210265.54,"HOLDER_PROFIT_QOQ_SQ":8.33763380847,"ROE_AVG_SQ":9.408912008696,"PE_TTM_SQ":6.82583717425,"PB_TTM_SQ":1.035037859968,"ROA_SQ":5.591005557645,"START_DATE":"2020-04-01 00:00:00","FISCAL_YEAR":"3-31","CURRENCY":"HKD","IS_CNY_CODE":0,"DPS_HKD_LY":null,"ORG_TYPE":"一般企业","PREMIUM_INCOME":null,"PREMIUM_INCOME_YOY":null,"NET_INTEREST_INCOME":null,"NET_INTEREST_INCOME_YOY":null,"FEE_COMMISSION_INCOME":null,"FEE_COMMISSION_INCOME_YOY":null,"ACCOUNTS_RECE_TDAYS":4.351074600232,"INVENTORY_TDAYS":null,"CURRENT_ASSETS_TDAYS":1.61763042787,"TOTAL_ASSETS_TDAYS":1.599753202671,"PREMIUM_EXPENSE":null,"LOAN_DEPOSIT":null,"LOAN_EQUITY":null,"LOAN_ASSETS":null,"DEPOSIT_EQUITY":null,"DEPOSIT_ASSETS":null,"EQUITY_MULTIPLIER":1.445439735499,"EQUITY_RATIO":0.4454397355}],"count":24},"success":true,"message":"ok","code":0}