{"version":"de40f2221b3cb096598f1a3ebc4ae8ef","result":{"pages":2,"data":[{"SECUCODE":"09908.HK","SECURITY_CODE":"09908","SECURITY_NAME_ABBR":"嘉兴燃气","ORG_CODE":"10000061700","STD_REPORT_DATE":"2024-06-30 00:00:00","REPORT_DATE":"2024-06-30 00:00:00","DATE_TYPE_CODE":"002","REPORT_TYPE":"2024年中报","PER_NETCASH_OPERATE":-0.39167322599,"PER_OI":11.001701192286,"BPS":7.688148602229,"BASIC_EPS":0.65,"DILUTED_EPS":0.65,"OPERATE_INCOME":1516524000,"OPERATE_INCOME_YOY":24.4986269657,"GROSS_PROFIT":124333000,"GROSS_PROFIT_YOY":21.766169154229,"HOLDER_PROFIT":89146000,"HOLDER_PROFIT_YOY":-44.0396228547,"GROSS_PROFIT_RATIO":8.198551424178,"EPS_TTM":1.224916481978,"OPERATE_INCOME_QOQ":10.093716080897,"NET_PROFIT_RATIO":6.3773471439,"ROE_AVG":8.549817750755,"GROSS_PROFIT_QOQ":8.368980735341,"ROA":3.391774795833,"HOLDER_PROFIT_QOQ":-29.353483623705,"ROE_YEARLY":17.09963550151,"ROIC_YEARLY":7.630143543434,"TOTAL_ASSETS":2601859000,"TOTAL_LIABILITIES":1492418000,"TAX_EBT":11.892354784637,"OCF_SALES":-3.560115105333,"TOTAL_PARENT_EQUITY":1059769000,"DEBT_ASSET_RATIO":57.3596801364,"OPERATE_PROFIT":67698000,"PRETAX_PROFIT":109768000,"NETCASH_OPERATE":-53990000,"NETCASH_INVEST":-67250000,"NETCASH_FINANCE":-75116000,"END_CASH":147498000,"DIVI_RATIO":0.488326613937,"DIVIDEND_RATE":8.664473684211,"CURRENT_RATIO":0.894274748722,"COMMON_ACS":null,"CURRENTDEBT_DEBT":58.818172924744,"ISSUED_COMMON_SHARES":137844500,"HK_COMMON_SHARES":37844500,"PER_SHARES":500,"TOTAL_MARKET_CAP":1047618200,"HKSK_MARKET_CAP":287618200,"PE_TTM":5.553832731572,"PB_TTM":0.902215651501,"REPORT_DATE_SQ":"2023-06-30 00:00:00","REPORT_TYPE_SQ":"2023年中报","OPERATE_INCOME_SQ":1218105000,"DPS_HKD":0.6585,"OPERATE_INCOME_QOQ_SQ":-2.493713279377,"NET_PROFIT_RATIO_SQ":13.5236289154,"HOLDER_PROFIT_SQ":159302000,"HOLDER_PROFIT_QOQ_SQ":188.532533456391,"ROE_AVG_SQ":17.615180047438,"PE_TTM_SQ":4.700498035401,"PB_TTM_SQ":0.97255348324,"ROA_SQ":6.543919397014,"START_DATE":"2024-01-01 00:00:00","FISCAL_YEAR":"12-31","CURRENCY":"HKD","IS_CNY_CODE":0,"DPS_HKD_LY":0.6585,"ORG_TYPE":"一般企业","PREMIUM_INCOME":null,"PREMIUM_INCOME_YOY":null,"NET_INTEREST_INCOME":null,"NET_INTEREST_INCOME_YOY":null,"FEE_COMMISSION_INCOME":null,"FEE_COMMISSION_INCOME_YOY":null,"ACCOUNTS_RECE_TDAYS":6.415089710427,"INVENTORY_TDAYS":13.39405047094,"CURRENT_ASSETS_TDAYS":1.817671224257,"TOTAL_ASSETS_TDAYS":0.576998169349,"PREMIUM_EXPENSE":null,"LOAN_DEPOSIT":null,"LOAN_EQUITY":null,"LOAN_ASSETS":null,"DEPOSIT_EQUITY":null,"DEPOSIT_ASSETS":null,"EQUITY_MULTIPLIER":2.345198167366,"EQUITY_RATIO":1.408248401303},{"SECUCODE":"09908.HK","SECURITY_CODE":"09908","SECURITY_NAME_ABBR":"嘉兴燃气","ORG_CODE":"10000061700","STD_REPORT_DATE":"2023-12-31 00:00:00","REPORT_DATE":"2023-12-31 00:00:00","DATE_TYPE_CODE":"001","REPORT_TYPE":"2023年年报","PER_NETCASH_OPERATE":1.660015452194,"PER_OI":21.447957662439,"BPS":7.439992165085,"BASIC_EPS":1.73,"DILUTED_EPS":1.73,"OPERATE_INCOME":2956483000,"OPERATE_INCOME_YOY":-14.7013187399,"GROSS_PROFIT":265564000,"GROSS_PROFIT_YOY":60.208975573265,"HOLDER_PROFIT":239004000,"HOLDER_PROFIT_YOY":244.6642824181,"GROSS_PROFIT_RATIO":8.982429460951,"EPS_TTM":1.733866784674,"OPERATE_INCOME_QOQ":-12.519813717765,"NET_PROFIT_RATIO":8.4733448493,"ROE_AVG":25.599626401663,"GROSS_PROFIT_QOQ":53.066353114769,"ROA":10.102530514732,"HOLDER_PROFIT_QOQ":19.454218312675,"ROE_YEARLY":25.599626401663,"ROIC_YEARLY":11.690149697443,"TOTAL_ASSETS":2654740000,"TOTAL_LIABILITIES":1586324000,"TAX_EBT":11.261264452505,"OCF_SALES":7.739736707432,"TOTAL_PARENT_EQUITY":1025562000,"DEBT_ASSET_RATIO":59.754401561,"OPERATE_PROFIT":166209000,"PRETAX_PROFIT":282304000,"NETCASH_OPERATE":228824000,"NETCASH_INVEST":181281000,"NETCASH_FINANCE":73015000,"END_CASH":343216000,"DIVI_RATIO":0.344985741285,"DIVIDEND_RATE":8.664473684211,"CURRENT_RATIO":0.935578580474,"COMMON_ACS":null,"CURRENTDEBT_DEBT":59.539160978463,"ISSUED_COMMON_SHARES":137844500,"HK_COMMON_SHARES":37844500,"PER_SHARES":500,"TOTAL_MARKET_CAP":1047618200,"HKSK_MARKET_CAP":287618200,"PE_TTM":5.553832731572,"PB_TTM":0.902215651501,"REPORT_DATE_SQ":"2022-12-31 00:00:00","REPORT_TYPE_SQ":"2022年年报","OPERATE_INCOME_SQ":3466036000,"DPS_HKD":0.6585,"OPERATE_INCOME_QOQ_SQ":44.707823493359,"NET_PROFIT_RATIO_SQ":2.2048818881,"HOLDER_PROFIT_SQ":69344000,"HOLDER_PROFIT_QOQ_SQ":-19.000116808784,"ROE_AVG_SQ":8.483338920058,"PE_TTM_SQ":4.617921718563,"PB_TTM_SQ":0.95546808421,"ROA_SQ":3.424866932284,"START_DATE":"2023-01-01 00:00:00","FISCAL_YEAR":"12-31","CURRENCY":"HKD","IS_CNY_CODE":0,"DPS_HKD_LY":0.4388,"ORG_TYPE":"一般企业","PREMIUM_INCOME":null,"PREMIUM_INCOME_YOY":null,"NET_INTEREST_INCOME":null,"NET_INTEREST_INCOME_YOY":null,"FEE_COMMISSION_INCOME":null,"FEE_COMMISSION_INCOME_YOY":null,"ACCOUNTS_RECE_TDAYS":13.321031265066,"INVENTORY_TDAYS":72.827924977672,"CURRENT_ASSETS_TDAYS":3.901328095464,"TOTAL_ASSETS_TDAYS":1.249684512552,"PREMIUM_EXPENSE":null,"LOAN_DEPOSIT":null,"LOAN_EQUITY":null,"LOAN_ASSETS":null,"DEPOSIT_EQUITY":null,"DEPOSIT_ASSETS":null,"EQUITY_MULTIPLIER":2.484743770218,"EQUITY_RATIO":1.54678507979},{"SECUCODE":"09908.HK","SECURITY_CODE":"09908","SECURITY_NAME_ABBR":"嘉兴燃气","ORG_CODE":"10000061700","STD_REPORT_DATE":"2023-06-30 00:00:00","REPORT_DATE":"2023-06-30 00:00:00","DATE_TYPE_CODE":"002","REPORT_TYPE":"2023年中报","PER_NETCASH_OPERATE":1.598837820878,"PER_OI":8.836805240688,"BPS":7.015194657748,"BASIC_EPS":1.16,"DILUTED_EPS":1.16,"OPERATE_INCOME":1218105000,"OPERATE_INCOME_YOY":-6.6255639928,"GROSS_PROFIT":102108000,"GROSS_PROFIT_YOY":8.196200184375,"HOLDER_PROFIT":159302000,"HOLDER_PROFIT_YOY":457.6629559616,"GROSS_PROFIT_RATIO":8.382528599751,"EPS_TTM":1.451490628933,"OPERATE_INCOME_QOQ":-2.493713279377,"NET_PROFIT_RATIO":13.5236289154,"ROE_AVG":17.615180047438,"GROSS_PROFIT_QOQ":4.66635698385,"ROA":6.543919397014,"HOLDER_PROFIT_QOQ":188.532533456391,"ROE_YEARLY":35.230360094875,"ROIC_YEARLY":15.50347084097,"TOTAL_ASSETS":2791876000,"TOTAL_LIABILITIES":1783615000,"TAX_EBT":5.078768741429,"OCF_SALES":18.092939442823,"TOTAL_PARENT_EQUITY":967006000,"DEBT_ASSET_RATIO":63.8858960785,"OPERATE_PROFIT":39693000,"PRETAX_PROFIT":173546000,"NETCASH_OPERATE":220391000,"NETCASH_INVEST":-31414000,"NETCASH_FINANCE":46966000,"END_CASH":460833000,"DIVI_RATIO":0.412100020542,"DIVIDEND_RATE":8.664473684211,"CURRENT_RATIO":1.071304252681,"COMMON_ACS":null,"CURRENTDEBT_DEBT":60.464225743784,"ISSUED_COMMON_SHARES":137844500,"HK_COMMON_SHARES":37844500,"PER_SHARES":500,"TOTAL_MARKET_CAP":1047618200,"HKSK_MARKET_CAP":287618200,"PE_TTM":5.553832731572,"PB_TTM":0.902215651501,"REPORT_DATE_SQ":"2022-06-30 00:00:00","REPORT_TYPE_SQ":"2022年中报","OPERATE_INCOME_SQ":1304538000,"DPS_HKD":0.6585,"OPERATE_INCOME_QOQ_SQ":20.44919094437,"NET_PROFIT_RATIO_SQ":2.5080143315,"HOLDER_PROFIT_SQ":28566000,"HOLDER_PROFIT_QOQ_SQ":-27.065939683081,"ROE_AVG_SQ":3.583896179172,"PE_TTM_SQ":4.617921718563,"PB_TTM_SQ":0.95546808421,"ROA_SQ":1.413091252126,"START_DATE":"2023-01-01 00:00:00","FISCAL_YEAR":"12-31","CURRENCY":"HKD","IS_CNY_CODE":0,"DPS_HKD_LY":0.4388,"ORG_TYPE":"一般企业","PREMIUM_INCOME":null,"PREMIUM_INCOME_YOY":null,"NET_INTEREST_INCOME":null,"NET_INTEREST_INCOME_YOY":null,"FEE_COMMISSION_INCOME":null,"FEE_COMMISSION_INCOME_YOY":null,"ACCOUNTS_RECE_TDAYS":4.214378510598,"INVENTORY_TDAYS":8.991491898773,"CURRENT_ASSETS_TDAYS":1.363038979219,"TOTAL_ASSETS_TDAYS":0.500381723839,"PREMIUM_EXPENSE":null,"LOAN_DEPOSIT":null,"LOAN_EQUITY":null,"LOAN_ASSETS":null,"DEPOSIT_EQUITY":null,"DEPOSIT_ASSETS":null,"EQUITY_MULTIPLIER":2.769001280424,"EQUITY_RATIO":1.844471492421},{"SECUCODE":"09908.HK","SECURITY_CODE":"09908","SECURITY_NAME_ABBR":"嘉兴燃气","ORG_CODE":"10000061700","STD_REPORT_DATE":"2022-12-31 00:00:00","REPORT_DATE":"2022-12-31 00:00:00","DATE_TYPE_CODE":"001","REPORT_TYPE":"2022年年报","PER_NETCASH_OPERATE":1.096257014244,"PER_OI":25.144536053306,"BPS":6.106039776705,"BASIC_EPS":0.5,"DILUTED_EPS":0.5,"OPERATE_INCOME":3466036000,"OPERATE_INCOME_YOY":74.299402631,"GROSS_PROFIT":165761000,"GROSS_PROFIT_YOY":-30.255816888964,"HOLDER_PROFIT":69344000,"HOLDER_PROFIT_YOY":-36.0802315506,"GROSS_PROFIT_RATIO":4.782437343409,"EPS_TTM":0.503059607021,"OPERATE_INCOME_QOQ":44.707823493359,"NET_PROFIT_RATIO":2.2048818881,"ROE_AVG":8.483338920058,"GROSS_PROFIT_QOQ":-19.694106931768,"ROA":3.424866932284,"HOLDER_PROFIT_QOQ":-19.000116808784,"ROE_YEARLY":8.483338920058,"ROIC_YEARLY":3.949506866956,"TOTAL_ASSETS":2076827000,"TOTAL_LIABILITIES":1199318000,"TAX_EBT":25.379342667995,"OCF_SALES":4.359821998387,"TOTAL_PARENT_EQUITY":841684000,"DEBT_ASSET_RATIO":57.7476121025,"OPERATE_PROFIT":120928000,"PRETAX_PROFIT":102414000,"NETCASH_OPERATE":151113000,"NETCASH_INVEST":-115283000,"NETCASH_FINANCE":-73803000,"END_CASH":220691000,"DIVI_RATIO":1.189042629644,"DIVIDEND_RATE":8.664473684211,"CURRENT_RATIO":1.202562716921,"COMMON_ACS":null,"CURRENTDEBT_DEBT":43.819570789399,"ISSUED_COMMON_SHARES":137844500,"HK_COMMON_SHARES":37844500,"PER_SHARES":500,"TOTAL_MARKET_CAP":1047618200,"HKSK_MARKET_CAP":287618200,"PE_TTM":5.553832731572,"PB_TTM":0.902215651501,"REPORT_DATE_SQ":"2021-12-31 00:00:00","REPORT_TYPE_SQ":"2021年年报","OPERATE_INCOME_SQ":1988553000,"DPS_HKD":0.6585,"OPERATE_INCOME_QOQ_SQ":23.247358944879,"NET_PROFIT_RATIO_SQ":6.1020249397,"HOLDER_PROFIT_SQ":108486000,"HOLDER_PROFIT_QOQ_SQ":4.245115452931,"ROE_AVG_SQ":15.266977000685,"PE_TTM_SQ":4.617921718563,"PB_TTM_SQ":0.95546808421,"ROA_SQ":6.366141542246,"START_DATE":"2022-01-01 00:00:00","FISCAL_YEAR":"12-31","CURRENCY":"HKD","IS_CNY_CODE":0,"DPS_HKD_LY":0.17646,"ORG_TYPE":"一般企业","PREMIUM_INCOME":null,"PREMIUM_INCOME_YOY":null,"NET_INTEREST_INCOME":null,"NET_INTEREST_INCOME_YOY":null,"FEE_COMMISSION_INCOME":null,"FEE_COMMISSION_INCOME_YOY":null,"ACCOUNTS_RECE_TDAYS":19.670977097114,"INVENTORY_TDAYS":56.431356120582,"CURRENT_ASSETS_TDAYS":5.675434352068,"TOTAL_ASSETS_TDAYS":1.711858572119,"PREMIUM_EXPENSE":null,"LOAN_DEPOSIT":null,"LOAN_EQUITY":null,"LOAN_ASSETS":null,"DEPOSIT_EQUITY":null,"DEPOSIT_ASSETS":null,"EQUITY_MULTIPLIER":2.366730141799,"EQUITY_RATIO":1.424902932692},{"SECUCODE":"09908.HK","SECURITY_CODE":"09908","SECURITY_NAME_ABBR":"嘉兴燃气","ORG_CODE":"10000061700","STD_REPORT_DATE":"2022-06-30 00:00:00","REPORT_DATE":"2022-06-30 00:00:00","DATE_TYPE_CODE":"002","REPORT_TYPE":"2022年中报","PER_NETCASH_OPERATE":1.22010671445,"PER_OI":9.463837875287,"BPS":5.810801301467,"BASIC_EPS":0.21,"DILUTED_EPS":0.21,"OPERATE_INCOME":1304538000,"OPERATE_INCOME_YOY":45.2884802789,"GROSS_PROFIT":94373000,"GROSS_PROFIT_YOY":-24.880801712953,"HOLDER_PROFIT":28566000,"HOLDER_PROFIT_YOY":-52.6551312649,"GROSS_PROFIT_RATIO":7.234208585722,"EPS_TTM":0.621062138859,"OPERATE_INCOME_QOQ":20.44919094437,"NET_PROFIT_RATIO":2.5080143315,"ROE_AVG":3.583896179172,"GROSS_PROFIT_QOQ":-13.151849202676,"ROA":1.413091252126,"HOLDER_PROFIT_QOQ":-27.065939683081,"ROE_YEARLY":7.167792358344,"ROIC_YEARLY":3.397687714485,"TOTAL_ASSETS":2070436000,"TOTAL_LIABILITIES":1240112000,"TAX_EBT":28.062267760164,"OCF_SALES":12.892303635463,"TOTAL_PARENT_EQUITY":800987000,"DEBT_ASSET_RATIO":59.8961764575,"OPERATE_PROFIT":63775000,"PRETAX_PROFIT":45481000,"NETCASH_OPERATE":168185000,"NETCASH_INVEST":-32377000,"NETCASH_FINANCE":-25150000,"END_CASH":369322000,"DIVI_RATIO":0.963123141106,"DIVIDEND_RATE":8.664473684211,"CURRENT_RATIO":1.243111730524,"COMMON_ACS":null,"CURRENTDEBT_DEBT":44.031264918007,"ISSUED_COMMON_SHARES":137844500,"HK_COMMON_SHARES":37844500,"PER_SHARES":500,"TOTAL_MARKET_CAP":1047618200,"HKSK_MARKET_CAP":287618200,"PE_TTM":5.553832731572,"PB_TTM":0.902215651501,"REPORT_DATE_SQ":"2021-06-30 00:00:00","REPORT_TYPE_SQ":"2021年中报","OPERATE_INCOME_SQ":897895000,"DPS_HKD":0.6585,"OPERATE_INCOME_QOQ_SQ":26.67414087789,"NET_PROFIT_RATIO_SQ":6.8730753596,"HOLDER_PROFIT_SQ":60336000,"HOLDER_PROFIT_QOQ_SQ":21.703415477735,"ROE_AVG_SQ":8.059871960566,"PE_TTM_SQ":4.827538522845,"PB_TTM_SQ":0.998838712517,"ROA_SQ":3.470918488123,"START_DATE":"2022-01-01 00:00:00","FISCAL_YEAR":"12-31","CURRENCY":"HKD","IS_CNY_CODE":0,"DPS_HKD_LY":0.17646,"ORG_TYPE":"一般企业","PREMIUM_INCOME":null,"PREMIUM_INCOME_YOY":null,"NET_INTEREST_INCOME":null,"NET_INTEREST_INCOME_YOY":null,"FEE_COMMISSION_INCOME":null,"FEE_COMMISSION_INCOME_YOY":null,"ACCOUNTS_RECE_TDAYS":8.443365727212,"INVENTORY_TDAYS":29.056628690109,"CURRENT_ASSETS_TDAYS":2.057286952024,"TOTAL_ASSETS_TDAYS":0.645323544027,"PREMIUM_EXPENSE":null,"LOAN_DEPOSIT":null,"LOAN_EQUITY":null,"LOAN_ASSETS":null,"DEPOSIT_EQUITY":null,"DEPOSIT_ASSETS":null,"EQUITY_MULTIPLIER":2.49352782769,"EQUITY_RATIO":1.548229871396},{"SECUCODE":"09908.HK","SECURITY_CODE":"09908","SECURITY_NAME_ABBR":"嘉兴燃气","ORG_CODE":"10000061700","STD_REPORT_DATE":"2021-12-31 00:00:00","REPORT_DATE":"2021-12-31 00:00:00","DATE_TYPE_CODE":"001","REPORT_TYPE":"2021年年报","PER_NETCASH_OPERATE":0.958217411649,"PER_OI":14.426059799267,"BPS":5.818425834908,"BASIC_EPS":0.79,"DILUTED_EPS":0.79,"OPERATE_INCOME":1988553000,"OPERATE_INCOME_YOY":56.1225330981,"GROSS_PROFIT":237670000,"GROSS_PROFIT_YOY":6.305798579429,"HOLDER_PROFIT":108486000,"HOLDER_PROFIT_YOY":26.8698659749,"GROSS_PROFIT_RATIO":11.951906738216,"EPS_TTM":0.851539234427,"OPERATE_INCOME_QOQ":23.247358944879,"NET_PROFIT_RATIO":6.1020249397,"ROE_AVG":15.266977000685,"GROSS_PROFIT_QOQ":-8.660830265251,"ROA":6.366141542246,"HOLDER_PROFIT_QOQ":4.245115452931,"ROE_YEARLY":15.266977000685,"ROIC_YEARLY":7.709320902617,"TOTAL_ASSETS":1963721000,"TOTAL_LIABILITIES":1147842000,"TAX_EBT":24.657451641217,"OCF_SALES":6.642267015262,"TOTAL_PARENT_EQUITY":793144000,"DEBT_ASSET_RATIO":58.1888508401,"OPERATE_PROFIT":159731000,"PRETAX_PROFIT":149249000,"NETCASH_OPERATE":132085000,"NETCASH_INVEST":-268314000,"NETCASH_FINANCE":52576000,"END_CASH":258664000,"DIVI_RATIO":0.70244481266,"DIVIDEND_RATE":8.664473684211,"CURRENT_RATIO":1.354609114121,"COMMON_ACS":null,"CURRENTDEBT_DEBT":37.90826612025,"ISSUED_COMMON_SHARES":137844500,"HK_COMMON_SHARES":37844500,"PER_SHARES":500,"TOTAL_MARKET_CAP":1047618200,"HKSK_MARKET_CAP":287618200,"PE_TTM":5.553832731572,"PB_TTM":0.902215651501,"REPORT_DATE_SQ":"2020-12-31 00:00:00","REPORT_TYPE_SQ":"2020年年报","OPERATE_INCOME_SQ":1273713000,"DPS_HKD":0.6585,"OPERATE_INCOME_QOQ_SQ":2.611214049787,"NET_PROFIT_RATIO_SQ":7.4963512188,"HOLDER_PROFIT_SQ":92520000,"HOLDER_PROFIT_QOQ_SQ":18.004183460028,"ROE_AVG_SQ":17.186196801644,"PE_TTM_SQ":4.827538522845,"PB_TTM_SQ":0.998838712517,"ROA_SQ":6.027777813973,"START_DATE":"2021-01-01 00:00:00","FISCAL_YEAR":"12-31","CURRENCY":"HKD","IS_CNY_CODE":0,"DPS_HKD_LY":0.44918,"ORG_TYPE":"一般企业","PREMIUM_INCOME":null,"PREMIUM_INCOME_YOY":null,"NET_INTEREST_INCOME":null,"NET_INTEREST_INCOME_YOY":null,"FEE_COMMISSION_INCOME":null,"FEE_COMMISSION_INCOME_YOY":null,"ACCOUNTS_RECE_TDAYS":16.957987779659,"INVENTORY_TDAYS":50.934778181818,"CURRENT_ASSETS_TDAYS":3.682437362271,"TOTAL_ASSETS_TDAYS":1.078498028817,"PREMIUM_EXPENSE":null,"LOAN_DEPOSIT":null,"LOAN_EQUITY":null,"LOAN_ASSETS":null,"DEPOSIT_EQUITY":null,"DEPOSIT_ASSETS":null,"EQUITY_MULTIPLIER":2.391706566532,"EQUITY_RATIO":1.447205047255},{"SECUCODE":"09908.HK","SECURITY_CODE":"09908","SECURITY_NAME_ABBR":"嘉兴燃气","ORG_CODE":"10000061700","STD_REPORT_DATE":"2021-06-30 00:00:00","REPORT_DATE":"2021-06-30 00:00:00","DATE_TYPE_CODE":"002","REPORT_TYPE":"2021年中报","PER_NETCASH_OPERATE":0.453293384937,"PER_OI":6.513825361186,"BPS":5.524594742627,"BASIC_EPS":0.44,"DILUTED_EPS":0.44,"OPERATE_INCOME":897895000,"OPERATE_INCOME_YOY":60.8718554206,"GROSS_PROFIT":125631000,"GROSS_PROFIT_YOY":41.163185275908,"HOLDER_PROFIT":60336000,"HOLDER_PROFIT_YOY":49.8807631161,"GROSS_PROFIT_RATIO":13.99172509035,"EPS_TTM":0.816862479098,"OPERATE_INCOME_QOQ":26.67414087789,"NET_PROFIT_RATIO":6.8730753596,"ROE_AVG":8.059871960566,"GROSS_PROFIT_QOQ":16.385772815916,"ROA":3.470918488123,"HOLDER_PROFIT_QOQ":21.703415477735,"ROE_YEARLY":16.119743921133,"ROIC_YEARLY":8.653718932699,"TOTAL_ASSETS":1761640000,"TOTAL_LIABILITIES":979955000,"TAX_EBT":24.474061019936,"OCF_SALES":6.958942860802,"TOTAL_PARENT_EQUITY":761535000,"DEBT_ASSET_RATIO":55.627426716,"OPERATE_PROFIT":83000000,"PRETAX_PROFIT":81711000,"NETCASH_OPERATE":62484000,"NETCASH_INVEST":-59387000,"NETCASH_FINANCE":-38900000,"END_CASH":306514000,"DIVI_RATIO":0.732264405951,"DIVIDEND_RATE":8.664473684211,"CURRENT_RATIO":1.380758037092,"COMMON_ACS":null,"CURRENTDEBT_DEBT":36.430346291411,"ISSUED_COMMON_SHARES":137844500,"HK_COMMON_SHARES":37844500,"PER_SHARES":500,"TOTAL_MARKET_CAP":1047618200,"HKSK_MARKET_CAP":287618200,"PE_TTM":5.553832731572,"PB_TTM":0.902215651501,"REPORT_DATE_SQ":"2020-06-30 00:00:00","REPORT_TYPE_SQ":"2020年中报","OPERATE_INCOME_SQ":558143000,"DPS_HKD":0.6585,"OPERATE_INCOME_QOQ_SQ":-6.692464738126,"NET_PROFIT_RATIO_SQ":7.4000748912,"HOLDER_PROFIT_SQ":40256000,"HOLDER_PROFIT_QOQ_SQ":-9.774678358535,"ROE_AVG_SQ":11.146738438194,"PE_TTM_SQ":4.827538522845,"PB_TTM_SQ":0.998838712517,"ROA_SQ":2.906920906709,"START_DATE":"2021-01-01 00:00:00","FISCAL_YEAR":"12-31","CURRENCY":"HKD","IS_CNY_CODE":0,"DPS_HKD_LY":0.44918,"ORG_TYPE":"一般企业","PREMIUM_INCOME":null,"PREMIUM_INCOME_YOY":null,"NET_INTEREST_INCOME":null,"NET_INTEREST_INCOME_YOY":null,"FEE_COMMISSION_INCOME":null,"FEE_COMMISSION_INCOME_YOY":null,"ACCOUNTS_RECE_TDAYS":8.259505751514,"INVENTORY_TDAYS":89.408277858177,"CURRENT_ASSETS_TDAYS":1.825871228489,"TOTAL_ASSETS_TDAYS":0.516527505286,"PREMIUM_EXPENSE":null,"LOAN_DEPOSIT":null,"LOAN_EQUITY":null,"LOAN_ASSETS":null,"DEPOSIT_EQUITY":null,"DEPOSIT_ASSETS":null,"EQUITY_MULTIPLIER":2.253644370814,"EQUITY_RATIO":1.286815445121},{"SECUCODE":"09908.HK","SECURITY_CODE":"09908","SECURITY_NAME_ABBR":"嘉兴燃气","ORG_CODE":"10000061700","STD_REPORT_DATE":"2020-12-31 00:00:00","REPORT_DATE":"2020-12-31 00:00:00","DATE_TYPE_CODE":"001","REPORT_TYPE":"2020年年报","PER_NETCASH_OPERATE":1.291172299221,"PER_OI":9.24021633072,"BPS":5.336883227115,"BASIC_EPS":0.79,"DILUTED_EPS":0.79,"OPERATE_INCOME":1273713000,"OPERATE_INCOME_YOY":-4.2560052679,"GROSS_PROFIT":223572000,"GROSS_PROFIT_YOY":13.450891837719,"HOLDER_PROFIT":92520000,"HOLDER_PROFIT_YOY":6.4696540772,"GROSS_PROFIT_RATIO":17.552776802938,"EPS_TTM":0.671191088509,"OPERATE_INCOME_QOQ":2.611214049787,"NET_PROFIT_RATIO":7.4963512188,"ROE_AVG":17.186196801644,"GROSS_PROFIT_QOQ":21.039467273023,"ROA":6.027777813973,"HOLDER_PROFIT_QOQ":18.004183460028,"ROE_YEARLY":17.186196801644,"ROIC_YEARLY":7.036434386504,"TOTAL_ASSETS":1715019000,"TOTAL_LIABILITIES":960586000,"TAX_EBT":23.895681560951,"OCF_SALES":13.973399031022,"TOTAL_PARENT_EQUITY":735660000,"DEBT_ASSET_RATIO":56.0102249596,"OPERATE_PROFIT":133792000,"PRETAX_PROFIT":125462000,"NETCASH_OPERATE":177981000,"NETCASH_INVEST":-94053000,"NETCASH_FINANCE":195243000,"END_CASH":342317000,"DIVI_RATIO":0.89119079237,"DIVIDEND_RATE":8.664473684211,"CURRENT_RATIO":1.489819220946,"COMMON_ACS":null,"CURRENTDEBT_DEBT":34.280845234055,"ISSUED_COMMON_SHARES":137844500,"HK_COMMON_SHARES":37844500,"PER_SHARES":500,"TOTAL_MARKET_CAP":1047618200,"HKSK_MARKET_CAP":287618200,"PE_TTM":5.553832731572,"PB_TTM":0.902215651501,"REPORT_DATE_SQ":"2019-12-31 00:00:00","REPORT_TYPE_SQ":"2019年年报","OPERATE_INCOME_SQ":1330332000,"DPS_HKD":0.6585,"OPERATE_INCOME_QOQ_SQ":2.663966686526,"NET_PROFIT_RATIO_SQ":6.7175712529,"HOLDER_PROFIT_SQ":86898000,"HOLDER_PROFIT_QOQ_SQ":12.963107401919,"ROE_AVG_SQ":26.12931451819,"PE_TTM_SQ":4.827538522845,"PB_TTM_SQ":0.998838712517,"ROA_SQ":6.353254180249,"START_DATE":"2020-01-01 00:00:00","FISCAL_YEAR":"12-31","CURRENCY":"HKD","IS_CNY_CODE":0,"DPS_HKD_LY":null,"ORG_TYPE":"一般企业","PREMIUM_INCOME":null,"PREMIUM_INCOME_YOY":null,"NET_INTEREST_INCOME":null,"NET_INTEREST_INCOME_YOY":null,"FEE_COMMISSION_INCOME":null,"FEE_COMMISSION_INCOME_YOY":null,"ACCOUNTS_RECE_TDAYS":18.365121476462,"INVENTORY_TDAYS":127.367010309278,"CURRENT_ASSETS_TDAYS":3.868440354434,"TOTAL_ASSETS_TDAYS":0.829837760783,"PREMIUM_EXPENSE":null,"LOAN_DEPOSIT":null,"LOAN_EQUITY":null,"LOAN_ASSETS":null,"DEPOSIT_EQUITY":null,"DEPOSIT_ASSETS":null,"EQUITY_MULTIPLIER":2.27325554423,"EQUITY_RATIO":1.305747220183},{"SECUCODE":"09908.HK","SECURITY_CODE":"09908","SECURITY_NAME_ABBR":"嘉兴燃气","ORG_CODE":"10000061700","STD_REPORT_DATE":"2020-06-30 00:00:00","REPORT_DATE":"2020-06-30 00:00:00","DATE_TYPE_CODE":"002","REPORT_TYPE":"2020年中报","PER_NETCASH_OPERATE":0.58777,"PER_OI":5.58143,"BPS":2.765971801559,"BASIC_EPS":0.4,"DILUTED_EPS":0.4,"OPERATE_INCOME":558143000,"OPERATE_INCOME_YOY":-13.7570208985,"GROSS_PROFIT":88997000,"GROSS_PROFIT_YOY":-12.190188649459,"HOLDER_PROFIT":40256000,"HOLDER_PROFIT_YOY":-17.4235897436,"GROSS_PROFIT_RATIO":15.945196840236,"EPS_TTM":0.78404,"OPERATE_INCOME_QOQ":-6.692464738126,"NET_PROFIT_RATIO":7.4000748912,"ROE_AVG":11.146738438194,"GROSS_PROFIT_QOQ":-6.269504985665,"ROA":2.906920906709,"HOLDER_PROFIT_QOQ":-9.774678358535,"ROE_YEARLY":22.293476876388,"ROIC_YEARLY":6.318162716703,"TOTAL_ASSETS":1414897000,"TOTAL_LIABILITIES":1016765000,"TAX_EBT":22.413825490749,"OCF_SALES":10.530813787864,"TOTAL_PARENT_EQUITY":381274000,"DEBT_ASSET_RATIO":71.8614146471,"OPERATE_PROFIT":57988000,"PRETAX_PROFIT":53235000,"NETCASH_OPERATE":58777000,"NETCASH_INVEST":-11665000,"NETCASH_FINANCE":15004000,"END_CASH":125262000,"DIVI_RATIO":0.762919389317,"DIVIDEND_RATE":8.664473684211,"CURRENT_RATIO":0.742653117275,"COMMON_ACS":null,"CURRENTDEBT_DEBT":30.43820351802,"ISSUED_COMMON_SHARES":137844500,"HK_COMMON_SHARES":37844500,"PER_SHARES":500,"TOTAL_MARKET_CAP":1047618200,"HKSK_MARKET_CAP":287618200,"PE_TTM":5.553832731572,"PB_TTM":0.902215651501,"REPORT_DATE_SQ":"2019-06-30 00:00:00","REPORT_TYPE_SQ":"2019年中报","OPERATE_INCOME_SQ":647175000,"DPS_HKD":0.6585,"OPERATE_INCOME_QOQ_SQ":2.9417325637,"NET_PROFIT_RATIO_SQ":7.5543709198,"HOLDER_PROFIT_SQ":48750000,"HOLDER_PROFIT_QOQ_SQ":12.14193040512,"ROE_AVG_SQ":15.585874172315,"PE_TTM_SQ":4.827538522845,"PB_TTM_SQ":0.998838712517,"ROA_SQ":3.486583676697,"START_DATE":"2020-01-01 00:00:00","FISCAL_YEAR":"12-31","CURRENCY":"HKD","IS_CNY_CODE":0,"DPS_HKD_LY":null,"ORG_TYPE":"一般企业","PREMIUM_INCOME":null,"PREMIUM_INCOME_YOY":null,"NET_INTEREST_INCOME":null,"NET_INTEREST_INCOME_YOY":null,"FEE_COMMISSION_INCOME":null,"FEE_COMMISSION_INCOME_YOY":null,"ACCOUNTS_RECE_TDAYS":12.013538673468,"INVENTORY_TDAYS":64.674110835401,"CURRENT_ASSETS_TDAYS":2.80641690257,"TOTAL_ASSETS_TDAYS":0.403039933335,"PREMIUM_EXPENSE":null,"LOAN_DEPOSIT":null,"LOAN_EQUITY":null,"LOAN_ASSETS":null,"DEPOSIT_EQUITY":null,"DEPOSIT_ASSETS":null,"EQUITY_MULTIPLIER":3.553838927787,"EQUITY_RATIO":2.666756715643}],"count":15},"success":true,"message":"ok","code":0}