{"version":"2540f95e7fffdc282f82dca2dd63a9b7","result":{"pages":3,"data":[{"SECUCODE":"09901.HK","SECURITY_CODE":"09901","SECURITY_NAME_ABBR":"新东方-S","ORG_CODE":"10087973","STD_REPORT_DATE":"2024-06-30 00:00:00","REPORT_DATE":"2024-11-30 00:00:00","DATE_TYPE_CODE":"002","REPORT_TYPE":"2024年中报","PER_NETCASH_OPERATE":2.156178468888,"PER_OI":10.744053262712,"BPS":16.06721588987,"BASIC_EPS":1.221909,"DILUTED_EPS":1.221909,"OPERATE_INCOME":17782743560.4,"OPERATE_INCOME_YOY":25.6105616258,"GROSS_PROFIT":10006852506.3,"GROSS_PROFIT_YOY":27.419178983382,"HOLDER_PROFIT":1993587659.7,"HOLDER_PROFIT_YOY":41.9074760043,"GROSS_PROFIT_RATIO":56.272826925222,"EPS_TTM":1.329701044271,"OPERATE_INCOME_QOQ":5.957182321701,"NET_PROFIT_RATIO":11.1084973153,"ROE_AVG":7.42027566428,"GROSS_PROFIT_QOQ":5.00297627756,"ROA":3.657629640092,"HOLDER_PROFIT_QOQ":-1.397911630009,"ROE_YEARLY":14.840551328561,"ROIC_YEARLY":12.137715486778,"TOTAL_ASSETS":54874409397.6,"TOTAL_LIABILITIES":26255640258.9,"TAX_EBT":24.707042766932,"OCF_SALES":20.068575761544,"TOTAL_PARENT_EQUITY":26593239340.2,"DEBT_ASSET_RATIO":47.8467842244,"OPERATE_PROFIT":2245473418.5,"PRETAX_PROFIT":2681673368.4,"NETCASH_OPERATE":3568743363.9,"NETCASH_INVEST":-611148567.9,"NETCASH_FINANCE":-2816953070.1,"END_CASH":11579909402.1,"DIVI_RATIO":0.319976661689,"DIVIDEND_RATE":1.108201421801,"CURRENT_RATIO":1.713960851557,"COMMON_ACS":3000000000,"CURRENTDEBT_DEBT":85.797801556426,"ISSUED_COMMON_SHARES":1655124293,"HK_COMMON_SHARES":68583110,"PER_SHARES":100,"TOTAL_MARKET_CAP":69846245164.6,"HKSK_MARKET_CAP":2894207242,"PE_TTM":22.8753163036,"PB_TTM":2.425672890894,"REPORT_DATE_SQ":"2023-06-30 00:00:00","REPORT_TYPE_SQ":"2023年中报","OPERATE_INCOME_SQ":13987854417.8,"DPS_HKD":0.467661,"OPERATE_INCOME_QOQ_SQ":10.45076871413,"NET_PROFIT_RATIO_SQ":10.7028712631,"HOLDER_PROFIT_SQ":1388061013.6,"HOLDER_PROFIT_QOQ_SQ":321.385596768116,"ROE_AVG_SQ":5.25834994963,"PE_TTM_SQ":49.94865621146,"PB_TTM_SQ":4.000236027086,"ROA_SQ":2.89045687237,"START_DATE":"2024-06-01 00:00:00","FISCAL_YEAR":"5-31","CURRENCY":"HKD","IS_CNY_CODE":0,"DPS_HKD_LY":0.467661,"ORG_TYPE":"一般企业","PREMIUM_INCOME":null,"PREMIUM_INCOME_YOY":null,"NET_INTEREST_INCOME":null,"NET_INTEREST_INCOME_YOY":null,"FEE_COMMISSION_INCOME":null,"FEE_COMMISSION_INCOME_YOY":null,"ACCOUNTS_RECE_TDAYS":75.798161764706,"INVENTORY_TDAYS":11.666168818915,"CURRENT_ASSETS_TDAYS":0.459837333639,"TOTAL_ASSETS_TDAYS":0.326259493091,"PREMIUM_EXPENSE":null,"LOAN_DEPOSIT":null,"LOAN_EQUITY":null,"LOAN_ASSETS":null,"DEPOSIT_EQUITY":null,"DEPOSIT_ASSETS":null,"EQUITY_MULTIPLIER":1.917427305543,"EQUITY_RATIO":0.987305078671},{"SECUCODE":"09901.HK","SECURITY_CODE":"09901","SECURITY_NAME_ABBR":"新东方-S","ORG_CODE":"10087973","STD_REPORT_DATE":"2024-03-31 00:00:00","REPORT_DATE":"2024-08-31 00:00:00","DATE_TYPE_CODE":"003","REPORT_TYPE":"2024年一季报","PER_NETCASH_OPERATE":0.787289999616,"PER_OI":6.168269538172,"BPS":17.053992270537,"BASIC_EPS":1.06686,"DILUTED_EPS":1.06686,"OPERATE_INCOME":10209252758.4,"OPERATE_INCOME_YOY":30.4898724661,"GROSS_PROFIT":6059017998,"GROSS_PROFIT_YOY":28.072444783885,"HOLDER_PROFIT":1745596332,"HOLDER_PROFIT_YOY":48.3982924794,"GROSS_PROFIT_RATIO":59.348300423013,"EPS_TTM":1.348552618157,"OPERATE_INCOME_QOQ":14.42335235629,"NET_PROFIT_RATIO":16.9277059751,"ROE_AVG":6.338123919968,"GROSS_PROFIT_QOQ":10.770583425827,"ROA":3.220698978157,"HOLDER_PROFIT_QOQ":3.092643876399,"ROE_YEARLY":25.352495679873,"ROIC_YEARLY":20.822374784081,"TOTAL_ASSETS":54830330863.2,"TOTAL_LIABILITIES":24681301119.6,"TAX_EBT":24.210174698118,"OCF_SALES":12.763547292214,"TOTAL_PARENT_EQUITY":28226476899.6,"DEBT_ASSET_RATIO":45.013956201,"OPERATE_PROFIT":2085000060,"PRETAX_PROFIT":2278272417.6,"NETCASH_OPERATE":1303062804,"NETCASH_INVEST":-2099267534.4,"NETCASH_FINANCE":-1091710725.6,"END_CASH":9609926372.4,"DIVI_RATIO":0.315503670722,"DIVIDEND_RATE":1.102974056604,"CURRENT_RATIO":1.851698373047,"COMMON_ACS":3000000000,"CURRENTDEBT_DEBT":85.457954762564,"ISSUED_COMMON_SHARES":1655124293,"HK_COMMON_SHARES":68583110,"PER_SHARES":100,"TOTAL_MARKET_CAP":70177270023.2,"HKSK_MARKET_CAP":2907923864,"PE_TTM":22.983730124944,"PB_TTM":2.437168970945,"REPORT_DATE_SQ":"2023-03-31 00:00:00","REPORT_TYPE_SQ":"2023年一季报","OPERATE_INCOME_SQ":7899360803.1,"DPS_HKD":0.467661,"OPERATE_INCOME_QOQ_SQ":6.432631921742,"NET_PROFIT_RATIO_SQ":16.0064216956,"HOLDER_PROFIT_SQ":1187653404.6,"HOLDER_PROFIT_QOQ_SQ":69.232767313686,"ROE_AVG_SQ":4.504310300805,"PE_TTM_SQ":49.361024961914,"PB_TTM_SQ":3.953174426768,"ROA_SQ":2.531320278686,"START_DATE":"2024-06-01 00:00:00","FISCAL_YEAR":"5-31","CURRENCY":"HKD","IS_CNY_CODE":0,"DPS_HKD_LY":0.467661,"ORG_TYPE":"一般企业","PREMIUM_INCOME":null,"PREMIUM_INCOME_YOY":null,"NET_INTEREST_INCOME":null,"NET_INTEREST_INCOME_YOY":null,"FEE_COMMISSION_INCOME":null,"FEE_COMMISSION_INCOME_YOY":null,"ACCOUNTS_RECE_TDAYS":44.751862821512,"INVENTORY_TDAYS":6.202391581633,"CURRENT_ASSETS_TDAYS":0.263859088244,"TOTAL_ASSETS_TDAYS":0.188365026461,"PREMIUM_EXPENSE":null,"LOAN_DEPOSIT":null,"LOAN_EQUITY":null,"LOAN_ASSETS":null,"DEPOSIT_EQUITY":null,"DEPOSIT_ASSETS":null,"EQUITY_MULTIPLIER":1.818643297298,"EQUITY_RATIO":0.874402469971},{"SECUCODE":"09901.HK","SECURITY_CODE":"09901","SECURITY_NAME_ABBR":"新东方-S","ORG_CODE":"10087973","STD_REPORT_DATE":"2023-12-31 00:00:00","REPORT_DATE":"2024-05-31 00:00:00","DATE_TYPE_CODE":"001","REPORT_TYPE":"2023年年报","PER_NETCASH_OPERATE":4.821779604198,"PER_OI":18.526959145297,"BPS":16.217730434339,"BASIC_EPS":1.350672,"DILUTED_EPS":1.279584,"OPERATE_INCOME":30664420156.8,"OPERATE_INCOME_YOY":43.893640585,"GROSS_PROFIT":16084555708.8,"GROSS_PROFIT_YOY":42.990920879478,"HOLDER_PROFIT":2200820500.8,"HOLDER_PROFIT_YOY":74.573843612,"GROSS_PROFIT_RATIO":52.453480700281,"EPS_TTM":1.308097811298,"OPERATE_INCOME_QOQ":5.395777033513,"NET_PROFIT_RATIO":7.5393883419,"ROE_AVG":8.389679418754,"GROSS_PROFIT_QOQ":6.394305507797,"ROA":4.446826879178,"HOLDER_PROFIT_QOQ":8.862487433888,"ROE_YEARLY":8.389679418754,"ROIC_YEARLY":7.539673020495,"TOTAL_ASSETS":53541157022.4,"TOTAL_LIABILITIES":24757526299.2,"TAX_EBT":22.211602519839,"OCF_SALES":26.025747487126,"TOTAL_PARENT_EQUITY":26842359619.2,"DEBT_ASSET_RATIO":46.240177979,"OPERATE_PROFIT":2491101240,"PRETAX_PROFIT":3510616900.8,"NETCASH_OPERATE":7980644558.4,"NETCASH_INVEST":-8203000713.6,"NETCASH_FINANCE":-1140521654.4,"END_CASH":11296622515.2,"DIVI_RATIO":0.325261075674,"DIVIDEND_RATE":1.102974056604,"CURRENT_RATIO":1.795780869119,"COMMON_ACS":3000000000,"CURRENTDEBT_DEBT":86.165628044549,"ISSUED_COMMON_SHARES":1655124293,"HK_COMMON_SHARES":68583110,"PER_SHARES":100,"TOTAL_MARKET_CAP":70177270023.2,"HKSK_MARKET_CAP":2907923864,"PE_TTM":22.983730124944,"PB_TTM":2.437168970945,"REPORT_DATE_SQ":"2022-12-31 00:00:00","REPORT_TYPE_SQ":"2022年年报","OPERATE_INCOME_SQ":21230436096,"DPS_HKD":0.467661,"OPERATE_INCOME_QOQ_SQ":4.090906715749,"NET_PROFIT_RATIO_SQ":7.8512956341,"HOLDER_PROFIT_SQ":1255946696.1,"HOLDER_PROFIT_QOQ_SQ":76.504343040387,"ROE_AVG_SQ":4.852107853317,"PE_TTM_SQ":49.361024961914,"PB_TTM_SQ":3.953174426768,"ROA_SQ":2.854095605709,"START_DATE":"2023-06-01 00:00:00","FISCAL_YEAR":"5-31","CURRENCY":"HKD","IS_CNY_CODE":0,"DPS_HKD_LY":null,"ORG_TYPE":"一般企业","PREMIUM_INCOME":null,"PREMIUM_INCOME_YOY":null,"NET_INTEREST_INCOME":null,"NET_INTEREST_INCOME_YOY":null,"FEE_COMMISSION_INCOME":null,"FEE_COMMISSION_INCOME_YOY":null,"ACCOUNTS_RECE_TDAYS":137.456335739209,"INVENTORY_TDAYS":28.192858861129,"CURRENT_ASSETS_TDAYS":0.880075366491,"TOTAL_ASSETS_TDAYS":0.619584231145,"PREMIUM_EXPENSE":null,"LOAN_DEPOSIT":null,"LOAN_EQUITY":null,"LOAN_ASSETS":null,"DEPOSIT_EQUITY":null,"DEPOSIT_ASSETS":null,"EQUITY_MULTIPLIER":1.860125205789,"EQUITY_RATIO":0.922330475056},{"SECUCODE":"09901.HK","SECURITY_CODE":"09901","SECURITY_NAME_ABBR":"新东方-S","ORG_CODE":"10087973","STD_REPORT_DATE":"2023-09-30 00:00:00","REPORT_DATE":"2024-02-29 00:00:00","DATE_TYPE_CODE":"004","REPORT_TYPE":"2023年三季报","PER_NETCASH_OPERATE":3.200920759369,"PER_OI":13.634913499031,"BPS":16.626210103485,"BASIC_EPS":1.207612,"DILUTED_EPS":1.207612,"OPERATE_INCOME":22567476565.2,"OPERATE_INCOME_YOY":48.6488560441,"GROSS_PROFIT":11851255542,"GROSS_PROFIT_YOY":52.296083481868,"HOLDER_PROFIT":2007612328.4,"HOLDER_PROFIT_YOY":90.4671725681,"GROSS_PROFIT_RATIO":52.51475727807,"EPS_TTM":1.201605660621,"OPERATE_INCOME_QOQ":13.033600993346,"NET_PROFIT_RATIO":9.335998819,"ROE_AVG":7.558455413393,"GROSS_PROFIT_QOQ":15.54842408781,"ROA":4.161669550753,"HOLDER_PROFIT_QOQ":58.351204368442,"ROE_YEARLY":10.077940551191,"ROIC_YEARLY":7.865357253433,"TOTAL_ASSETS":51071637654.8,"TOTAL_LIABILITIES":21591108056,"TAX_EBT":23.830539807176,"OCF_SALES":23.475915410807,"TOTAL_PARENT_EQUITY":27518444242.8,"DEBT_ASSET_RATIO":42.2761224184,"OPERATE_PROFIT":2414499432.8,"PRETAX_PROFIT":3104855695.2,"NETCASH_OPERATE":5297921708.8,"NETCASH_INVEST":-2059418883.2,"NETCASH_FINANCE":-363761148.8,"END_CASH":15550306066.4,"DIVI_RATIO":0.354087297633,"DIVIDEND_RATE":1.102974056604,"CURRENT_RATIO":1.9510325402,"COMMON_ACS":3000000000,"CURRENTDEBT_DEBT":86.459042066683,"ISSUED_COMMON_SHARES":1655124293,"HK_COMMON_SHARES":68583110,"PER_SHARES":100,"TOTAL_MARKET_CAP":70177270023.2,"HKSK_MARKET_CAP":2907923864,"PE_TTM":22.983730124944,"PB_TTM":2.437168970945,"REPORT_DATE_SQ":"2022-09-30 00:00:00","REPORT_TYPE_SQ":"2022年三季报","OPERATE_INCOME_SQ":14857524209.1,"DPS_HKD":0.467661,"OPERATE_INCOME_QOQ_SQ":-16.11453918787,"NET_PROFIT_RATIO_SQ":9.1450498763,"HOLDER_PROFIT_SQ":1031536825.8,"HOLDER_PROFIT_QOQ_SQ":0.80003751817,"ROE_AVG_SQ":3.993593864407,"PE_TTM_SQ":49.361024961914,"PB_TTM_SQ":3.953174426768,"ROA_SQ":2.432698582658,"START_DATE":"2023-06-01 00:00:00","FISCAL_YEAR":"5-31","CURRENCY":"HKD","IS_CNY_CODE":0,"DPS_HKD_LY":null,"ORG_TYPE":"一般企业","PREMIUM_INCOME":null,"PREMIUM_INCOME_YOY":null,"NET_INTEREST_INCOME":null,"NET_INTEREST_INCOME_YOY":null,"FEE_COMMISSION_INCOME":null,"FEE_COMMISSION_INCOME_YOY":null,"ACCOUNTS_RECE_TDAYS":99.841512280206,"INVENTORY_TDAYS":20.220926491877,"CURRENT_ASSETS_TDAYS":0.665949689455,"TOTAL_ASSETS_TDAYS":0.467811333544,"PREMIUM_EXPENSE":null,"LOAN_DEPOSIT":null,"LOAN_EQUITY":null,"LOAN_ASSETS":null,"DEPOSIT_EQUITY":null,"DEPOSIT_ASSETS":null,"EQUITY_MULTIPLIER":1.732385352294,"EQUITY_RATIO":0.78460496769},{"SECUCODE":"09901.HK","SECURITY_CODE":"09901","SECURITY_NAME_ABBR":"新东方-S","ORG_CODE":"10087973","STD_REPORT_DATE":"2023-06-30 00:00:00","REPORT_DATE":"2023-11-30 00:00:00","DATE_TYPE_CODE":"002","REPORT_TYPE":"2023年中报","PER_NETCASH_OPERATE":2.730542164545,"PER_OI":8.451241080177,"BPS":16.432112276537,"BASIC_EPS":0.852216,"DILUTED_EPS":0.852216,"OPERATE_INCOME":13987854417.8,"OPERATE_INCOME_YOY":42.4128511478,"GROSS_PROFIT":7853490021,"GROSS_PROFIT_YOY":48.926715653585,"HOLDER_PROFIT":1388061013.6,"HOLDER_PROFIT_YOY":192.8821889891,"GROSS_PROFIT_RATIO":56.145065471987,"EPS_TTM":0.764347153221,"OPERATE_INCOME_QOQ":10.45076871413,"NET_PROFIT_RATIO":10.7028712631,"ROE_AVG":5.25834994963,"GROSS_PROFIT_QOQ":12.65344715859,"ROA":2.89045687237,"HOLDER_PROFIT_QOQ":321.385596768116,"ROE_YEARLY":10.51669989926,"ROIC_YEARLY":10.215387236698,"TOTAL_ASSETS":50646444089.2,"TOTAL_LIABILITIES":21558841936.6,"TAX_EBT":23.407935426385,"OCF_SALES":32.309363070357,"TOTAL_PARENT_EQUITY":27197188214.2,"DEBT_ASSET_RATIO":42.5673358205,"OPERATE_PROFIT":1608316238.8,"PRETAX_PROFIT":2167923875.2,"NETCASH_OPERATE":4519386669.6,"NETCASH_INVEST":-2139040854.6,"NETCASH_FINANCE":-125815488.8,"END_CASH":15061113942.8,"DIVI_RATIO":0.556649291355,"DIVIDEND_RATE":1.102974056604,"CURRENT_RATIO":1.867564609196,"COMMON_ACS":3000000000,"CURRENTDEBT_DEBT":87.785960805577,"ISSUED_COMMON_SHARES":1655124293,"HK_COMMON_SHARES":68583110,"PER_SHARES":100,"TOTAL_MARKET_CAP":70177270023.2,"HKSK_MARKET_CAP":2907923864,"PE_TTM":22.983730124944,"PB_TTM":2.437168970945,"REPORT_DATE_SQ":"2022-06-30 00:00:00","REPORT_TYPE_SQ":"2022年中报","OPERATE_INCOME_SQ":9925911068.4,"DPS_HKD":0.467661,"OPERATE_INCOME_QOQ_SQ":-12.807560523134,"NET_PROFIT_RATIO_SQ":7.3148493604,"HOLDER_PROFIT_SQ":478943244.6,"HOLDER_PROFIT_QOQ_SQ":-19.126099640431,"ROE_AVG_SQ":1.82515674471,"PE_TTM_SQ":49.361024961914,"PB_TTM_SQ":3.953174426768,"ROA_SQ":1.106863293825,"START_DATE":"2023-06-01 00:00:00","FISCAL_YEAR":"5-31","CURRENCY":"HKD","IS_CNY_CODE":0,"DPS_HKD_LY":null,"ORG_TYPE":"一般企业","PREMIUM_INCOME":null,"PREMIUM_INCOME_YOY":null,"NET_INTEREST_INCOME":null,"NET_INTEREST_INCOME_YOY":null,"FEE_COMMISSION_INCOME":null,"FEE_COMMISSION_INCOME_YOY":null,"ACCOUNTS_RECE_TDAYS":59.185101715797,"INVENTORY_TDAYS":12.399262167419,"CURRENT_ASSETS_TDAYS":0.419480057712,"TOTAL_ASSETS_TDAYS":0.291278910188,"PREMIUM_EXPENSE":null,"LOAN_DEPOSIT":null,"LOAN_EQUITY":null,"LOAN_ASSETS":null,"DEPOSIT_EQUITY":null,"DEPOSIT_ASSETS":null,"EQUITY_MULTIPLIER":1.741169444751,"EQUITY_RATIO":0.792686426509},{"SECUCODE":"09901.HK","SECURITY_CODE":"09901","SECURITY_NAME_ABBR":"新东方-S","ORG_CODE":"10087973","STD_REPORT_DATE":"2023-03-31 00:00:00","REPORT_DATE":"2023-08-31 00:00:00","DATE_TYPE_CODE":"003","REPORT_TYPE":"2023年一季报","PER_NETCASH_OPERATE":1.467482747492,"PER_OI":4.807412576398,"BPS":16.222891169721,"BASIC_EPS":0.71811,"DILUTED_EPS":0.71811,"OPERATE_INCOME":7899360803.1,"OPERATE_INCOME_YOY":47.689112298,"GROSS_PROFIT":4730930223.3,"GROSS_PROFIT_YOY":58.65267846092,"HOLDER_PROFIT":1187653404.6,"HOLDER_PROFIT_YOY":150.5772552347,"GROSS_PROFIT_RATIO":59.890038462902,"EPS_TTM":-0.334309453414,"OPERATE_INCOME_QOQ":6.432631921742,"NET_PROFIT_RATIO":16.0064216956,"ROE_AVG":4.504310300805,"GROSS_PROFIT_QOQ":11.503888625879,"ROA":2.531320278686,"HOLDER_PROFIT_QOQ":69.232767313686,"ROE_YEARLY":18.017241203221,"ROIC_YEARLY":17.868904178263,"TOTAL_ASSETS":47931795886.5,"TOTAL_LIABILITIES":19354457633.4,"TAX_EBT":25.305544314043,"OCF_SALES":30.525417242035,"TOTAL_PARENT_EQUITY":26850901277.7,"DEBT_ASSET_RATIO":40.3791622564,"OPERATE_PROFIT":1473015956.4,"PRETAX_PROFIT":1774449810,"NETCASH_OPERATE":2411312844.6,"NETCASH_INVEST":-1494860862.6,"NETCASH_FINANCE":-93289670.1,"END_CASH":13577456573.1,"DIVI_RATIO":-1.27269299999,"DIVIDEND_RATE":1.102974056604,"CURRENT_RATIO":1.93165898119,"COMMON_ACS":3000000000,"CURRENTDEBT_DEBT":87.799542444811,"ISSUED_COMMON_SHARES":1655124293,"HK_COMMON_SHARES":68583110,"PER_SHARES":100,"TOTAL_MARKET_CAP":70177270023.2,"HKSK_MARKET_CAP":2907923864,"PE_TTM":22.983730124944,"PB_TTM":2.437168970945,"REPORT_DATE_SQ":"2022-03-31 00:00:00","REPORT_TYPE_SQ":"2022年一季报","OPERATE_INCOME_SQ":5132270473.2,"DPS_HKD":0.467661,"OPERATE_INCOME_QOQ_SQ":-13.599845865674,"NET_PROFIT_RATIO_SQ":11.3558675764,"HOLDER_PROFIT_SQ":454793381.2,"HOLDER_PROFIT_QOQ_SQ":-33.832978311236,"ROE_AVG_SQ":1.781048811672,"PE_TTM_SQ":49.361024961914,"PB_TTM_SQ":3.953174426768,"ROA_SQ":1.09505684749,"START_DATE":"2023-06-01 00:00:00","FISCAL_YEAR":"5-31","CURRENCY":"HKD","IS_CNY_CODE":0,"DPS_HKD_LY":null,"ORG_TYPE":"一般企业","PREMIUM_INCOME":null,"PREMIUM_INCOME_YOY":null,"NET_INTEREST_INCOME":null,"NET_INTEREST_INCOME_YOY":null,"FEE_COMMISSION_INCOME":null,"FEE_COMMISSION_INCOME_YOY":null,"ACCOUNTS_RECE_TDAYS":32.186944054307,"INVENTORY_TDAYS":7.609896601385,"CURRENT_ASSETS_TDAYS":0.244859849906,"TOTAL_ASSETS_TDAYS":0.168364037118,"PREMIUM_EXPENSE":null,"LOAN_DEPOSIT":null,"LOAN_EQUITY":null,"LOAN_ASSETS":null,"DEPOSIT_EQUITY":null,"DEPOSIT_ASSETS":null,"EQUITY_MULTIPLIER":1.677265932258,"EQUITY_RATIO":0.720812215323},{"SECUCODE":"09901.HK","SECURITY_CODE":"09901","SECURITY_NAME_ABBR":"新东方-S","ORG_CODE":"10087973","STD_REPORT_DATE":"2022-12-31 00:00:00","REPORT_DATE":"2023-05-31 00:00:00","DATE_TYPE_CODE":"001","REPORT_TYPE":"2022年年报","PER_NETCASH_OPERATE":4.185085234407,"PER_OI":12.920471419697,"BPS":15.422619968034,"BASIC_EPS":0.779031,"DILUTED_EPS":0.70821,"OPERATE_INCOME":21230436096,"OPERATE_INCOME_YOY":-3.4614326852,"GROSS_PROFIT":11248655236.2,"GROSS_PROFIT_YOY":25.008588011763,"HOLDER_PROFIT":1255946696.1,"HOLDER_PROFIT_YOY":114.9312001724,"GROSS_PROFIT_RATIO":52.983627775406,"EPS_TTM":-1.086576283353,"OPERATE_INCOME_QOQ":4.090906715749,"NET_PROFIT_RATIO":7.8512956341,"ROE_AVG":4.852107853317,"GROSS_PROFIT_QOQ":16.78956998563,"ROA":2.854095605709,"HOLDER_PROFIT_QOQ":76.504343040387,"ROE_YEARLY":4.852107853317,"ROIC_YEARLY":4.844590304017,"TOTAL_ASSETS":45272026801.8,"TOTAL_LIABILITIES":18255316707,"TAX_EBT":21.413083288227,"OCF_SALES":32.391118701964,"TOTAL_PARENT_EQUITY":25526352970.8,"DEBT_ASSET_RATIO":40.3236126072,"OPERATE_PROFIT":1345924776.6,"PRETAX_PROFIT":2185047395.1,"NETCASH_OPERATE":6876775756.8,"NETCASH_INVEST":-264948443.1,"NETCASH_FINANCE":-1748336780.7,"END_CASH":12786214556.7,"DIVI_RATIO":-0.391572416689,"DIVIDEND_RATE":1.102974056604,"CURRENT_RATIO":1.960875228456,"COMMON_ACS":3000000000,"CURRENTDEBT_DEBT":87.326073547041,"ISSUED_COMMON_SHARES":1655124293,"HK_COMMON_SHARES":68583110,"PER_SHARES":100,"TOTAL_MARKET_CAP":70177270023.2,"HKSK_MARKET_CAP":2907923864,"PE_TTM":22.983730124944,"PB_TTM":2.437168970945,"REPORT_DATE_SQ":"2021-12-31 00:00:00","REPORT_TYPE_SQ":"2021年年报","OPERATE_INCOME_SQ":20683112032.2,"DPS_HKD":0.467661,"OPERATE_INCOME_QOQ_SQ":-5.105328931693,"NET_PROFIT_RATIO_SQ":-39.2972408627,"HOLDER_PROFIT_SQ":-7911053264.7,"HOLDER_PROFIT_QOQ_SQ":-475.086633598155,"ROE_AVG_SQ":-27.561229366427,"PE_TTM_SQ":49.361024961914,"PB_TTM_SQ":3.953174426768,"ROA_SQ":-14.676159891322,"START_DATE":"2022-06-01 00:00:00","FISCAL_YEAR":"5-31","CURRENCY":"HKD","IS_CNY_CODE":0,"DPS_HKD_LY":null,"ORG_TYPE":"一般企业","PREMIUM_INCOME":null,"PREMIUM_INCOME_YOY":null,"NET_INTEREST_INCOME":null,"NET_INTEREST_INCOME_YOY":null,"FEE_COMMISSION_INCOME":null,"FEE_COMMISSION_INCOME_YOY":null,"ACCOUNTS_RECE_TDAYS":90.637963354901,"INVENTORY_TDAYS":26.750137599879,"CURRENT_ASSETS_TDAYS":0.674575144529,"TOTAL_ASSETS_TDAYS":0.482454347442,"PREMIUM_EXPENSE":null,"LOAN_DEPOSIT":null,"LOAN_EQUITY":null,"LOAN_ASSETS":null,"DEPOSIT_EQUITY":null,"DEPOSIT_ASSETS":null,"EQUITY_MULTIPLIER":1.675704652525,"EQUITY_RATIO":0.715155695288},{"SECUCODE":"09901.HK","SECURITY_CODE":"09901","SECURITY_NAME_ABBR":"新东方-S","ORG_CODE":"10087973","STD_REPORT_DATE":"2022-09-30 00:00:00","REPORT_DATE":"2023-02-28 00:00:00","DATE_TYPE_CODE":"004","REPORT_TYPE":"2022年三季报","PER_NETCASH_OPERATE":2.250703017162,"PER_OI":8.755344896051,"BPS":15.64792976578,"BASIC_EPS":0.625671,"DILUTED_EPS":0.625671,"OPERATE_INCOME":14857524209.1,"OPERATE_INCOME_YOY":-17.2024656529,"GROSS_PROFIT":7781720495.4,"GROSS_PROFIT_YOY":14.523946841364,"HOLDER_PROFIT":1031536825.8,"HOLDER_PROFIT_YOY":114.8616963419,"GROSS_PROFIT_RATIO":52.375620499638,"EPS_TTM":-4.624583535676,"OPERATE_INCOME_QOQ":-16.11453918787,"NET_PROFIT_RATIO":9.1450498763,"ROE_AVG":3.993593864407,"GROSS_PROFIT_QOQ":-14.787895462304,"ROA":2.432698582658,"HOLDER_PROFIT_QOQ":0.80003751817,"ROE_YEARLY":5.324791819209,"ROIC_YEARLY":4.283443636727,"TOTAL_ASSETS":42853576314.3,"TOTAL_LIABILITIES":15903986764.2,"TAX_EBT":19.698089930839,"OCF_SALES":25.706617430653,"TOTAL_PARENT_EQUITY":25899268690.5,"DEBT_ASSET_RATIO":37.1123909182,"OPERATE_PROFIT":987114184.8,"PRETAX_PROFIT":1645466066.7,"NETCASH_OPERATE":3819366908.1,"NETCASH_INVEST":-711526965,"NETCASH_FINANCE":-1184221405.5,"END_CASH":9948175851.9,"DIVI_RATIO":-0.092002511774,"DIVIDEND_RATE":1.102974056604,"CURRENT_RATIO":2.405343767685,"COMMON_ACS":3000000000,"CURRENTDEBT_DEBT":85.426350625383,"ISSUED_COMMON_SHARES":1655124293,"HK_COMMON_SHARES":68583110,"PER_SHARES":100,"TOTAL_MARKET_CAP":70177270023.2,"HKSK_MARKET_CAP":2907923864,"PE_TTM":22.983730124944,"PB_TTM":2.437168970945,"REPORT_DATE_SQ":"2021-09-30 00:00:00","REPORT_TYPE_SQ":"2021年三季报","OPERATE_INCOME_SQ":16319008050.6,"DPS_HKD":0.467661,"OPERATE_INCOME_QOQ_SQ":6.235968733604,"NET_PROFIT_RATIO_SQ":-40.0433825361,"HOLDER_PROFIT_SQ":-6312204601.8,"HOLDER_PROFIT_QOQ_SQ":-37.879990986999,"ROE_AVG_SQ":-22.345878702952,"PE_TTM_SQ":49.361024961914,"PB_TTM_SQ":3.953174426768,"ROA_SQ":-11.87161327624,"START_DATE":"2022-06-01 00:00:00","FISCAL_YEAR":"5-31","CURRENCY":"HKD","IS_CNY_CODE":0,"DPS_HKD_LY":null,"ORG_TYPE":"一般企业","PREMIUM_INCOME":null,"PREMIUM_INCOME_YOY":null,"NET_INTEREST_INCOME":null,"NET_INTEREST_INCOME_YOY":null,"FEE_COMMISSION_INCOME":null,"FEE_COMMISSION_INCOME_YOY":null,"ACCOUNTS_RECE_TDAYS":74.079341421144,"INVENTORY_TDAYS":16.224682384072,"CURRENT_ASSETS_TDAYS":0.465884651319,"TOTAL_ASSETS_TDAYS":0.350388635493,"PREMIUM_EXPENSE":null,"LOAN_DEPOSIT":null,"LOAN_EQUITY":null,"LOAN_ASSETS":null,"DEPOSIT_EQUITY":null,"DEPOSIT_ASSETS":null,"EQUITY_MULTIPLIER":1.590138366843,"EQUITY_RATIO":0.614070881856},{"SECUCODE":"09901.HK","SECURITY_CODE":"09901","SECURITY_NAME_ABBR":"新东方-S","ORG_CODE":"10087973","STD_REPORT_DATE":"2022-06-30 00:00:00","REPORT_DATE":"2022-11-30 00:00:00","DATE_TYPE_CODE":"002","REPORT_TYPE":"2022年中报","PER_NETCASH_OPERATE":1.51795094275,"PER_OI":5.849209706025,"BPS":15.641349370793,"BASIC_EPS":0.287076,"DILUTED_EPS":0.287076,"OPERATE_INCOME":9925911068.4,"OPERATE_INCOME_YOY":-29.6927709986,"GROSS_PROFIT":5273392343.7,"GROSS_PROFIT_YOY":-0.814328584675,"HOLDER_PROFIT":478943244.6,"HOLDER_PROFIT_YOY":107.6182104614,"GROSS_PROFIT_RATIO":53.12753970251,"EPS_TTM":-4.661880327347,"OPERATE_INCOME_QOQ":-12.807560523134,"NET_PROFIT_RATIO":7.3148493604,"ROE_AVG":1.82515674471,"GROSS_PROFIT_QOQ":-15.59734350661,"ROA":1.106863293825,"HOLDER_PROFIT_QOQ":-19.126099640431,"ROE_YEARLY":3.650313489419,"ROIC_YEARLY":3.567444542673,"TOTAL_ASSETS":43230437525.7,"TOTAL_LIABILITIES":16366683612.3,"TAX_EBT":21.241397564849,"OCF_SALES":25.9513852134,"TOTAL_PARENT_EQUITY":25888377318.9,"DEBT_ASSET_RATIO":37.8591671726,"OPERATE_PROFIT":541863126.9,"PRETAX_PROFIT":921887158.8,"NETCASH_OPERATE":2575911417.3,"NETCASH_INVEST":-1790629373.1,"NETCASH_FINANCE":-845087151.9,"END_CASH":8058395565.6,"DIVI_RATIO":-0.091266457162,"DIVIDEND_RATE":1.102974056604,"CURRENT_RATIO":2.401116993063,"COMMON_ACS":3000000000,"CURRENTDEBT_DEBT":84.325710479476,"ISSUED_COMMON_SHARES":1655124293,"HK_COMMON_SHARES":68583110,"PER_SHARES":100,"TOTAL_MARKET_CAP":70177270023.2,"HKSK_MARKET_CAP":2907923864,"PE_TTM":22.983730124944,"PB_TTM":2.437168970945,"REPORT_DATE_SQ":"2021-06-30 00:00:00","REPORT_TYPE_SQ":"2021年中报","OPERATE_INCOME_SQ":12549121880.8,"DPS_HKD":0.467661,"OPERATE_INCOME_QOQ_SQ":5.257482017213,"NET_PROFIT_RATIO_SQ":-46.1565365212,"HOLDER_PROFIT_SQ":-5588226812,"HOLDER_PROFIT_QOQ_SQ":-18.167515287953,"ROE_AVG_SQ":-19.427684172718,"PE_TTM_SQ":49.361024961914,"PB_TTM_SQ":3.953174426768,"ROA_SQ":-9.861660596335,"START_DATE":"2022-06-01 00:00:00","FISCAL_YEAR":"5-31","CURRENCY":"HKD","IS_CNY_CODE":0,"DPS_HKD_LY":null,"ORG_TYPE":"一般企业","PREMIUM_INCOME":null,"PREMIUM_INCOME_YOY":null,"NET_INTEREST_INCOME":null,"NET_INTEREST_INCOME_YOY":null,"FEE_COMMISSION_INCOME":null,"FEE_COMMISSION_INCOME_YOY":null,"ACCOUNTS_RECE_TDAYS":49.683371052915,"INVENTORY_TDAYS":8.688454940224,"CURRENT_ASSETS_TDAYS":0.304252996391,"TOTAL_ASSETS_TDAYS":0.229393080355,"PREMIUM_EXPENSE":null,"LOAN_DEPOSIT":null,"LOAN_EQUITY":null,"LOAN_ASSETS":null,"DEPOSIT_EQUITY":null,"DEPOSIT_ASSETS":null,"EQUITY_MULTIPLIER":1.609247823855,"EQUITY_RATIO":0.632201988201}],"count":24},"success":true,"message":"ok","code":0}