{"version":"e8914ec96886a481a31fb7fe6762f20f","result":{"pages":2,"data":[{"SECUCODE":"09909.HK","SECURITY_CODE":"09909","SECURITY_NAME_ABBR":"宝龙商业","ORG_CODE":"10000047695","STD_REPORT_DATE":"2024-06-30 00:00:00","REPORT_DATE":"2024-06-30 00:00:00","DATE_TYPE_CODE":"002","REPORT_TYPE":"2024年中报","PER_NETCASH_OPERATE":0.226231140146,"PER_OI":2.073327111526,"BPS":5.069939337378,"BASIC_EPS":0.3063,"DILUTED_EPS":0.3063,"OPERATE_INCOME":1332942000,"OPERATE_INCOME_YOY":4.5584117098,"GROSS_PROFIT":449359000,"GROSS_PROFIT_YOY":2.543979954862,"HOLDER_PROFIT":194505000,"HOLDER_PROFIT_YOY":-24.3106413779,"GROSS_PROFIT_RATIO":33.711819419,"EPS_TTM":0.607371286359,"OPERATE_INCOME_QOQ":2.204764799036,"NET_PROFIT_RATIO":15.0045538366,"ROE_AVG":6.162308173387,"GROSS_PROFIT_QOQ":1.256790989165,"ROA":3.320235667513,"HOLDER_PROFIT_QOQ":-13.792410674862,"ROE_YEARLY":12.324616346774,"ROIC_YEARLY":20.170720799549,"TOTAL_ASSETS":6103199000,"TOTAL_LIABILITIES":2833967000,"TAX_EBT":26.83433630261,"OCF_SALES":10.911502525991,"TOTAL_PARENT_EQUITY":3259464000,"DEBT_ASSET_RATIO":46.4341241372,"OPERATE_PROFIT":280491000,"PRETAX_PROFIT":273355000,"NETCASH_OPERATE":145444000,"NETCASH_INVEST":-7991000,"NETCASH_FINANCE":-51599000,"END_CASH":3952763000,"DIVI_RATIO":null,"DIVIDEND_RATE":null,"CURRENT_RATIO":2.981760032937,"COMMON_ACS":2000000000,"CURRENTDEBT_DEBT":57.25123122464,"ISSUED_COMMON_SHARES":642900000,"HK_COMMON_SHARES":642900000,"PER_SHARES":500,"TOTAL_MARKET_CAP":1594392000,"HKSK_MARKET_CAP":1594392000,"PE_TTM":3.671889133284,"PB_TTM":0.446444473864,"REPORT_DATE_SQ":"2023-06-30 00:00:00","REPORT_TYPE_SQ":"2023年中报","OPERATE_INCOME_SQ":1274830000,"DPS_HKD":null,"OPERATE_INCOME_QOQ_SQ":0.331351318697,"NET_PROFIT_RATIO_SQ":20.1014252881,"HOLDER_PROFIT_SQ":256978000,"HOLDER_PROFIT_QOQ_SQ":3.754217683236,"ROE_AVG_SQ":9.086434595053,"PE_TTM_SQ":3.542026406788,"PB_TTM_SQ":0.550596429012,"ROA_SQ":4.851739757209,"START_DATE":"2024-01-01 00:00:00","FISCAL_YEAR":"12-31","CURRENCY":"HKD","IS_CNY_CODE":0,"DPS_HKD_LY":null,"ORG_TYPE":"一般企业","PREMIUM_INCOME":null,"PREMIUM_INCOME_YOY":null,"NET_INTEREST_INCOME":null,"NET_INTEREST_INCOME_YOY":null,"FEE_COMMISSION_INCOME":null,"FEE_COMMISSION_INCOME_YOY":null,"ACCOUNTS_RECE_TDAYS":2.815672125745,"INVENTORY_TDAYS":94.263935563023,"CURRENT_ASSETS_TDAYS":0.281484919734,"TOTAL_ASSETS_TDAYS":0.227535619708,"PREMIUM_EXPENSE":null,"LOAN_DEPOSIT":null,"LOAN_EQUITY":null,"LOAN_ASSETS":null,"DEPOSIT_EQUITY":null,"DEPOSIT_ASSETS":null,"EQUITY_MULTIPLIER":1.86686016777,"EQUITY_RATIO":0.869457984503},{"SECUCODE":"09909.HK","SECURITY_CODE":"09909","SECURITY_NAME_ABBR":"宝龙商业","ORG_CODE":"10000047695","STD_REPORT_DATE":"2023-12-31 00:00:00","REPORT_DATE":"2023-12-31 00:00:00","DATE_TYPE_CODE":"001","REPORT_TYPE":"2023年年报","PER_NETCASH_OPERATE":0.757195520299,"PER_OI":4.099776014932,"BPS":4.749211385908,"BASIC_EPS":0.7133,"DILUTED_EPS":0.7133,"OPERATE_INCOME":2635746000,"OPERATE_INCOME_YOY":3.392673476,"GROSS_PROFIT":887021000,"GROSS_PROFIT_YOY":6.303644918279,"HOLDER_PROFIT":452952000,"HOLDER_PROFIT_YOY":2.2291937031,"GROSS_PROFIT_RATIO":33.65350834261,"EPS_TTM":0.704545030331,"OPERATE_INCOME_QOQ":3.051211926317,"NET_PROFIT_RATIO":17.1636796565,"ROE_AVG":15.669365565601,"GROSS_PROFIT_QOQ":5.322020092638,"ROA":8.367542134254,"HOLDER_PROFIT_QOQ":-1.469842878865,"ROE_YEARLY":15.669365565601,"ROIC_YEARLY":26.035113191459,"TOTAL_ASSETS":5613138000,"TOTAL_LIABILITIES":2555599000,"TAX_EBT":26.042197983286,"OCF_SALES":18.469192403213,"TOTAL_PARENT_EQUITY":3053268000,"DEBT_ASSET_RATIO":45.5288824184,"OPERATE_PROFIT":591630000,"PRETAX_PROFIT":611688000,"NETCASH_OPERATE":486801000,"NETCASH_INVEST":178450000,"NETCASH_FINANCE":-247995000,"END_CASH":3866722000,"DIVI_RATIO":null,"DIVIDEND_RATE":null,"CURRENT_RATIO":2.85409370397,"COMMON_ACS":2000000000,"CURRENTDEBT_DEBT":63.517828892561,"ISSUED_COMMON_SHARES":642900000,"HK_COMMON_SHARES":642900000,"PER_SHARES":500,"TOTAL_MARKET_CAP":1523673000,"HKSK_MARKET_CAP":1523673000,"PE_TTM":3.509023083017,"PB_TTM":0.426642501233,"REPORT_DATE_SQ":"2022-12-31 00:00:00","REPORT_TYPE_SQ":"2022年年报","OPERATE_INCOME_SQ":2549258000,"DPS_HKD":null,"OPERATE_INCOME_QOQ_SQ":-0.412529328257,"NET_PROFIT_RATIO_SQ":17.2251298221,"HOLDER_PROFIT_SQ":443075000,"HOLDER_PROFIT_QOQ_SQ":-6.750499842155,"ROE_AVG_SQ":17.094915702186,"PE_TTM_SQ":3.04718448231,"PB_TTM_SQ":0.473674869076,"ROA_SQ":8.615381803408,"START_DATE":"2023-01-01 00:00:00","FISCAL_YEAR":"12-31","CURRENCY":"HKD","IS_CNY_CODE":0,"DPS_HKD_LY":0.3,"ORG_TYPE":"一般企业","PREMIUM_INCOME":null,"PREMIUM_INCOME_YOY":null,"NET_INTEREST_INCOME":null,"NET_INTEREST_INCOME_YOY":null,"FEE_COMMISSION_INCOME":null,"FEE_COMMISSION_INCOME_YOY":null,"ACCOUNTS_RECE_TDAYS":8.175137247604,"INVENTORY_TDAYS":182.120912309935,"CURRENT_ASSETS_TDAYS":0.591199519458,"TOTAL_ASSETS_TDAYS":0.486910659633,"PREMIUM_EXPENSE":null,"LOAN_DEPOSIT":null,"LOAN_EQUITY":null,"LOAN_ASSETS":null,"DEPOSIT_EQUITY":null,"DEPOSIT_ASSETS":null,"EQUITY_MULTIPLIER":1.835835291064,"EQUITY_RATIO":0.837004481755},{"SECUCODE":"09909.HK","SECURITY_CODE":"09909","SECURITY_NAME_ABBR":"宝龙商业","ORG_CODE":"10000047695","STD_REPORT_DATE":"2023-06-30 00:00:00","REPORT_DATE":"2023-06-30 00:00:00","DATE_TYPE_CODE":"002","REPORT_TYPE":"2023年中报","PER_NETCASH_OPERATE":0.11615025665,"PER_OI":1.982936693109,"BPS":4.554671021932,"BASIC_EPS":0.4063,"DILUTED_EPS":0.4063,"OPERATE_INCOME":1274830000,"OPERATE_INCOME_YOY":0.6670177979,"GROSS_PROFIT":438211000,"GROSS_PROFIT_YOY":1.806781062834,"HOLDER_PROFIT":256978000,"HOLDER_PROFIT_YOY":6.9209133575,"GROSS_PROFIT_RATIO":34.374073405866,"EPS_TTM":0.715055218541,"OPERATE_INCOME_QOQ":0.331351318697,"NET_PROFIT_RATIO":20.1014252881,"ROE_AVG":9.086434595053,"GROSS_PROFIT_QOQ":0.932022405929,"ROA":4.851739757209,"HOLDER_PROFIT_QOQ":3.754217683236,"ROE_YEARLY":18.172869190107,"ROIC_YEARLY":28.55366632129,"TOTAL_ASSETS":5379964000,"TOTAL_LIABILITIES":2447656000,"TAX_EBT":26.720541262393,"OCF_SALES":5.857486880604,"TOTAL_PARENT_EQUITY":2928198000,"DEBT_ASSET_RATIO":45.4957691167,"OPERATE_PROFIT":337010000,"PRETAX_PROFIT":349701000,"NETCASH_OPERATE":74673000,"NETCASH_INVEST":36709000,"NETCASH_FINANCE":-35484000,"END_CASH":3525830000,"DIVI_RATIO":null,"DIVIDEND_RATE":null,"CURRENT_RATIO":2.900499134893,"COMMON_ACS":2000000000,"CURRENTDEBT_DEBT":63.140980595312,"ISSUED_COMMON_SHARES":642900000,"HK_COMMON_SHARES":642900000,"PER_SHARES":500,"TOTAL_MARKET_CAP":1523673000,"HKSK_MARKET_CAP":1523673000,"PE_TTM":3.509023083017,"PB_TTM":0.426642501233,"REPORT_DATE_SQ":"2022-06-30 00:00:00","REPORT_TYPE_SQ":"2022年中报","OPERATE_INCOME_SQ":1266383000,"DPS_HKD":null,"OPERATE_INCOME_QOQ_SQ":3.888886183257,"NET_PROFIT_RATIO_SQ":18.9365302598,"HOLDER_PROFIT_SQ":240344000,"HOLDER_PROFIT_QOQ_SQ":8.44608165352,"ROE_AVG_SQ":9.580000079719,"PE_TTM_SQ":3.04718448231,"PB_TTM_SQ":0.473674869076,"ROA_SQ":4.683096396059,"START_DATE":"2023-01-01 00:00:00","FISCAL_YEAR":"12-31","CURRENCY":"HKD","IS_CNY_CODE":0,"DPS_HKD_LY":0.3,"ORG_TYPE":"一般企业","PREMIUM_INCOME":null,"PREMIUM_INCOME_YOY":null,"NET_INTEREST_INCOME":null,"NET_INTEREST_INCOME_YOY":null,"FEE_COMMISSION_INCOME":null,"FEE_COMMISSION_INCOME_YOY":null,"ACCOUNTS_RECE_TDAYS":4.474642068648,"INVENTORY_TDAYS":196.944209039548,"CURRENT_ASSETS_TDAYS":0.290847541229,"TOTAL_ASSETS_TDAYS":0.240687661772,"PREMIUM_EXPENSE":null,"LOAN_DEPOSIT":null,"LOAN_EQUITY":null,"LOAN_ASSETS":null,"DEPOSIT_EQUITY":null,"DEPOSIT_ASSETS":null,"EQUITY_MULTIPLIER":1.834719954385,"EQUITY_RATIO":0.835891561978},{"SECUCODE":"09909.HK","SECURITY_CODE":"09909","SECURITY_NAME_ABBR":"宝龙商业","ORG_CODE":"10000047695","STD_REPORT_DATE":"2022-12-31 00:00:00","REPORT_DATE":"2022-12-31 00:00:00","DATE_TYPE_CODE":"001","REPORT_TYPE":"2022年年报","PER_NETCASH_OPERATE":0.446526675999,"PER_OI":3.965248094571,"BPS":4.2434313268,"BASIC_EPS":0.7015,"DILUTED_EPS":0.6979,"OPERATE_INCOME":2549258000,"OPERATE_INCOME_YOY":3.460314059,"GROSS_PROFIT":834422000,"GROSS_PROFIT_YOY":1.53219035567,"HOLDER_PROFIT":443075000,"HOLDER_PROFIT_YOY":1.1254290827,"GROSS_PROFIT_RATIO":32.731955729863,"EPS_TTM":0.689181832322,"OPERATE_INCOME_QOQ":-0.412529328257,"NET_PROFIT_RATIO":17.2251298221,"ROE_AVG":17.094915702186,"GROSS_PROFIT_QOQ":-3.968005524226,"ROA":8.615381803408,"HOLDER_PROFIT_QOQ":-6.750499842155,"ROE_YEARLY":17.094915702186,"ROIC_YEARLY":31.443472361395,"TOTAL_ASSETS":5213267000,"TOTAL_LIABILITIES":2477138000,"TAX_EBT":28.412920180568,"OCF_SALES":11.261002221038,"TOTAL_PARENT_EQUITY":2728102000,"DEBT_ASSET_RATIO":47.5160393665,"OPERATE_PROFIT":617312000,"PRETAX_PROFIT":613397000,"NETCASH_OPERATE":287072000,"NETCASH_INVEST":1493401000,"NETCASH_FINANCE":-321583000,"END_CASH":3450788000,"DIVI_RATIO":null,"DIVIDEND_RATE":null,"CURRENT_RATIO":2.721045029067,"COMMON_ACS":2000000000,"CURRENTDEBT_DEBT":63.552050794102,"ISSUED_COMMON_SHARES":642900000,"HK_COMMON_SHARES":642900000,"PER_SHARES":500,"TOTAL_MARKET_CAP":1523673000,"HKSK_MARKET_CAP":1523673000,"PE_TTM":3.509023083017,"PB_TTM":0.426642501233,"REPORT_DATE_SQ":"2021-12-31 00:00:00","REPORT_TYPE_SQ":"2021年年报","OPERATE_INCOME_SQ":2463996000,"DPS_HKD":null,"OPERATE_INCOME_QOQ_SQ":10.832151091815,"NET_PROFIT_RATIO_SQ":17.8048990339,"HOLDER_PROFIT_SQ":438144000,"HOLDER_PROFIT_QOQ_SQ":20.538116591928,"ROE_AVG_SQ":19.014434286252,"PE_TTM_SQ":3.04718448231,"PB_TTM_SQ":0.473674869076,"ROA_SQ":9.134823522863,"START_DATE":"2022-01-01 00:00:00","FISCAL_YEAR":"12-31","CURRENCY":"HKD","IS_CNY_CODE":0,"DPS_HKD_LY":0.45,"ORG_TYPE":"一般企业","PREMIUM_INCOME":null,"PREMIUM_INCOME_YOY":null,"NET_INTEREST_INCOME":null,"NET_INTEREST_INCOME_YOY":null,"FEE_COMMISSION_INCOME":null,"FEE_COMMISSION_INCOME_YOY":null,"ACCOUNTS_RECE_TDAYS":12.957266694961,"INVENTORY_TDAYS":null,"CURRENT_ASSETS_TDAYS":0.596590627197,"TOTAL_ASSETS_TDAYS":0.495691045204,"PREMIUM_EXPENSE":null,"LOAN_DEPOSIT":null,"LOAN_EQUITY":null,"LOAN_ASSETS":null,"DEPOSIT_EQUITY":null,"DEPOSIT_ASSETS":null,"EQUITY_MULTIPLIER":1.905344009731,"EQUITY_RATIO":0.908007838417},{"SECUCODE":"09909.HK","SECURITY_CODE":"09909","SECURITY_NAME_ABBR":"宝龙商业","ORG_CODE":"10000047695","STD_REPORT_DATE":"2022-06-30 00:00:00","REPORT_DATE":"2022-06-30 00:00:00","DATE_TYPE_CODE":"002","REPORT_TYPE":"2022年中报","PER_NETCASH_OPERATE":-0.210227095971,"PER_OI":1.969797791258,"BPS":3.985094104837,"BASIC_EPS":0.3805,"DILUTED_EPS":0.3794,"OPERATE_INCOME":1266383000,"OPERATE_INCOME_YOY":8.1859894529,"GROSS_PROFIT":430434000,"GROSS_PROFIT_YOY":12.278148182928,"HOLDER_PROFIT":240344000,"HOLDER_PROFIT_YOY":18.1992544433,"GROSS_PROFIT_RATIO":33.989243380557,"EPS_TTM":0.739072950692,"OPERATE_INCOME_QOQ":3.888886183257,"NET_PROFIT_RATIO":18.9365302598,"ROE_AVG":9.580000079719,"GROSS_PROFIT_QOQ":5.727461883845,"ROA":4.683096396059,"HOLDER_PROFIT_QOQ":8.44608165352,"ROE_YEARLY":19.160000159438,"ROIC_YEARLY":36.727874952485,"TOTAL_ASSETS":5191914000,"TOTAL_LIABILITIES":2615299000,"TAX_EBT":27.585155211982,"OCF_SALES":-10.672521662088,"TOTAL_PARENT_EQUITY":2562017000,"DEBT_ASSET_RATIO":50.3725408395,"OPERATE_PROFIT":338372000,"PRETAX_PROFIT":331160000,"NETCASH_OPERATE":-135155000,"NETCASH_INVEST":913795000,"NETCASH_FINANCE":-45246000,"END_CASH":2710441000,"DIVI_RATIO":null,"DIVIDEND_RATE":null,"CURRENT_RATIO":2.466672816635,"COMMON_ACS":2000000000,"CURRENTDEBT_DEBT":65.489490876569,"ISSUED_COMMON_SHARES":642900000,"HK_COMMON_SHARES":642900000,"PER_SHARES":500,"TOTAL_MARKET_CAP":1523673000,"HKSK_MARKET_CAP":1523673000,"PE_TTM":3.509023083017,"PB_TTM":0.426642501233,"REPORT_DATE_SQ":"2021-06-30 00:00:00","REPORT_TYPE_SQ":"2021年中报","OPERATE_INCOME_SQ":1170561000,"DPS_HKD":null,"OPERATE_INCOME_QOQ_SQ":15.715908180038,"NET_PROFIT_RATIO_SQ":17.4952864481,"HOLDER_PROFIT_SQ":203338000,"HOLDER_PROFIT_QOQ_SQ":19.152046783626,"ROE_AVG_SQ":9.152954055626,"PE_TTM_SQ":3.04718448231,"PB_TTM_SQ":0.473674869076,"ROA_SQ":4.326909368083,"START_DATE":"2022-01-01 00:00:00","FISCAL_YEAR":"12-31","CURRENCY":"HKD","IS_CNY_CODE":0,"DPS_HKD_LY":0.45,"ORG_TYPE":"一般企业","PREMIUM_INCOME":null,"PREMIUM_INCOME_YOY":null,"NET_INTEREST_INCOME":null,"NET_INTEREST_INCOME_YOY":null,"FEE_COMMISSION_INCOME":null,"FEE_COMMISSION_INCOME_YOY":null,"ACCOUNTS_RECE_TDAYS":5.565919274628,"INVENTORY_TDAYS":null,"CURRENT_ASSETS_TDAYS":0.29842161267,"TOTAL_ASSETS_TDAYS":0.246754388016,"PREMIUM_EXPENSE":null,"LOAN_DEPOSIT":null,"LOAN_EQUITY":null,"LOAN_ASSETS":null,"DEPOSIT_EQUITY":null,"DEPOSIT_ASSETS":null,"EQUITY_MULTIPLIER":2.015013496391,"EQUITY_RATIO":1.020796895571},{"SECUCODE":"09909.HK","SECURITY_CODE":"09909","SECURITY_NAME_ABBR":"宝龙商业","ORG_CODE":"10000047695","STD_REPORT_DATE":"2021-12-31 00:00:00","REPORT_DATE":"2021-12-31 00:00:00","DATE_TYPE_CODE":"001","REPORT_TYPE":"2021年年报","PER_NETCASH_OPERATE":1.510255094105,"PER_OI":3.832627158189,"BPS":3.819572250739,"BASIC_EPS":0.6928,"DILUTED_EPS":0.6873,"OPERATE_INCOME":2463996000,"OPERATE_INCOME_YOY":28.2504301914,"GROSS_PROFIT":821830000,"GROSS_PROFIT_YOY":38.228160646947,"HOLDER_PROFIT":438144000,"HOLDER_PROFIT_YOY":43.6236330737,"GROSS_PROFIT_RATIO":33.353544405105,"EPS_TTM":0.681511899207,"OPERATE_INCOME_QOQ":10.832151091815,"NET_PROFIT_RATIO":17.8048990339,"ROE_AVG":19.014434286252,"GROSS_PROFIT_QOQ":13.657328334327,"ROA":9.134823522863,"HOLDER_PROFIT_QOQ":20.538116591928,"ROE_YEARLY":19.014434286252,"ROIC_YEARLY":41.255933887908,"TOTAL_ASSETS":5072406000,"TOTAL_LIABILITIES":2601670000,"TAX_EBT":27.920124472806,"OCF_SALES":39.405218190289,"TOTAL_PARENT_EQUITY":2455603000,"DEBT_ASSET_RATIO":51.2906498415,"OPERATE_PROFIT":585435000,"PRETAX_PROFIT":608647000,"NETCASH_OPERATE":970943000,"NETCASH_INVEST":-2081742000,"NETCASH_FINANCE":-361956000,"END_CASH":1976944000,"DIVI_RATIO":null,"DIVIDEND_RATE":null,"CURRENT_RATIO":2.260655503821,"COMMON_ACS":2000000000,"CURRENTDEBT_DEBT":72.471950708583,"ISSUED_COMMON_SHARES":642900000,"HK_COMMON_SHARES":642900000,"PER_SHARES":500,"TOTAL_MARKET_CAP":1523673000,"HKSK_MARKET_CAP":1523673000,"PE_TTM":3.509023083017,"PB_TTM":0.426642501233,"REPORT_DATE_SQ":"2020-12-31 00:00:00","REPORT_TYPE_SQ":"2020年年报","OPERATE_INCOME_SQ":1921238000,"DPS_HKD":null,"OPERATE_INCOME_QOQ_SQ":10.414771332957,"NET_PROFIT_RATIO_SQ":15.9983302433,"HOLDER_PROFIT_SQ":305064000,"HOLDER_PROFIT_QOQ_SQ":29.051144295444,"ROE_AVG_SQ":16.313103090551,"PE_TTM_SQ":3.04718448231,"PB_TTM_SQ":0.473674869076,"ROA_SQ":8.015859137562,"START_DATE":"2021-01-01 00:00:00","FISCAL_YEAR":"12-31","CURRENCY":"HKD","IS_CNY_CODE":0,"DPS_HKD_LY":0.33,"ORG_TYPE":"一般企业","PREMIUM_INCOME":null,"PREMIUM_INCOME_YOY":null,"NET_INTEREST_INCOME":null,"NET_INTEREST_INCOME_YOY":null,"FEE_COMMISSION_INCOME":null,"FEE_COMMISSION_INCOME_YOY":null,"ACCOUNTS_RECE_TDAYS":15.257980419719,"INVENTORY_TDAYS":null,"CURRENT_ASSETS_TDAYS":0.617428269265,"TOTAL_ASSETS_TDAYS":0.513716235325,"PREMIUM_EXPENSE":null,"LOAN_DEPOSIT":null,"LOAN_EQUITY":null,"LOAN_ASSETS":null,"DEPOSIT_EQUITY":null,"DEPOSIT_ASSETS":null,"EQUITY_MULTIPLIER":2.052993925696,"EQUITY_RATIO":1.059483149353},{"SECUCODE":"09909.HK","SECURITY_CODE":"09909","SECURITY_NAME_ABBR":"宝龙商业","ORG_CODE":"10000047695","STD_REPORT_DATE":"2021-06-30 00:00:00","REPORT_DATE":"2021-06-30 00:00:00","DATE_TYPE_CODE":"002","REPORT_TYPE":"2021年中报","PER_NETCASH_OPERATE":0.688801242236,"PER_OI":1.817641304348,"BPS":3.562255405195,"BASIC_EPS":0.3214,"DILUTED_EPS":0.319,"OPERATE_INCOME":1170561000,"OPERATE_INCOME_YOY":34.7608450636,"GROSS_PROFIT":383364000,"GROSS_PROFIT_YOY":50.437345241786,"HOLDER_PROFIT":203338000,"HOLDER_PROFIT_YOY":40.3182621177,"GROSS_PROFIT_RATIO":32.750450425053,"EPS_TTM":0.564425465839,"OPERATE_INCOME_QOQ":15.715908180038,"NET_PROFIT_RATIO":17.4952864481,"ROE_AVG":9.152954055626,"GROSS_PROFIT_QOQ":21.61834408103,"ROA":4.326909368083,"HOLDER_PROFIT_QOQ":19.152046783626,"ROE_YEARLY":18.305908111252,"ROIC_YEARLY":38.259454297857,"TOTAL_ASSETS":4878341000,"TOTAL_LIABILITIES":2573747000,"TAX_EBT":26.760246048208,"OCF_SALES":37.895333946714,"TOTAL_PARENT_EQUITY":2290174000,"DEBT_ASSET_RATIO":52.7586529929,"OPERATE_PROFIT":278624000,"PRETAX_PROFIT":279620000,"NETCASH_OPERATE":443588000,"NETCASH_INVEST":-5649000,"NETCASH_FINANCE":-88979000,"END_CASH":3796393000,"DIVI_RATIO":null,"DIVIDEND_RATE":null,"CURRENT_RATIO":2.191256238314,"COMMON_ACS":2000000000,"CURRENTDEBT_DEBT":73.127584024382,"ISSUED_COMMON_SHARES":642900000,"HK_COMMON_SHARES":642900000,"PER_SHARES":500,"TOTAL_MARKET_CAP":1523673000,"HKSK_MARKET_CAP":1523673000,"PE_TTM":3.509023083017,"PB_TTM":0.426642501233,"REPORT_DATE_SQ":"2020-06-30 00:00:00","REPORT_TYPE_SQ":"2020年中报","OPERATE_INCOME_SQ":868621000,"DPS_HKD":null,"OPERATE_INCOME_QOQ_SQ":7.378288964163,"NET_PROFIT_RATIO_SQ":16.6829952304,"HOLDER_PROFIT_SQ":144912000,"HOLDER_PROFIT_QOQ_SQ":32.346848511315,"ROE_AVG_SQ":8.570085250206,"PE_TTM_SQ":3.04718448231,"PB_TTM_SQ":0.473674869076,"ROA_SQ":4.313736580225,"START_DATE":"2021-01-01 00:00:00","FISCAL_YEAR":"12-31","CURRENCY":"HKD","IS_CNY_CODE":0,"DPS_HKD_LY":0.33,"ORG_TYPE":"一般企业","PREMIUM_INCOME":null,"PREMIUM_INCOME_YOY":null,"NET_INTEREST_INCOME":null,"NET_INTEREST_INCOME_YOY":null,"FEE_COMMISSION_INCOME":null,"FEE_COMMISSION_INCOME_YOY":null,"ACCOUNTS_RECE_TDAYS":6.295217121238,"INVENTORY_TDAYS":null,"CURRENT_ASSETS_TDAYS":0.298488269487,"TOTAL_ASSETS_TDAYS":0.249088284374,"PREMIUM_EXPENSE":null,"LOAN_DEPOSIT":null,"LOAN_EQUITY":null,"LOAN_ASSETS":null,"DEPOSIT_EQUITY":null,"DEPOSIT_ASSETS":null,"EQUITY_MULTIPLIER":2.11678976861,"EQUITY_RATIO":1.123821596088},{"SECUCODE":"09909.HK","SECURITY_CODE":"09909","SECURITY_NAME_ABBR":"宝龙商业","ORG_CODE":"10000047695","STD_REPORT_DATE":"2020-12-31 00:00:00","REPORT_DATE":"2020-12-31 00:00:00","DATE_TYPE_CODE":"001","REPORT_TYPE":"2020年年报","PER_NETCASH_OPERATE":1.234639751553,"PER_OI":2.983288819876,"BPS":3.348791413906,"BASIC_EPS":0.4912,"DILUTED_EPS":0.4911,"OPERATE_INCOME":1921238000,"OPERATE_INCOME_YOY":18.561492221,"GROSS_PROFIT":594546000,"GROSS_PROFIT_YOY":38.78064550766,"HOLDER_PROFIT":305064000,"HOLDER_PROFIT_YOY":70.7951224428,"GROSS_PROFIT_RATIO":30.945983787537,"EPS_TTM":0.473701863354,"OPERATE_INCOME_QOQ":10.414771332957,"NET_PROFIT_RATIO":15.9983302433,"ROE_AVG":16.313103090551,"GROSS_PROFIT_QOQ":22.497646043189,"ROA":8.015859137562,"HOLDER_PROFIT_QOQ":29.051144295444,"ROE_YEARLY":16.313103090551,"ROIC_YEARLY":39.790991122601,"TOTAL_ASSETS":4520423000,"TOTAL_LIABILITIES":2354520000,"TAX_EBT":26.802979643548,"OCF_SALES":41.385190174252,"TOTAL_PARENT_EQUITY":2152938000,"DEBT_ASSET_RATIO":52.0862759967,"OPERATE_PROFIT":433572000,"PRETAX_PROFIT":419916000,"NETCASH_OPERATE":795108000,"NETCASH_INVEST":-8087000,"NETCASH_FINANCE":44306000,"END_CASH":3449101000,"DIVI_RATIO":null,"DIVIDEND_RATE":null,"CURRENT_RATIO":2.202526203079,"COMMON_ACS":2000000000,"CURRENTDEBT_DEBT":71.71491429251,"ISSUED_COMMON_SHARES":642900000,"HK_COMMON_SHARES":642900000,"PER_SHARES":500,"TOTAL_MARKET_CAP":1523673000,"HKSK_MARKET_CAP":1523673000,"PE_TTM":3.509023083017,"PB_TTM":0.426642501233,"REPORT_DATE_SQ":"2019-12-31 00:00:00","REPORT_TYPE_SQ":"2019年年报","OPERATE_INCOME_SQ":1620457000,"DPS_HKD":null,"OPERATE_INCOME_QOQ_SQ":18.0702130202,"NET_PROFIT_RATIO_SQ":11.0224461371,"HOLDER_PROFIT_SQ":178614000,"HOLDER_PROFIT_QOQ_SQ":11.105996516546,"ROE_AVG_SQ":19.659291341399,"PE_TTM_SQ":3.04718448231,"PB_TTM_SQ":0.473674869076,"ROA_SQ":6.780192457342,"START_DATE":"2020-01-01 00:00:00","FISCAL_YEAR":"12-31","CURRENCY":"HKD","IS_CNY_CODE":0,"DPS_HKD_LY":0.3,"ORG_TYPE":"一般企业","PREMIUM_INCOME":null,"PREMIUM_INCOME_YOY":null,"NET_INTEREST_INCOME":null,"NET_INTEREST_INCOME_YOY":null,"FEE_COMMISSION_INCOME":null,"FEE_COMMISSION_INCOME_YOY":null,"ACCOUNTS_RECE_TDAYS":13.930342414849,"INVENTORY_TDAYS":null,"CURRENT_ASSETS_TDAYS":0.587275042069,"TOTAL_ASSETS_TDAYS":0.504824337769,"PREMIUM_EXPENSE":null,"LOAN_DEPOSIT":null,"LOAN_EQUITY":null,"LOAN_ASSETS":null,"DEPOSIT_EQUITY":null,"DEPOSIT_ASSETS":null,"EQUITY_MULTIPLIER":2.087084694004,"EQUITY_RATIO":1.093631121751},{"SECUCODE":"09909.HK","SECURITY_CODE":"09909","SECURITY_NAME_ABBR":"宝龙商业","ORG_CODE":"10000047695","STD_REPORT_DATE":"2020-06-30 00:00:00","REPORT_DATE":"2020-06-30 00:00:00","DATE_TYPE_CODE":"002","REPORT_TYPE":"2020年中报","PER_NETCASH_OPERATE":0.422213998391,"PER_OI":1.397620273532,"BPS":2.79147301291,"BASIC_EPS":0.234,"DILUTED_EPS":0.234,"OPERATE_INCOME":868621000,"OPERATE_INCOME_YOY":15.9616265207,"GROSS_PROFIT":254833000,"GROSS_PROFIT_YOY":28.77702931471,"HOLDER_PROFIT":144912000,"HOLDER_PROFIT_YOY":66.3055453544,"GROSS_PROFIT_RATIO":29.337651288652,"EPS_TTM":0.380353982301,"OPERATE_INCOME_QOQ":7.378288964163,"NET_PROFIT_RATIO":16.6829952304,"ROE_AVG":8.570085250206,"GROSS_PROFIT_QOQ":13.292499889124,"ROA":4.313736580225,"HOLDER_PROFIT_QOQ":32.346848511315,"ROE_YEARLY":17.140170500413,"ROIC_YEARLY":50.312430290158,"TOTAL_ASSETS":3627542000,"TOTAL_LIABILITIES":1832904000,"TAX_EBT":24.831936260271,"OCF_SALES":30.20949297795,"TOTAL_PARENT_EQUITY":1794638000,"DEBT_ASSET_RATIO":50.5274370359,"OPERATE_PROFIT":190166000,"PRETAX_PROFIT":192784000,"NETCASH_OPERATE":262406000,"NETCASH_INVEST":12420000,"NETCASH_FINANCE":55398000,"END_CASH":2950420000,"DIVI_RATIO":null,"DIVIDEND_RATE":null,"CURRENT_RATIO":2.15636773562,"COMMON_ACS":2000000000,"CURRENTDEBT_DEBT":80.920550121556,"ISSUED_COMMON_SHARES":642900000,"HK_COMMON_SHARES":642900000,"PER_SHARES":500,"TOTAL_MARKET_CAP":1523673000,"HKSK_MARKET_CAP":1523673000,"PE_TTM":3.509023083017,"PB_TTM":0.426642501233,"REPORT_DATE_SQ":"2019-06-30 00:00:00","REPORT_TYPE_SQ":"2019年中报","OPERATE_INCOME_SQ":749059000,"DPS_HKD":null,"OPERATE_INCOME_QOQ_SQ":14.333079528623,"NET_PROFIT_RATIO_SQ":11.6327285301,"HOLDER_PROFIT_SQ":87136000,"HOLDER_PROFIT_QOQ_SQ":20.5612593087,"ROE_AVG_SQ":33.067373026881,"PE_TTM_SQ":3.04718448231,"PB_TTM_SQ":0.473674869076,"ROA_SQ":4.05678833245,"START_DATE":"2020-01-01 00:00:00","FISCAL_YEAR":"12-31","CURRENCY":"HKD","IS_CNY_CODE":0,"DPS_HKD_LY":0.3,"ORG_TYPE":"一般企业","PREMIUM_INCOME":null,"PREMIUM_INCOME_YOY":null,"NET_INTEREST_INCOME":null,"NET_INTEREST_INCOME_YOY":null,"FEE_COMMISSION_INCOME":null,"FEE_COMMISSION_INCOME_YOY":null,"ACCOUNTS_RECE_TDAYS":6.668721641728,"INVENTORY_TDAYS":null,"CURRENT_ASSETS_TDAYS":0.2884754742,"TOTAL_ASSETS_TDAYS":0.258570869359,"PREMIUM_EXPENSE":null,"LOAN_DEPOSIT":null,"LOAN_EQUITY":null,"LOAN_ASSETS":null,"DEPOSIT_EQUITY":null,"DEPOSIT_ASSETS":null,"EQUITY_MULTIPLIER":2.021322405968,"EQUITY_RATIO":1.021322405967}],"count":15},"success":true,"message":"ok","code":0}