{"version":"2064a869e3f35fc894044df288a5dd1c","result":{"pages":2,"data":[{"SECUCODE":"09906.HK","SECURITY_CODE":"09906","SECURITY_NAME_ABBR":"宏力医疗管理","ORG_CODE":"10000071182","STD_REPORT_DATE":"2024-06-30 00:00:00","REPORT_DATE":"2024-06-30 00:00:00","DATE_TYPE_CODE":"002","REPORT_TYPE":"2024年中报","PER_NETCASH_OPERATE":0.095568333333,"PER_OI":0.691963333333,"BPS":0.936493333333,"BASIC_EPS":0.04,"DILUTED_EPS":0.04,"OPERATE_INCOME":415178000,"OPERATE_INCOME_YOY":12.0688212445,"GROSS_PROFIT":71621000,"GROSS_PROFIT_YOY":2.388849177984,"HOLDER_PROFIT":20042000,"HOLDER_PROFIT_YOY":-17.3968594156,"GROSS_PROFIT_RATIO":17.250673205228,"EPS_TTM":0.056815,"OPERATE_INCOME_QOQ":5.878949728281,"NET_PROFIT_RATIO":4.880557255,"ROE_AVG":3.631619479049,"GROSS_PROFIT_QOQ":1.153654966723,"ROA":2.043660009289,"HOLDER_PROFIT_QOQ":-11.018010963195,"ROE_YEARLY":7.263238958097,"ROIC_YEARLY":5.528758953337,"TOTAL_ASSETS":992674000,"TOTAL_LIABILITIES":424964000,"TAX_EBT":27.856303628013,"OCF_SALES":13.81118460034,"TOTAL_PARENT_EQUITY":561896000,"DEBT_ASSET_RATIO":42.8100262523,"OPERATE_PROFIT":31833000,"PRETAX_PROFIT":28087000,"NETCASH_OPERATE":57341000,"NETCASH_INVEST":-22975000,"NETCASH_FINANCE":-13962000,"END_CASH":260203000,"DIVI_RATIO":null,"DIVIDEND_RATE":null,"CURRENT_RATIO":0.895087690093,"COMMON_ACS":3900000000,"CURRENTDEBT_DEBT":96.122024453836,"ISSUED_COMMON_SHARES":600000000,"HK_COMMON_SHARES":600000000,"PER_SHARES":2000,"TOTAL_MARKET_CAP":1092000000,"HKSK_MARKET_CAP":1092000000,"PE_TTM":28.799125756698,"PB_TTM":1.773720688526,"REPORT_DATE_SQ":"2023-06-30 00:00:00","REPORT_TYPE_SQ":"2023年中报","OPERATE_INCOME_SQ":370467000,"DPS_HKD":null,"OPERATE_INCOME_QOQ_SQ":-0.587395522603,"NET_PROFIT_RATIO_SQ":6.6130046671,"HOLDER_PROFIT_SQ":24263000,"HOLDER_PROFIT_QOQ_SQ":-16.160336690706,"ROE_AVG_SQ":4.379800532515,"PE_TTM_SQ":35.869810121777,"PB_TTM_SQ":2.575344683106,"ROA_SQ":2.563510624417,"START_DATE":"2024-01-01 00:00:00","FISCAL_YEAR":"12-31","CURRENCY":"HKD","IS_CNY_CODE":0,"DPS_HKD_LY":null,"ORG_TYPE":"一般企业","PREMIUM_INCOME":null,"PREMIUM_INCOME_YOY":null,"NET_INTEREST_INCOME":null,"NET_INTEREST_INCOME_YOY":null,"FEE_COMMISSION_INCOME":null,"FEE_COMMISSION_INCOME_YOY":null,"ACCOUNTS_RECE_TDAYS":7.642274028329,"INVENTORY_TDAYS":13.075930577757,"CURRENT_ASSETS_TDAYS":1.183924352578,"TOTAL_ASSETS_TDAYS":0.423352297843,"PREMIUM_EXPENSE":null,"LOAN_DEPOSIT":null,"LOAN_EQUITY":null,"LOAN_ASSETS":null,"DEPOSIT_EQUITY":null,"DEPOSIT_ASSETS":null,"EQUITY_MULTIPLIER":1.748558242764,"EQUITY_RATIO":0.756303657616},{"SECUCODE":"09906.HK","SECURITY_CODE":"09906","SECURITY_NAME_ABBR":"宏力医疗管理","ORG_CODE":"10000071182","STD_REPORT_DATE":"2023-12-31 00:00:00","REPORT_DATE":"2023-12-31 00:00:00","DATE_TYPE_CODE":"001","REPORT_TYPE":"2023年年报","PER_NETCASH_OPERATE":0.152598333333,"PER_OI":1.267545,"BPS":0.90309,"BASIC_EPS":0.07,"DILUTED_EPS":0.07,"OPERATE_INCOME":760527000,"OPERATE_INCOME_YOY":4.4982817822,"GROSS_PROFIT":144844000,"GROSS_PROFIT_YOY":4.659850428122,"HOLDER_PROFIT":38310000,"HOLDER_PROFIT_YOY":-21.731668948,"GROSS_PROFIT_RATIO":19.045214699807,"EPS_TTM":0.06385,"OPERATE_INCOME_QOQ":5.11572685532,"NET_PROFIT_RATIO":5.0883137614,"ROE_AVG":7.02085547777,"GROSS_PROFIT_QOQ":16.085081827945,"ROA":4.024694457824,"HOLDER_PROFIT_QOQ":-6.645222603992,"ROE_YEARLY":7.02085547777,"ROIC_YEARLY":5.480859197285,"TOTAL_ASSETS":968709000,"TOTAL_LIABILITIES":421262000,"TAX_EBT":24.744272879312,"OCF_SALES":12.038888823145,"TOTAL_PARENT_EQUITY":541854000,"DEBT_ASSET_RATIO":43.4869501574,"OPERATE_PROFIT":57445000,"PRETAX_PROFIT":51422000,"NETCASH_OPERATE":91559000,"NETCASH_INVEST":-88762000,"NETCASH_FINANCE":-19116000,"END_CASH":239755000,"DIVI_RATIO":null,"DIVIDEND_RATE":null,"CURRENT_RATIO":0.848949970288,"COMMON_ACS":3900000000,"CURRENTDEBT_DEBT":93.876257530943,"ISSUED_COMMON_SHARES":600000000,"HK_COMMON_SHARES":600000000,"PER_SHARES":2000,"TOTAL_MARKET_CAP":1248000000,"HKSK_MARKET_CAP":1248000000,"PE_TTM":32.913286579083,"PB_TTM":2.027109358315,"REPORT_DATE_SQ":"2022-12-31 00:00:00","REPORT_TYPE_SQ":"2022年年报","OPERATE_INCOME_SQ":727789000,"DPS_HKD":null,"OPERATE_INCOME_QOQ_SQ":4.691480562448,"NET_PROFIT_RATIO_SQ":6.7798496542,"HOLDER_PROFIT_SQ":48947000,"HOLDER_PROFIT_QOQ_SQ":-0.0367609517,"ROE_AVG_SQ":8.809025890585,"PE_TTM_SQ":35.731849313616,"PB_TTM_SQ":2.565439511248,"ROA_SQ":5.161138620125,"START_DATE":"2023-01-01 00:00:00","FISCAL_YEAR":"12-31","CURRENCY":"HKD","IS_CNY_CODE":0,"DPS_HKD_LY":null,"ORG_TYPE":"一般企业","PREMIUM_INCOME":null,"PREMIUM_INCOME_YOY":null,"NET_INTEREST_INCOME":null,"NET_INTEREST_INCOME_YOY":null,"FEE_COMMISSION_INCOME":null,"FEE_COMMISSION_INCOME_YOY":null,"ACCOUNTS_RECE_TDAYS":19.253116970242,"INVENTORY_TDAYS":20.070838291144,"CURRENT_ASSETS_TDAYS":2.273548552962,"TOTAL_ASSETS_TDAYS":0.798979066021,"PREMIUM_EXPENSE":null,"LOAN_DEPOSIT":null,"LOAN_EQUITY":null,"LOAN_ASSETS":null,"DEPOSIT_EQUITY":null,"DEPOSIT_ASSETS":null,"EQUITY_MULTIPLIER":1.769502801185,"EQUITY_RATIO":0.777445584973},{"SECUCODE":"09906.HK","SECURITY_CODE":"09906","SECURITY_NAME_ABBR":"宏力医疗管理","ORG_CODE":"10000071182","STD_REPORT_DATE":"2023-06-30 00:00:00","REPORT_DATE":"2023-06-30 00:00:00","DATE_TYPE_CODE":"002","REPORT_TYPE":"2023年中报","PER_NETCASH_OPERATE":0.077348333333,"PER_OI":0.617445,"BPS":0.930806666667,"BASIC_EPS":0.04,"DILUTED_EPS":0.04,"OPERATE_INCOME":370467000,"OPERATE_INCOME_YOY":-1.14078486,"GROSS_PROFIT":69950000,"GROSS_PROFIT_YOY":-16.298716061792,"HOLDER_PROFIT":24263000,"HOLDER_PROFIT_YOY":-24.5858328412,"GROSS_PROFIT_RATIO":18.881573797396,"EPS_TTM":0.068395,"OPERATE_INCOME_QOQ":-0.587395522603,"NET_PROFIT_RATIO":6.6130046671,"ROE_AVG":4.379800532515,"GROSS_PROFIT_QOQ":-9.842118573648,"ROA":2.563510624417,"HOLDER_PROFIT_QOQ":-16.160336690706,"ROE_YEARLY":8.75960106503,"ROIC_YEARLY":7.174597495263,"TOTAL_ASSETS":957913000,"TOTAL_LIABILITIES":393988000,"TAX_EBT":23.686259851104,"OCF_SALES":12.527161663522,"TOTAL_PARENT_EQUITY":558484000,"DEBT_ASSET_RATIO":41.129831206,"OPERATE_PROFIT":33683000,"PRETAX_PROFIT":32103000,"NETCASH_OPERATE":46409000,"NETCASH_INVEST":-37794000,"NETCASH_FINANCE":9479000,"END_CASH":274350000,"DIVI_RATIO":null,"DIVIDEND_RATE":null,"CURRENT_RATIO":0.94460313012,"COMMON_ACS":3900000000,"CURRENTDEBT_DEBT":94.191701270089,"ISSUED_COMMON_SHARES":600000000,"HK_COMMON_SHARES":600000000,"PER_SHARES":2000,"TOTAL_MARKET_CAP":1248000000,"HKSK_MARKET_CAP":1248000000,"PE_TTM":32.913286579083,"PB_TTM":2.027109358315,"REPORT_DATE_SQ":"2022-06-30 00:00:00","REPORT_TYPE_SQ":"2022年中报","OPERATE_INCOME_SQ":374742000,"DPS_HKD":null,"OPERATE_INCOME_QOQ_SQ":14.557121599375,"NET_PROFIT_RATIO_SQ":8.6606251768,"HOLDER_PROFIT_SQ":32173000,"HOLDER_PROFIT_QOQ_SQ":33.729345896491,"ROE_AVG_SQ":5.567105746977,"PE_TTM_SQ":35.731849313616,"PB_TTM_SQ":2.565439511248,"ROA_SQ":3.340553045154,"START_DATE":"2023-01-01 00:00:00","FISCAL_YEAR":"12-31","CURRENCY":"HKD","IS_CNY_CODE":0,"DPS_HKD_LY":null,"ORG_TYPE":"一般企业","PREMIUM_INCOME":null,"PREMIUM_INCOME_YOY":null,"NET_INTEREST_INCOME":null,"NET_INTEREST_INCOME_YOY":null,"FEE_COMMISSION_INCOME":null,"FEE_COMMISSION_INCOME_YOY":null,"ACCOUNTS_RECE_TDAYS":7.089056430471,"INVENTORY_TDAYS":12.707118543732,"CURRENT_ASSETS_TDAYS":1.083493458977,"TOTAL_ASSETS_TDAYS":0.391417421793,"PREMIUM_EXPENSE":null,"LOAN_DEPOSIT":null,"LOAN_EQUITY":null,"LOAN_ASSETS":null,"DEPOSIT_EQUITY":null,"DEPOSIT_ASSETS":null,"EQUITY_MULTIPLIER":1.698653189698,"EQUITY_RATIO":0.705459780406},{"SECUCODE":"09906.HK","SECURITY_CODE":"09906","SECURITY_NAME_ABBR":"宏力医疗管理","ORG_CODE":"10000071182","STD_REPORT_DATE":"2022-12-31 00:00:00","REPORT_DATE":"2022-12-31 00:00:00","DATE_TYPE_CODE":"001","REPORT_TYPE":"2022年年报","PER_NETCASH_OPERATE":0.197453333333,"PER_OI":1.212981666667,"BPS":0.915776666667,"BASIC_EPS":0.08,"DILUTED_EPS":0.08,"OPERATE_INCOME":727789000,"OPERATE_INCOME_YOY":19.9315466921,"GROSS_PROFIT":138395000,"GROSS_PROFIT_YOY":2.282973408422,"HOLDER_PROFIT":48947000,"HOLDER_PROFIT_YOY":33.6801857162,"GROSS_PROFIT_RATIO":19.015813649286,"EPS_TTM":0.081578333333,"OPERATE_INCOME_QOQ":4.691480562448,"NET_PROFIT_RATIO":6.7798496542,"ROE_AVG":8.809025890585,"GROSS_PROFIT_QOQ":-8.476179139222,"ROA":5.161138620125,"HOLDER_PROFIT_QOQ":-0.0367609517,"ROE_YEARLY":8.809025890585,"ROIC_YEARLY":7.156569607205,"TOTAL_ASSETS":935038000,"TOTAL_LIABILITIES":380367000,"TAX_EBT":21.703876485616,"OCF_SALES":16.278344410262,"TOTAL_PARENT_EQUITY":549466000,"DEBT_ASSET_RATIO":40.6793092901,"OPERATE_PROFIT":61561000,"PRETAX_PROFIT":63021000,"NETCASH_OPERATE":118472000,"NETCASH_INVEST":-19161000,"NETCASH_FINANCE":-117848000,"END_CASH":255238000,"DIVI_RATIO":null,"DIVIDEND_RATE":null,"CURRENT_RATIO":0.882995633928,"COMMON_ACS":3900000000,"CURRENTDEBT_DEBT":99.234686500143,"ISSUED_COMMON_SHARES":600000000,"HK_COMMON_SHARES":600000000,"PER_SHARES":2000,"TOTAL_MARKET_CAP":1248000000,"HKSK_MARKET_CAP":1248000000,"PE_TTM":32.913286579083,"PB_TTM":2.027109358315,"REPORT_DATE_SQ":"2021-12-31 00:00:00","REPORT_TYPE_SQ":"2021年年报","OPERATE_INCOME_SQ":606837000,"DPS_HKD":null,"OPERATE_INCOME_QOQ_SQ":7.254053595478,"NET_PROFIT_RATIO_SQ":6.1001553959,"HOLDER_PROFIT_SQ":36615000,"HOLDER_PROFIT_QOQ_SQ":28.835327234342,"ROE_AVG_SQ":6.736661217603,"PE_TTM_SQ":35.731849313616,"PB_TTM_SQ":2.565439511248,"ROA_SQ":3.786104484696,"START_DATE":"2022-01-01 00:00:00","FISCAL_YEAR":"12-31","CURRENCY":"HKD","IS_CNY_CODE":0,"DPS_HKD_LY":null,"ORG_TYPE":"一般企业","PREMIUM_INCOME":null,"PREMIUM_INCOME_YOY":null,"NET_INTEREST_INCOME":null,"NET_INTEREST_INCOME_YOY":null,"FEE_COMMISSION_INCOME":null,"FEE_COMMISSION_INCOME_YOY":null,"ACCOUNTS_RECE_TDAYS":17.781961225063,"INVENTORY_TDAYS":20.813037413705,"CURRENT_ASSETS_TDAYS":2.203811761713,"TOTAL_ASSETS_TDAYS":0.767405543793,"PREMIUM_EXPENSE":null,"LOAN_DEPOSIT":null,"LOAN_EQUITY":null,"LOAN_ASSETS":null,"DEPOSIT_EQUITY":null,"DEPOSIT_ASSETS":null,"EQUITY_MULTIPLIER":1.685752455059,"EQUITY_RATIO":0.692248473973},{"SECUCODE":"09906.HK","SECURITY_CODE":"09906","SECURITY_NAME_ABBR":"宏力医疗管理","ORG_CODE":"10000071182","STD_REPORT_DATE":"2022-06-30 00:00:00","REPORT_DATE":"2022-06-30 00:00:00","DATE_TYPE_CODE":"002","REPORT_TYPE":"2022年中报","PER_NETCASH_OPERATE":0.067993333333,"PER_OI":0.62457,"BPS":0.989998333333,"BASIC_EPS":0.05,"DILUTED_EPS":0.05,"OPERATE_INCOME":374742000,"OPERATE_INCOME_YOY":30.8438429631,"GROSS_PROFIT":83571000,"GROSS_PROFIT_YOY":23.506982930614,"HOLDER_PROFIT":32173000,"HOLDER_PROFIT_YOY":62.3013670988,"GROSS_PROFIT_RATIO":22.300943048818,"EPS_TTM":0.081608333333,"OPERATE_INCOME_QOQ":14.557121599375,"NET_PROFIT_RATIO":8.6606251768,"ROE_AVG":5.567105746977,"GROSS_PROFIT_QOQ":11.75557624939,"ROA":3.340553045154,"HOLDER_PROFIT_QOQ":33.729345896491,"ROE_YEARLY":11.134211493955,"ROIC_YEARLY":9.320455289452,"TOTAL_ASSETS":964494000,"TOTAL_LIABILITIES":365404000,"TAX_EBT":22.413999187206,"OCF_SALES":10.88642319249,"TOTAL_PARENT_EQUITY":593999000,"DEBT_ASSET_RATIO":37.8855648661,"OPERATE_PROFIT":41848000,"PRETAX_PROFIT":41831000,"NETCASH_OPERATE":40796000,"NETCASH_INVEST":-4642000,"NETCASH_FINANCE":-32468000,"END_CASH":271950000,"DIVI_RATIO":null,"DIVIDEND_RATE":null,"CURRENT_RATIO":0.965895546122,"COMMON_ACS":3900000000,"CURRENTDEBT_DEBT":98.957592144585,"ISSUED_COMMON_SHARES":600000000,"HK_COMMON_SHARES":600000000,"PER_SHARES":2000,"TOTAL_MARKET_CAP":1248000000,"HKSK_MARKET_CAP":1248000000,"PE_TTM":32.913286579083,"PB_TTM":2.027109358315,"REPORT_DATE_SQ":"2021-06-30 00:00:00","REPORT_TYPE_SQ":"2021年中报","OPERATE_INCOME_SQ":286404000,"DPS_HKD":null,"OPERATE_INCOME_QOQ_SQ":7.96709430333,"NET_PROFIT_RATIO_SQ":6.9957123504,"HOLDER_PROFIT_SQ":19823000,"HOLDER_PROFIT_QOQ_SQ":30.128205128205,"ROE_AVG_SQ":3.704385444454,"PE_TTM_SQ":35.731849313616,"PB_TTM_SQ":2.565439511248,"ROA_SQ":2.055534586239,"START_DATE":"2022-01-01 00:00:00","FISCAL_YEAR":"12-31","CURRENCY":"HKD","IS_CNY_CODE":0,"DPS_HKD_LY":null,"ORG_TYPE":"一般企业","PREMIUM_INCOME":null,"PREMIUM_INCOME_YOY":null,"NET_INTEREST_INCOME":null,"NET_INTEREST_INCOME_YOY":null,"FEE_COMMISSION_INCOME":null,"FEE_COMMISSION_INCOME_YOY":null,"ACCOUNTS_RECE_TDAYS":8.239981529734,"INVENTORY_TDAYS":13.124974644459,"CURRENT_ASSETS_TDAYS":1.107961676569,"TOTAL_ASSETS_TDAYS":0.38909816593,"PREMIUM_EXPENSE":null,"LOAN_DEPOSIT":null,"LOAN_EQUITY":null,"LOAN_ASSETS":null,"DEPOSIT_EQUITY":null,"DEPOSIT_ASSETS":null,"EQUITY_MULTIPLIER":1.609931729789,"EQUITY_RATIO":0.61515928478},{"SECUCODE":"09906.HK","SECURITY_CODE":"09906","SECURITY_NAME_ABBR":"宏力医疗管理","ORG_CODE":"10000071182","STD_REPORT_DATE":"2021-12-31 00:00:00","REPORT_DATE":"2021-12-31 00:00:00","DATE_TYPE_CODE":"001","REPORT_TYPE":"2021年年报","PER_NETCASH_OPERATE":0.152406666667,"PER_OI":1.011395,"BPS":0.936376666667,"BASIC_EPS":0.06,"DILUTED_EPS":0.06,"OPERATE_INCOME":606837000,"OPERATE_INCOME_YOY":15.7990851896,"GROSS_PROFIT":135306000,"GROSS_PROFIT_YOY":-1.661433804291,"HOLDER_PROFIT":36615000,"HOLDER_PROFIT_YOY":67.6510989011,"GROSS_PROFIT_RATIO":22.296926522279,"EPS_TTM":0.061025,"OPERATE_INCOME_QOQ":7.254053595478,"NET_PROFIT_RATIO":6.1001553959,"ROE_AVG":6.736661217603,"GROSS_PROFIT_QOQ":-5.705504798143,"ROA":3.786104484696,"HOLDER_PROFIT_QOQ":28.835327234342,"ROE_YEARLY":6.736661217603,"ROIC_YEARLY":5.389016649802,"TOTAL_ASSETS":961714000,"TOTAL_LIABILITIES":395079000,"TAX_EBT":26.757943888251,"OCF_SALES":15.068955914026,"TOTAL_PARENT_EQUITY":561826000,"DEBT_ASSET_RATIO":41.0807163044,"OPERATE_PROFIT":66561000,"PRETAX_PROFIT":50542000,"NETCASH_OPERATE":91444000,"NETCASH_INVEST":-50461000,"NETCASH_FINANCE":-76872000,"END_CASH":263610000,"DIVI_RATIO":null,"DIVIDEND_RATE":null,"CURRENT_RATIO":0.833509533939,"COMMON_ACS":3900000000,"CURRENTDEBT_DEBT":99.3586092908,"ISSUED_COMMON_SHARES":600000000,"HK_COMMON_SHARES":600000000,"PER_SHARES":2000,"TOTAL_MARKET_CAP":1248000000,"HKSK_MARKET_CAP":1248000000,"PE_TTM":32.913286579083,"PB_TTM":2.027109358315,"REPORT_DATE_SQ":"2020-12-31 00:00:00","REPORT_TYPE_SQ":"2020年年报","OPERATE_INCOME_SQ":524043000,"DPS_HKD":null,"OPERATE_INCOME_QOQ_SQ":3.847388571383,"NET_PROFIT_RATIO_SQ":4.2345761703,"HOLDER_PROFIT_SQ":21840000,"HOLDER_PROFIT_QOQ_SQ":-24.087591240876,"ROE_AVG_SQ":5.726391743928,"PE_TTM_SQ":35.731849313616,"PB_TTM_SQ":2.565439511248,"ROA_SQ":2.572759378674,"START_DATE":"2021-01-01 00:00:00","FISCAL_YEAR":"12-31","CURRENCY":"HKD","IS_CNY_CODE":0,"DPS_HKD_LY":null,"ORG_TYPE":"一般企业","PREMIUM_INCOME":null,"PREMIUM_INCOME_YOY":null,"NET_INTEREST_INCOME":null,"NET_INTEREST_INCOME_YOY":null,"FEE_COMMISSION_INCOME":null,"FEE_COMMISSION_INCOME_YOY":null,"ACCOUNTS_RECE_TDAYS":22.662620906001,"INVENTORY_TDAYS":19.711186355656,"CURRENT_ASSETS_TDAYS":1.786390933176,"TOTAL_ASSETS_TDAYS":0.627488266333,"PREMIUM_EXPENSE":null,"LOAN_DEPOSIT":null,"LOAN_EQUITY":null,"LOAN_ASSETS":null,"DEPOSIT_EQUITY":null,"DEPOSIT_ASSETS":null,"EQUITY_MULTIPLIER":1.697237198548,"EQUITY_RATIO":0.703205262839},{"SECUCODE":"09906.HK","SECURITY_CODE":"09906","SECURITY_NAME_ABBR":"宏力医疗管理","ORG_CODE":"10000071182","STD_REPORT_DATE":"2021-06-30 00:00:00","REPORT_DATE":"2021-06-30 00:00:00","DATE_TYPE_CODE":"002","REPORT_TYPE":"2021年中报","PER_NETCASH_OPERATE":0.054303333333,"PER_OI":0.47734,"BPS":0.90839,"BASIC_EPS":0.03,"DILUTED_EPS":0.03,"OPERATE_INCOME":286404000,"OPERATE_INCOME_YOY":17.065394661,"GROSS_PROFIT":67665000,"GROSS_PROFIT_YOY":9.554109189819,"HOLDER_PROFIT":19823000,"HOLDER_PROFIT_YOY":49.6866268972,"GROSS_PROFIT_RATIO":23.625717517912,"EPS_TTM":0.047366666667,"OPERATE_INCOME_QOQ":7.96709430333,"NET_PROFIT_RATIO":6.9957123504,"ROE_AVG":3.704385444454,"GROSS_PROFIT_QOQ":4.288766788767,"ROA":2.055534586239,"HOLDER_PROFIT_QOQ":30.128205128205,"ROE_YEARLY":7.408770888909,"ROIC_YEARLY":5.962086925922,"TOTAL_ASSETS":956280000,"TOTAL_LIABILITIES":406627000,"TAX_EBT":26.378835201176,"OCF_SALES":11.376237762042,"TOTAL_PARENT_EQUITY":545034000,"DEBT_ASSET_RATIO":42.5217509516,"OPERATE_PROFIT":35509000,"PRETAX_PROFIT":27215000,"NETCASH_OPERATE":32582000,"NETCASH_INVEST":-17582000,"NETCASH_FINANCE":-28995000,"END_CASH":287304000,"DIVI_RATIO":null,"DIVIDEND_RATE":null,"CURRENT_RATIO":0.827865684142,"COMMON_ACS":3900000000,"CURRENTDEBT_DEBT":99.252140167771,"ISSUED_COMMON_SHARES":600000000,"HK_COMMON_SHARES":600000000,"PER_SHARES":2000,"TOTAL_MARKET_CAP":1248000000,"HKSK_MARKET_CAP":1248000000,"PE_TTM":32.913286579083,"PB_TTM":2.027109358315,"REPORT_DATE_SQ":"2020-06-30 00:00:00","REPORT_TYPE_SQ":"2020年中报","OPERATE_INCOME_SQ":244653000,"DPS_HKD":null,"OPERATE_INCOME_QOQ_SQ":-4.98580326412,"NET_PROFIT_RATIO_SQ":5.4689703376,"HOLDER_PROFIT_SQ":13243000,"HOLDER_PROFIT_QOQ_SQ":-41.716299987845,"ROE_AVG_SQ":5.423136065718,"PE_TTM_SQ":35.731849313616,"PB_TTM_SQ":2.565439511248,"ROA_SQ":1.841762517915,"START_DATE":"2021-01-01 00:00:00","FISCAL_YEAR":"12-31","CURRENCY":"HKD","IS_CNY_CODE":0,"DPS_HKD_LY":null,"ORG_TYPE":"一般企业","PREMIUM_INCOME":null,"PREMIUM_INCOME_YOY":null,"NET_INTEREST_INCOME":null,"NET_INTEREST_INCOME_YOY":null,"FEE_COMMISSION_INCOME":null,"FEE_COMMISSION_INCOME_YOY":null,"ACCOUNTS_RECE_TDAYS":12.731047051764,"INVENTORY_TDAYS":13.417101147028,"CURRENT_ASSETS_TDAYS":0.834601682876,"TOTAL_ASSETS_TDAYS":0.296984980899,"PREMIUM_EXPENSE":null,"LOAN_DEPOSIT":null,"LOAN_EQUITY":null,"LOAN_ASSETS":null,"DEPOSIT_EQUITY":null,"DEPOSIT_ASSETS":null,"EQUITY_MULTIPLIER":1.739788557508,"EQUITY_RATIO":0.746058044085},{"SECUCODE":"09906.HK","SECURITY_CODE":"09906","SECURITY_NAME_ABBR":"宏力医疗管理","ORG_CODE":"10000071182","STD_REPORT_DATE":"2020-12-31 00:00:00","REPORT_DATE":"2020-12-31 00:00:00","DATE_TYPE_CODE":"001","REPORT_TYPE":"2020年年报","PER_NETCASH_OPERATE":0.124356666667,"PER_OI":0.873405,"BPS":0.875351666667,"BASIC_EPS":0.04,"DILUTED_EPS":0.04,"OPERATE_INCOME":524043000,"OPERATE_INCOME_YOY":-1.3302379177,"GROSS_PROFIT":137592000,"GROSS_PROFIT_YOY":-19.137732433767,"HOLDER_PROFIT":21840000,"HOLDER_PROFIT_YOY":-55.7554394068,"GROSS_PROFIT_RATIO":26.255860683188,"EPS_TTM":0.0364,"OPERATE_INCOME_QOQ":3.847388571383,"NET_PROFIT_RATIO":4.2345761703,"ROE_AVG":5.726391743928,"GROSS_PROFIT_QOQ":-2.959347758626,"ROA":2.572759378674,"HOLDER_PROFIT_QOQ":-24.087591240876,"ROE_YEARLY":5.726391743928,"ROIC_YEARLY":3.406519960663,"TOTAL_ASSETS":972464000,"TOTAL_LIABILITIES":442847000,"TAX_EBT":28.075065633812,"OCF_SALES":14.238144579739,"TOTAL_PARENT_EQUITY":525211000,"DEBT_ASSET_RATIO":45.5386523306,"OPERATE_PROFIT":61970000,"PRETAX_PROFIT":30853000,"NETCASH_OPERATE":74614000,"NETCASH_INVEST":-80062000,"NETCASH_FINANCE":215156000,"END_CASH":302478000,"DIVI_RATIO":null,"DIVIDEND_RATE":null,"CURRENT_RATIO":0.799737515525,"COMMON_ACS":3900000000,"CURRENTDEBT_DEBT":99.449019638837,"ISSUED_COMMON_SHARES":600000000,"HK_COMMON_SHARES":600000000,"PER_SHARES":2000,"TOTAL_MARKET_CAP":1248000000,"HKSK_MARKET_CAP":1248000000,"PE_TTM":32.913286579083,"PB_TTM":2.027109358315,"REPORT_DATE_SQ":"2019-12-31 00:00:00","REPORT_TYPE_SQ":"2019年年报","OPERATE_INCOME_SQ":531108000,"DPS_HKD":null,"OPERATE_INCOME_QOQ_SQ":1.413775720636,"NET_PROFIT_RATIO_SQ":9.3875445295,"HOLDER_PROFIT_SQ":49362000,"HOLDER_PROFIT_QOQ_SQ":-16.501175634758,"ROE_AVG_SQ":28.895393080841,"PE_TTM_SQ":35.731849313616,"PB_TTM_SQ":2.565439511248,"ROA_SQ":7.384198365998,"START_DATE":"2020-01-01 00:00:00","FISCAL_YEAR":"12-31","CURRENCY":"HKD","IS_CNY_CODE":0,"DPS_HKD_LY":null,"ORG_TYPE":"一般企业","PREMIUM_INCOME":null,"PREMIUM_INCOME_YOY":null,"NET_INTEREST_INCOME":null,"NET_INTEREST_INCOME_YOY":null,"FEE_COMMISSION_INCOME":null,"FEE_COMMISSION_INCOME_YOY":null,"ACCOUNTS_RECE_TDAYS":29.078767028272,"INVENTORY_TDAYS":17.633683922338,"CURRENT_ASSETS_TDAYS":2.022625298882,"TOTAL_ASSETS_TDAYS":0.617324424486,"PREMIUM_EXPENSE":null,"LOAN_DEPOSIT":null,"LOAN_EQUITY":null,"LOAN_ASSETS":null,"DEPOSIT_EQUITY":null,"DEPOSIT_ASSETS":null,"EQUITY_MULTIPLIER":1.836164624626,"EQUITY_RATIO":0.843179217495},{"SECUCODE":"09906.HK","SECURITY_CODE":"09906","SECURITY_NAME_ABBR":"宏力医疗管理","ORG_CODE":"10000071182","STD_REPORT_DATE":"2020-06-30 00:00:00","REPORT_DATE":"2020-06-30 00:00:00","DATE_TYPE_CODE":"002","REPORT_TYPE":"2020年中报","PER_NETCASH_OPERATE":0.079684286495,"PER_OI":0.618928177789,"BPS":0.418026666667,"BASIC_EPS":0.03,"DILUTED_EPS":0.03,"OPERATE_INCOME":244653000,"OPERATE_INCOME_YOY":-9.766424596,"GROSS_PROFIT":61764000,"GROSS_PROFIT_YOY":-31.47383837039,"HOLDER_PROFIT":13243000,"HOLDER_PROFIT_YOY":-60.8600561549,"GROSS_PROFIT_RATIO":25.245551863251,"EPS_TTM":0.072782936138,"OPERATE_INCOME_QOQ":-4.98580326412,"NET_PROFIT_RATIO":5.4689703376,"ROE_AVG":5.423136065718,"GROSS_PROFIT_QOQ":-16.671760031971,"ROA":1.841762517915,"HOLDER_PROFIT_QOQ":-41.716299987845,"ROE_YEARLY":10.846272131436,"ROIC_YEARLY":4.269841883979,"TOTAL_ASSETS":712755000,"TOTAL_LIABILITIES":457747000,"TAX_EBT":9.698319497874,"OCF_SALES":12.874561113087,"TOTAL_PARENT_EQUITY":250816000,"DEBT_ASSET_RATIO":64.2222081922,"OPERATE_PROFIT":25442000,"PRETAX_PROFIT":14817000,"NETCASH_OPERATE":31498000,"NETCASH_INVEST":-11737000,"NETCASH_FINANCE":-39741000,"END_CASH":84622000,"DIVI_RATIO":null,"DIVIDEND_RATE":null,"CURRENT_RATIO":0.389641252686,"COMMON_ACS":3900000000,"CURRENTDEBT_DEBT":87.23902068173,"ISSUED_COMMON_SHARES":600000000,"HK_COMMON_SHARES":600000000,"PER_SHARES":2000,"TOTAL_MARKET_CAP":1248000000,"HKSK_MARKET_CAP":1248000000,"PE_TTM":32.913286579083,"PB_TTM":2.027109358315,"REPORT_DATE_SQ":"2019-06-30 00:00:00","REPORT_TYPE_SQ":"2019年中报","OPERATE_INCOME_SQ":271133000,"DPS_HKD":null,"OPERATE_INCOME_QOQ_SQ":0,"NET_PROFIT_RATIO_SQ":12.6056215953,"HOLDER_PROFIT_SQ":33835000,"HOLDER_PROFIT_QOQ_SQ":0,"ROE_AVG_SQ":null,"PE_TTM_SQ":35.731849313616,"PB_TTM_SQ":2.565439511248,"ROA_SQ":null,"START_DATE":"2020-01-01 00:00:00","FISCAL_YEAR":"12-31","CURRENCY":"HKD","IS_CNY_CODE":0,"DPS_HKD_LY":null,"ORG_TYPE":"一般企业","PREMIUM_INCOME":null,"PREMIUM_INCOME_YOY":null,"NET_INTEREST_INCOME":null,"NET_INTEREST_INCOME_YOY":null,"FEE_COMMISSION_INCOME":null,"FEE_COMMISSION_INCOME_YOY":null,"ACCOUNTS_RECE_TDAYS":9.748102400638,"INVENTORY_TDAYS":9.902753336763,"CURRENT_ASSETS_TDAYS":1.521625286098,"TOTAL_ASSETS_TDAYS":0.340249735932,"PREMIUM_EXPENSE":null,"LOAN_DEPOSIT":null,"LOAN_EQUITY":null,"LOAN_ASSETS":null,"DEPOSIT_EQUITY":null,"DEPOSIT_ASSETS":null,"EQUITY_MULTIPLIER":2.795029959848,"EQUITY_RATIO":1.825031098495}],"count":16},"success":true,"message":"ok","code":0}