{"version":"b92e070f474a22b8ae17fbad9a7ae466","result":{"pages":2,"data":[{"SECUCODE":"09911.HK","SECURITY_CODE":"09911","SECURITY_NAME_ABBR":"赤子城科技","ORG_CODE":"10000039802","STD_REPORT_DATE":"2024-06-30 00:00:00","REPORT_DATE":"2024-06-30 00:00:00","DATE_TYPE_CODE":"002","REPORT_TYPE":"2024年中报","PER_NETCASH_OPERATE":0.301135982055,"PER_OI":1.907231769889,"BPS":0.918952319612,"BASIC_EPS":0.2,"DILUTED_EPS":0.2,"OPERATE_INCOME":2271925000,"OPERATE_INCOME_YOY":65.284040397,"GROSS_PROFIT":1141031000,"GROSS_PROFIT_YOY":61.41700759955,"HOLDER_PROFIT":224676000,"HOLDER_PROFIT_YOY":21.2485564106,"GROSS_PROFIT_RATIO":50.223092751741,"EPS_TTM":0.463575875408,"OPERATE_INCOME_QOQ":27.12882493767,"NET_PROFIT_RATIO":17.0612146088,"ROE_AVG":18.587066586365,"GROSS_PROFIT_QOQ":25.210573474101,"ROA":7.760841079028,"HOLDER_PROFIT_QOQ":7.677563396348,"ROE_YEARLY":37.17413317273,"ROIC_YEARLY":79.318781177517,"TOTAL_ASSETS":2999135000,"TOTAL_LIABILITIES":747666000,"TAX_EBT":-0.764537521089,"OCF_SALES":15.789165575448,"TOTAL_PARENT_EQUITY":1296609000,"DEBT_ASSET_RATIO":24.9293879735,"OPERATE_PROFIT":366585000,"PRETAX_PROFIT":384677000,"NETCASH_OPERATE":358718000,"NETCASH_INVEST":-119126000,"NETCASH_FINANCE":-134230000,"END_CASH":1489113000,"DIVI_RATIO":null,"DIVIDEND_RATE":null,"CURRENT_RATIO":3.5168496136,"COMMON_ACS":3000000000,"CURRENTDEBT_DEBT":83.160796398392,"ISSUED_COMMON_SHARES":1410964391,"HK_COMMON_SHARES":1410964391,"PER_SHARES":2000,"TOTAL_MARKET_CAP":7167699106.28,"HKSK_MARKET_CAP":7167699106.28,"PE_TTM":11.729065815197,"PB_TTM":5.045326401652,"REPORT_DATE_SQ":"2023-06-30 00:00:00","REPORT_TYPE_SQ":"2023年中报","OPERATE_INCOME_SQ":1374558000,"DPS_HKD":null,"OPERATE_INCOME_QOQ_SQ":0.012429912083,"NET_PROFIT_RATIO_SQ":21.9905598745,"HOLDER_PROFIT_SQ":185302000,"HOLDER_PROFIT_QOQ_SQ":78.838898067392,"ROE_AVG_SQ":22.725009504421,"PE_TTM_SQ":8.292289621217,"PB_TTM_SQ":2.070429784423,"ROA_SQ":10.243180315617,"START_DATE":"2024-01-01 00:00:00","FISCAL_YEAR":"12-31","CURRENCY":"HKD","IS_CNY_CODE":0,"DPS_HKD_LY":null,"ORG_TYPE":"一般企业","PREMIUM_INCOME":null,"PREMIUM_INCOME_YOY":null,"NET_INTEREST_INCOME":null,"NET_INTEREST_INCOME_YOY":null,"FEE_COMMISSION_INCOME":null,"FEE_COMMISSION_INCOME_YOY":null,"ACCOUNTS_RECE_TDAYS":8.794661866605,"INVENTORY_TDAYS":57.385396052164,"CURRENT_ASSETS_TDAYS":1.100529308131,"TOTAL_ASSETS_TDAYS":0.784776694817,"PREMIUM_EXPENSE":null,"LOAN_DEPOSIT":null,"LOAN_EQUITY":null,"LOAN_ASSETS":null,"DEPOSIT_EQUITY":null,"DEPOSIT_ASSETS":null,"EQUITY_MULTIPLIER":1.332079189187,"EQUITY_RATIO":0.576631814217},{"SECUCODE":"09911.HK","SECURITY_CODE":"09911","SECURITY_NAME_ABBR":"赤子城科技","ORG_CODE":"10000039802","STD_REPORT_DATE":"2023-12-31 00:00:00","REPORT_DATE":"2023-12-31 00:00:00","DATE_TYPE_CODE":"001","REPORT_TYPE":"2023年年报","PER_NETCASH_OPERATE":0.632549428483,"PER_OI":2.776825529543,"BPS":0.794451658135,"BASIC_EPS":0.45,"DILUTED_EPS":0.45,"OPERATE_INCOME":3307799000,"OPERATE_INCOME_YOY":18.1484217226,"GROSS_PROFIT":1722083000,"GROSS_PROFIT_YOY":62.7820781978,"HOLDER_PROFIT":512845000,"HOLDER_PROFIT_YOY":294.0869097476,"GROSS_PROFIT_RATIO":52.061295139155,"EPS_TTM":0.430522256249,"OPERATE_INCOME_QOQ":18.133737802879,"NET_PROFIT_RATIO":22.9945048052,"ROE_AVG":56.086484594795,"GROSS_PROFIT_QOQ":34.282806858854,"ROA":22.737162533171,"HOLDER_PROFIT_QOQ":120.358609903236,"ROE_YEARLY":56.086484594795,"ROIC_YEARLY":87.572924786615,"TOTAL_ASSETS":2790856000,"TOTAL_LIABILITIES":843361000,"TAX_EBT":1.571772793035,"OCF_SALES":22.779588481646,"TOTAL_PARENT_EQUITY":1120943000,"DEBT_ASSET_RATIO":30.2187214245,"OPERATE_PROFIT":551113000,"PRETAX_PROFIT":772758000,"NETCASH_OPERATE":753503000,"NETCASH_INVEST":214580000,"NETCASH_FINANCE":-162340000,"END_CASH":1386326000,"DIVI_RATIO":null,"DIVIDEND_RATE":null,"CURRENT_RATIO":2.788776726354,"COMMON_ACS":3000000000,"CURRENTDEBT_DEBT":82.575551869247,"ISSUED_COMMON_SHARES":1410964391,"HK_COMMON_SHARES":1410964391,"PER_SHARES":2000,"TOTAL_MARKET_CAP":5432212905.35,"HKSK_MARKET_CAP":5432212905.35,"PE_TTM":8.889154210336,"PB_TTM":3.82372178078,"REPORT_DATE_SQ":"2022-12-31 00:00:00","REPORT_TYPE_SQ":"2022年年报","OPERATE_INCOME_SQ":2799698000,"DPS_HKD":null,"OPERATE_INCOME_QOQ_SQ":3.864009538712,"NET_PROFIT_RATIO_SQ":10.2630712313,"HOLDER_PROFIT_SQ":130135000,"HOLDER_PROFIT_QOQ_SQ":154.007785653812,"ROE_AVG_SQ":21.970665822518,"PE_TTM_SQ":9.102455848577,"PB_TTM_SQ":2.272713154166,"ROA_SQ":7.786348834531,"START_DATE":"2023-01-01 00:00:00","FISCAL_YEAR":"12-31","CURRENCY":"HKD","IS_CNY_CODE":0,"DPS_HKD_LY":null,"ORG_TYPE":"一般企业","PREMIUM_INCOME":null,"PREMIUM_INCOME_YOY":null,"NET_INTEREST_INCOME":null,"NET_INTEREST_INCOME_YOY":null,"FEE_COMMISSION_INCOME":null,"FEE_COMMISSION_INCOME_YOY":null,"ACCOUNTS_RECE_TDAYS":16.213190928296,"INVENTORY_TDAYS":82.157193927776,"CURRENT_ASSETS_TDAYS":2.266586815105,"TOTAL_ASSETS_TDAYS":1.466524261523,"PREMIUM_EXPENSE":null,"LOAN_DEPOSIT":null,"LOAN_EQUITY":null,"LOAN_ASSETS":null,"DEPOSIT_EQUITY":null,"DEPOSIT_ASSETS":null,"EQUITY_MULTIPLIER":1.433049122077,"EQUITY_RATIO":0.752367426354},{"SECUCODE":"09911.HK","SECURITY_CODE":"09911","SECURITY_NAME_ABBR":"赤子城科技","ORG_CODE":"10000039802","STD_REPORT_DATE":"2023-06-30 00:00:00","REPORT_DATE":"2023-06-30 00:00:00","DATE_TYPE_CODE":"002","REPORT_TYPE":"2023年中报","PER_NETCASH_OPERATE":0.148487763764,"PER_OI":1.153911633155,"BPS":0.654161087188,"BASIC_EPS":0.16,"DILUTED_EPS":0.16,"OPERATE_INCOME":1374558000,"OPERATE_INCOME_YOY":0.0253236405,"GROSS_PROFIT":706884000,"GROSS_PROFIT_YOY":46.546673549479,"HOLDER_PROFIT":185302000,"HOLDER_PROFIT_YOY":124.0517501965,"GROSS_PROFIT_RATIO":51.426276664935,"EPS_TTM":0.195373467113,"OPERATE_INCOME_QOQ":0.012429912083,"NET_PROFIT_RATIO":21.9905598745,"ROE_AVG":22.725009504421,"GROSS_PROFIT_QOQ":21.223321142596,"ROA":10.243180315617,"HOLDER_PROFIT_QOQ":78.838898067392,"ROE_YEARLY":45.450019008842,"ROIC_YEARLY":63.215656708233,"TOTAL_ASSETS":1897839000,"TOTAL_LIABILITIES":431103000,"TAX_EBT":3.153014603638,"OCF_SALES":12.868209271635,"TOTAL_PARENT_EQUITY":922998000,"DEBT_ASSET_RATIO":22.7154674343,"OPERATE_PROFIT":277468000,"PRETAX_PROFIT":312114000,"NETCASH_OPERATE":176881000,"NETCASH_INVEST":101485000,"NETCASH_FINANCE":-138528000,"END_CASH":774834000,"DIVI_RATIO":null,"DIVIDEND_RATE":null,"CURRENT_RATIO":3.546234313644,"COMMON_ACS":3000000000,"CURRENTDEBT_DEBT":72.422135777297,"ISSUED_COMMON_SHARES":1410964391,"HK_COMMON_SHARES":1410964391,"PER_SHARES":2000,"TOTAL_MARKET_CAP":5432212905.35,"HKSK_MARKET_CAP":5432212905.35,"PE_TTM":8.889154210336,"PB_TTM":3.82372178078,"REPORT_DATE_SQ":"2022-06-30 00:00:00","REPORT_TYPE_SQ":"2022年中报","OPERATE_INCOME_SQ":1374210000,"DPS_HKD":null,"OPERATE_INCOME_QOQ_SQ":14.226787173237,"NET_PROFIT_RATIO_SQ":11.233654245,"HOLDER_PROFIT_SQ":82705000,"HOLDER_PROFIT_QOQ_SQ":15.833228542287,"ROE_AVG_SQ":12.229628068775,"PE_TTM_SQ":9.102455848577,"PB_TTM_SQ":2.272713154166,"ROA_SQ":5.100734967156,"START_DATE":"2023-01-01 00:00:00","FISCAL_YEAR":"12-31","CURRENCY":"HKD","IS_CNY_CODE":0,"DPS_HKD_LY":null,"ORG_TYPE":"一般企业","PREMIUM_INCOME":null,"PREMIUM_INCOME_YOY":null,"NET_INTEREST_INCOME":null,"NET_INTEREST_INCOME_YOY":null,"FEE_COMMISSION_INCOME":null,"FEE_COMMISSION_INCOME_YOY":null,"ACCOUNTS_RECE_TDAYS":8.085706638588,"INVENTORY_TDAYS":null,"CURRENT_ASSETS_TDAYS":1.319279528132,"TOTAL_ASSETS_TDAYS":0.759832351959,"PREMIUM_EXPENSE":null,"LOAN_DEPOSIT":null,"LOAN_EQUITY":null,"LOAN_ASSETS":null,"DEPOSIT_EQUITY":null,"DEPOSIT_ASSETS":null,"EQUITY_MULTIPLIER":1.293919969238,"EQUITY_RATIO":0.46706818433},{"SECUCODE":"09911.HK","SECURITY_CODE":"09911","SECURITY_NAME_ABBR":"赤子城科技","ORG_CODE":"10000039802","STD_REPORT_DATE":"2022-12-31 00:00:00","REPORT_DATE":"2022-12-31 00:00:00","DATE_TYPE_CODE":"001","REPORT_TYPE":"2022年年报","PER_NETCASH_OPERATE":0.262458697667,"PER_OI":2.350285758418,"BPS":0.501658301595,"BASIC_EPS":0.11,"DILUTED_EPS":0.11,"OPERATE_INCOME":2799698000,"OPERATE_INCOME_YOY":18.6405211254,"GROSS_PROFIT":1057907000,"GROSS_PROFIT_YOY":5.440637084878,"HOLDER_PROFIT":130135000,"HOLDER_PROFIT_YOY":145.4566095206,"GROSS_PROFIT_RATIO":37.786468397663,"EPS_TTM":0.10924551047,"OPERATE_INCOME_QOQ":3.864009538712,"NET_PROFIT_RATIO":10.2630712313,"ROE_AVG":21.970665822518,"GROSS_PROFIT_QOQ":9.893576685555,"ROA":7.786348834531,"HOLDER_PROFIT_QOQ":154.007785653812,"ROE_YEARLY":21.970665822518,"ROIC_YEARLY":23.076670724539,"TOTAL_ASSETS":1720217000,"TOTAL_LIABILITIES":482207000,"TAX_EBT":0.015310791672,"OCF_SALES":11.167097308353,"TOTAL_PARENT_EQUITY":707822000,"DEBT_ASSET_RATIO":28.0317541333,"OPERATE_PROFIT":269261000,"PRETAX_PROFIT":287379000,"NETCASH_OPERATE":312645000,"NETCASH_INVEST":-356558000,"NETCASH_FINANCE":-139595000,"END_CASH":596662000,"DIVI_RATIO":null,"DIVIDEND_RATE":null,"CURRENT_RATIO":2.797736296602,"COMMON_ACS":3000000000,"CURRENTDEBT_DEBT":72.390902662135,"ISSUED_COMMON_SHARES":1410964391,"HK_COMMON_SHARES":1410964391,"PER_SHARES":2000,"TOTAL_MARKET_CAP":5432212905.35,"HKSK_MARKET_CAP":5432212905.35,"PE_TTM":8.889154210336,"PB_TTM":3.82372178078,"REPORT_DATE_SQ":"2021-12-31 00:00:00","REPORT_TYPE_SQ":"2021年年报","OPERATE_INCOME_SQ":2359816000,"DPS_HKD":null,"OPERATE_INCOME_QOQ_SQ":14.015038596617,"NET_PROFIT_RATIO_SQ":-16.4048807195,"HOLDER_PROFIT_SQ":-286284000,"HOLDER_PROFIT_QOQ_SQ":-488.714035492675,"ROE_AVG_SQ":-56.506673903925,"PE_TTM_SQ":9.102455848577,"PB_TTM_SQ":2.272713154166,"ROA_SQ":-19.807983970066,"START_DATE":"2022-01-01 00:00:00","FISCAL_YEAR":"12-31","CURRENCY":"HKD","IS_CNY_CODE":0,"DPS_HKD_LY":null,"ORG_TYPE":"一般企业","PREMIUM_INCOME":null,"PREMIUM_INCOME_YOY":null,"NET_INTEREST_INCOME":null,"NET_INTEREST_INCOME_YOY":null,"FEE_COMMISSION_INCOME":null,"FEE_COMMISSION_INCOME_YOY":null,"ACCOUNTS_RECE_TDAYS":17.964804435219,"INVENTORY_TDAYS":null,"CURRENT_ASSETS_TDAYS":2.663067966447,"TOTAL_ASSETS_TDAYS":1.67513929837,"PREMIUM_EXPENSE":null,"LOAN_DEPOSIT":null,"LOAN_EQUITY":null,"LOAN_ASSETS":null,"DEPOSIT_EQUITY":null,"DEPOSIT_ASSETS":null,"EQUITY_MULTIPLIER":1.389501700309,"EQUITY_RATIO":0.68125460921},{"SECUCODE":"09911.HK","SECURITY_CODE":"09911","SECURITY_NAME_ABBR":"赤子城科技","ORG_CODE":"10000039802","STD_REPORT_DATE":"2022-06-30 00:00:00","REPORT_DATE":"2022-06-30 00:00:00","DATE_TYPE_CODE":"002","REPORT_TYPE":"2022年中报","PER_NETCASH_OPERATE":0.067876858605,"PER_OI":1.153619494701,"BPS":0.620662013575,"BASIC_EPS":0.07,"DILUTED_EPS":0.07,"OPERATE_INCOME":1374210000,"OPERATE_INCOME_YOY":32.3284711175,"GROSS_PROFIT":482361000,"GROSS_PROFIT_YOY":-7.773184759166,"HOLDER_PROFIT":82705000,"HOLDER_PROFIT_YOY":121.2724402708,"GROSS_PROFIT_RATIO":35.100967101098,"EPS_TTM":-0.202277336772,"OPERATE_INCOME_QOQ":14.226787173237,"NET_PROFIT_RATIO":11.233654245,"ROE_AVG":12.229628068775,"GROSS_PROFIT_QOQ":-4.052047203285,"ROA":5.100734967156,"HOLDER_PROFIT_QOQ":15.833228542287,"ROE_YEARLY":24.459256137549,"ROIC_YEARLY":33.747603993565,"TOTAL_ASSETS":1620438000,"TOTAL_LIABILITIES":307947000,"TAX_EBT":-0.181707269589,"OCF_SALES":5.883816883882,"TOTAL_PARENT_EQUITY":875732000,"DEBT_ASSET_RATIO":19.0039359729,"OPERATE_PROFIT":153750000,"PRETAX_PROFIT":154094000,"NETCASH_OPERATE":80856000,"NETCASH_INVEST":28670000,"NETCASH_FINANCE":-130055000,"END_CASH":737910000,"DIVI_RATIO":null,"DIVIDEND_RATE":null,"CURRENT_RATIO":4.411924559855,"COMMON_ACS":3000000000,"CURRENTDEBT_DEBT":83.885863476507,"ISSUED_COMMON_SHARES":1410964391,"HK_COMMON_SHARES":1410964391,"PER_SHARES":2000,"TOTAL_MARKET_CAP":5432212905.35,"HKSK_MARKET_CAP":5432212905.35,"PE_TTM":8.889154210336,"PB_TTM":3.82372178078,"REPORT_DATE_SQ":"2021-06-30 00:00:00","REPORT_TYPE_SQ":"2021年中报","OPERATE_INCOME_SQ":1038484000,"DPS_HKD":null,"OPERATE_INCOME_QOQ_SQ":75.165306497246,"NET_PROFIT_RATIO_SQ":13.3227859071,"HOLDER_PROFIT_SQ":37377000,"HOLDER_PROFIT_QOQ_SQ":85.569945575489,"ROE_AVG_SQ":6.650770914332,"PE_TTM_SQ":9.102455848577,"PB_TTM_SQ":2.272713154166,"ROA_SQ":2.80551555486,"START_DATE":"2022-01-01 00:00:00","FISCAL_YEAR":"12-31","CURRENCY":"HKD","IS_CNY_CODE":0,"DPS_HKD_LY":null,"ORG_TYPE":"一般企业","PREMIUM_INCOME":null,"PREMIUM_INCOME_YOY":null,"NET_INTEREST_INCOME":null,"NET_INTEREST_INCOME_YOY":null,"FEE_COMMISSION_INCOME":null,"FEE_COMMISSION_INCOME_YOY":null,"ACCOUNTS_RECE_TDAYS":9.024824325212,"INVENTORY_TDAYS":null,"CURRENT_ASSETS_TDAYS":1.213055567816,"TOTAL_ASSETS_TDAYS":0.847528081641,"PREMIUM_EXPENSE":null,"LOAN_DEPOSIT":null,"LOAN_EQUITY":null,"LOAN_ASSETS":null,"DEPOSIT_EQUITY":null,"DEPOSIT_ASSETS":null,"EQUITY_MULTIPLIER":1.234627894592,"EQUITY_RATIO":0.3516452522},{"SECUCODE":"09911.HK","SECURITY_CODE":"09911","SECURITY_NAME_ABBR":"赤子城科技","ORG_CODE":"10000039802","STD_REPORT_DATE":"2021-12-31 00:00:00","REPORT_DATE":"2021-12-31 00:00:00","DATE_TYPE_CODE":"001","REPORT_TYPE":"2021年年报","PER_NETCASH_OPERATE":0.358420166538,"PER_OI":2.147532420258,"BPS":0.337927025686,"BASIC_EPS":-0.29,"DILUTED_EPS":-0.29,"OPERATE_INCOME":2359816000,"OPERATE_INCOME_YOY":99.7147918107,"GROSS_PROFIT":1003320000,"GROSS_PROFIT_YOY":33.333510523077,"HOLDER_PROFIT":-286284000,"HOLDER_PROFIT_YOY":-821.336424108,"GROSS_PROFIT_RATIO":42.516874196971,"EPS_TTM":-0.260530554671,"OPERATE_INCOME_QOQ":14.015038596617,"NET_PROFIT_RATIO":-16.4048807195,"ROE_AVG":-56.506673903925,"GROSS_PROFIT_QOQ":-13.420615717042,"ROA":-19.807983970066,"HOLDER_PROFIT_QOQ":-488.714035492675,"ROE_YEARLY":-56.506673903925,"ROIC_YEARLY":-51.06915860509,"TOTAL_ASSETS":1622428000,"TOTAL_LIABILITIES":782334000,"TAX_EBT":1.715238866561,"OCF_SALES":16.6898605654,"TOTAL_PARENT_EQUITY":476803000,"DEBT_ASSET_RATIO":48.2199518253,"OPERATE_PROFIT":-390061000,"PRETAX_PROFIT":-393881000,"NETCASH_OPERATE":393850000,"NETCASH_INVEST":-55097000,"NETCASH_FINANCE":-29833000,"END_CASH":724556000,"DIVI_RATIO":null,"DIVIDEND_RATE":null,"CURRENT_RATIO":1.548190079156,"COMMON_ACS":3000000000,"CURRENTDEBT_DEBT":92.965025168279,"ISSUED_COMMON_SHARES":1410964391,"HK_COMMON_SHARES":1410964391,"PER_SHARES":2000,"TOTAL_MARKET_CAP":5432212905.35,"HKSK_MARKET_CAP":5432212905.35,"PE_TTM":8.889154210336,"PB_TTM":3.82372178078,"REPORT_DATE_SQ":"2020-12-31 00:00:00","REPORT_TYPE_SQ":"2020年年报","OPERATE_INCOME_SQ":1181593000,"DPS_HKD":null,"OPERATE_INCOME_QOQ_SQ":232.231044779477,"NET_PROFIT_RATIO_SQ":9.6770207677,"HOLDER_PROFIT_SQ":39688000,"HOLDER_PROFIT_QOQ_SQ":-33.968887779719,"ROE_AVG_SQ":6.778381526485,"PE_TTM_SQ":9.102455848577,"PB_TTM_SQ":2.272713154166,"ROA_SQ":3.880093306819,"START_DATE":"2021-01-01 00:00:00","FISCAL_YEAR":"12-31","CURRENCY":"HKD","IS_CNY_CODE":0,"DPS_HKD_LY":null,"ORG_TYPE":"一般企业","PREMIUM_INCOME":null,"PREMIUM_INCOME_YOY":null,"NET_INTEREST_INCOME":null,"NET_INTEREST_INCOME_YOY":null,"FEE_COMMISSION_INCOME":null,"FEE_COMMISSION_INCOME_YOY":null,"ACCOUNTS_RECE_TDAYS":16.207750106458,"INVENTORY_TDAYS":null,"CURRENT_ASSETS_TDAYS":2.498893147575,"TOTAL_ASSETS_TDAYS":1.632756196655,"PREMIUM_EXPENSE":null,"LOAN_DEPOSIT":null,"LOAN_EQUITY":null,"LOAN_ASSETS":null,"DEPOSIT_EQUITY":null,"DEPOSIT_ASSETS":null,"EQUITY_MULTIPLIER":1.931245789162,"EQUITY_RATIO":1.640790850729},{"SECUCODE":"09911.HK","SECURITY_CODE":"09911","SECURITY_NAME_ABBR":"赤子城科技","ORG_CODE":"10000039802","STD_REPORT_DATE":"2021-06-30 00:00:00","REPORT_DATE":"2021-06-30 00:00:00","DATE_TYPE_CODE":"002","REPORT_TYPE":"2021年中报","PER_NETCASH_OPERATE":0.161158332082,"PER_OI":1.039679631576,"BPS":0.416394633165,"BASIC_EPS":0.04,"DILUTED_EPS":0.04,"OPERATE_INCOME":1038484000,"OPERATE_INCOME_YOY":590.7753299276,"GROSS_PROFIT":523016000,"GROSS_PROFIT_YOY":348.321204172774,"HOLDER_PROFIT":37377000,"HOLDER_PROFIT_YOY":994.1744730679,"GROSS_PROFIT_RATIO":50.363414361704,"EPS_TTM":0.073733793863,"OPERATE_INCOME_QOQ":75.165306497246,"NET_PROFIT_RATIO":13.3227859071,"ROE_AVG":6.650770914332,"GROSS_PROFIT_QOQ":54.00145384185,"ROA":2.80551555486,"HOLDER_PROFIT_QOQ":85.569945575489,"ROE_YEARLY":13.301541828664,"ROIC_YEARLY":14.5803284348,"TOTAL_ASSETS":1396373000,"TOTAL_LIABILITIES":458897000,"TAX_EBT":-5.374796264985,"OCF_SALES":15.500768427824,"TOTAL_PARENT_EQUITY":587518000,"DEBT_ASSET_RATIO":32.8634970742,"OPERATE_PROFIT":134362000,"PRETAX_PROFIT":131298000,"NETCASH_OPERATE":160973000,"NETCASH_INVEST":23243000,"NETCASH_FINANCE":-2947000,"END_CASH":607585000,"DIVI_RATIO":null,"DIVIDEND_RATE":null,"CURRENT_RATIO":2.255561814622,"COMMON_ACS":3000000000,"CURRENTDEBT_DEBT":87.812951490204,"ISSUED_COMMON_SHARES":1410964391,"HK_COMMON_SHARES":1410964391,"PER_SHARES":2000,"TOTAL_MARKET_CAP":5432212905.35,"HKSK_MARKET_CAP":5432212905.35,"PE_TTM":8.889154210336,"PB_TTM":3.82372178078,"REPORT_DATE_SQ":"2020-06-30 00:00:00","REPORT_TYPE_SQ":"2020年中报","OPERATE_INCOME_SQ":150336000,"DPS_HKD":null,"OPERATE_INCOME_QOQ_SQ":-8.732950973222,"NET_PROFIT_RATIO_SQ":2.2722435079,"HOLDER_PROFIT_SQ":3416000,"HOLDER_PROFIT_QOQ_SQ":-12.146459109844,"ROE_AVG_SQ":0.528274925653,"PE_TTM_SQ":9.102455848577,"PB_TTM_SQ":2.272713154166,"ROA_SQ":0.351343456742,"START_DATE":"2021-01-01 00:00:00","FISCAL_YEAR":"12-31","CURRENCY":"HKD","IS_CNY_CODE":0,"DPS_HKD_LY":null,"ORG_TYPE":"一般企业","PREMIUM_INCOME":null,"PREMIUM_INCOME_YOY":null,"NET_INTEREST_INCOME":null,"NET_INTEREST_INCOME_YOY":null,"FEE_COMMISSION_INCOME":null,"FEE_COMMISSION_INCOME_YOY":null,"ACCOUNTS_RECE_TDAYS":7.424398299905,"INVENTORY_TDAYS":null,"CURRENT_ASSETS_TDAYS":1.242487382008,"TOTAL_ASSETS_TDAYS":0.779485516621,"PREMIUM_EXPENSE":null,"LOAN_DEPOSIT":null,"LOAN_EQUITY":null,"LOAN_ASSETS":null,"DEPOSIT_EQUITY":null,"DEPOSIT_ASSETS":null,"EQUITY_MULTIPLIER":1.489502664601,"EQUITY_RATIO":0.781077345715},{"SECUCODE":"09911.HK","SECURITY_CODE":"09911","SECURITY_NAME_ABBR":"赤子城科技","ORG_CODE":"10000039802","STD_REPORT_DATE":"2020-12-31 00:00:00","REPORT_DATE":"2020-12-31 00:00:00","DATE_TYPE_CODE":"001","REPORT_TYPE":"2020年年报","PER_NETCASH_OPERATE":0.296008409671,"PER_OI":1.182953396406,"BPS":0.380216540844,"BASIC_EPS":0.04,"DILUTED_EPS":0.04,"OPERATE_INCOME":1181593000,"OPERATE_INCOME_YOY":203.2174705211,"GROSS_PROFIT":752489000,"GROSS_PROFIT_YOY":187.745495426596,"HOLDER_PROFIT":39688000,"HOLDER_PROFIT_YOY":-41.9893298253,"GROSS_PROFIT_RATIO":63.684280458669,"EPS_TTM":0.039733693748,"OPERATE_INCOME_QOQ":232.231044779477,"NET_PROFIT_RATIO":9.6770207677,"ROE_AVG":6.778381526485,"GROSS_PROFIT_QOQ":194.748118872381,"ROA":3.880093306819,"HOLDER_PROFIT_QOQ":-33.968887779719,"ROE_YEARLY":6.778381526485,"ROIC_YEARLY":6.719320076864,"TOTAL_ASSETS":1268164000,"TOTAL_LIABILITIES":481156000,"TAX_EBT":12.165463204793,"OCF_SALES":25.022829349869,"TOTAL_PARENT_EQUITY":536472000,"DEBT_ASSET_RATIO":37.9411495674,"OPERATE_PROFIT":132092000,"PRETAX_PROFIT":130180000,"NETCASH_OPERATE":295668000,"NETCASH_INVEST":-97070000,"NETCASH_FINANCE":72851000,"END_CASH":430998000,"DIVI_RATIO":null,"DIVIDEND_RATE":null,"CURRENT_RATIO":1.862562181461,"COMMON_ACS":3000000000,"CURRENTDEBT_DEBT":85.104830865665,"ISSUED_COMMON_SHARES":1410964391,"HK_COMMON_SHARES":1410964391,"PER_SHARES":2000,"TOTAL_MARKET_CAP":5432212905.35,"HKSK_MARKET_CAP":5432212905.35,"PE_TTM":8.889154210336,"PB_TTM":3.82372178078,"REPORT_DATE_SQ":"2019-12-31 00:00:00","REPORT_TYPE_SQ":"2019年年报","OPERATE_INCOME_SQ":389685000,"DPS_HKD":null,"OPERATE_INCOME_QOQ_SQ":13.1650554231,"NET_PROFIT_RATIO_SQ":17.5564879326,"HOLDER_PROFIT_SQ":68415000,"HOLDER_PROFIT_QOQ_SQ":78.848717747628,"ROE_AVG_SQ":11.972270321492,"PE_TTM_SQ":9.102455848577,"PB_TTM_SQ":2.272713154166,"ROA_SQ":9.831231601917,"START_DATE":"2020-01-01 00:00:00","FISCAL_YEAR":"12-31","CURRENCY":"HKD","IS_CNY_CODE":0,"DPS_HKD_LY":null,"ORG_TYPE":"一般企业","PREMIUM_INCOME":null,"PREMIUM_INCOME_YOY":null,"NET_INTEREST_INCOME":null,"NET_INTEREST_INCOME_YOY":null,"FEE_COMMISSION_INCOME":null,"FEE_COMMISSION_INCOME_YOY":null,"ACCOUNTS_RECE_TDAYS":7.678440648668,"INVENTORY_TDAYS":null,"CURRENT_ASSETS_TDAYS":1.767608120035,"TOTAL_ASSETS_TDAYS":1.155183201644,"PREMIUM_EXPENSE":null,"LOAN_DEPOSIT":null,"LOAN_EQUITY":null,"LOAN_ASSETS":null,"DEPOSIT_EQUITY":null,"DEPOSIT_ASSETS":null,"EQUITY_MULTIPLIER":1.611373709035,"EQUITY_RATIO":0.896889306432},{"SECUCODE":"09911.HK","SECURITY_CODE":"09911","SECURITY_NAME_ABBR":"赤子城科技","ORG_CODE":"10000039802","STD_REPORT_DATE":"2020-06-30 00:00:00","REPORT_DATE":"2020-06-30 00:00:00","DATE_TYPE_CODE":"002","REPORT_TYPE":"2020年中报","PER_NETCASH_OPERATE":0.058736,"PER_OI":0.150336,"BPS":0.466858699058,"BASIC_EPS":0.003,"DILUTED_EPS":0.003,"OPERATE_INCOME":150336000,"OPERATE_INCOME_YOY":-18.4582924276,"GROSS_PROFIT":116661000,"GROSS_PROFIT_YOY":-5.056399238244,"HOLDER_PROFIT":3416000,"HOLDER_PROFIT_YOY":-70.868156234,"GROSS_PROFIT_RATIO":77.600175606641,"EPS_TTM":0.060105,"OPERATE_INCOME_QOQ":-8.732950973222,"NET_PROFIT_RATIO":2.2722435079,"ROE_AVG":0.528274925653,"GROSS_PROFIT_QOQ":-2.375799198507,"ROA":0.351343456742,"HOLDER_PROFIT_QOQ":-12.146459109844,"ROE_YEARLY":1.056549851307,"ROIC_YEARLY":1.211744987274,"TOTAL_ASSETS":1166976000,"TOTAL_LIABILITIES":245956000,"TAX_EBT":22.854561878952,"OCF_SALES":39.06981694338,"TOTAL_PARENT_EQUITY":658721000,"DEBT_ASSET_RATIO":21.0763546123,"OPERATE_PROFIT":3154000,"PRETAX_PROFIT":4428000,"NETCASH_OPERATE":58736000,"NETCASH_INVEST":48411000,"NETCASH_FINANCE":76884000,"END_CASH":371672000,"DIVI_RATIO":null,"DIVIDEND_RATE":null,"CURRENT_RATIO":3.707015874135,"COMMON_ACS":3000000000,"CURRENTDEBT_DEBT":69.205061067833,"ISSUED_COMMON_SHARES":1410964391,"HK_COMMON_SHARES":1410964391,"PER_SHARES":2000,"TOTAL_MARKET_CAP":5432212905.35,"HKSK_MARKET_CAP":5432212905.35,"PE_TTM":8.889154210336,"PB_TTM":3.82372178078,"REPORT_DATE_SQ":"2019-06-30 00:00:00","REPORT_TYPE_SQ":"2019年中报","OPERATE_INCOME_SQ":184367000,"DPS_HKD":null,"OPERATE_INCOME_QOQ_SQ":24.455519975713,"NET_PROFIT_RATIO_SQ":6.3601403722,"HOLDER_PROFIT_SQ":11726000,"HOLDER_PROFIT_QOQ_SQ":-35.964310226493,"ROE_AVG_SQ":2.638364511005,"PE_TTM_SQ":9.102455848577,"PB_TTM_SQ":2.272713154166,"ROA_SQ":1.967689022574,"START_DATE":"2020-01-01 00:00:00","FISCAL_YEAR":"12-31","CURRENCY":"HKD","IS_CNY_CODE":0,"DPS_HKD_LY":null,"ORG_TYPE":"一般企业","PREMIUM_INCOME":null,"PREMIUM_INCOME_YOY":null,"NET_INTEREST_INCOME":null,"NET_INTEREST_INCOME_YOY":null,"FEE_COMMISSION_INCOME":null,"FEE_COMMISSION_INCOME_YOY":null,"ACCOUNTS_RECE_TDAYS":1.0579666289,"INVENTORY_TDAYS":null,"CURRENT_ASSETS_TDAYS":0.24947250776,"TOTAL_ASSETS_TDAYS":0.154624033703,"PREMIUM_EXPENSE":null,"LOAN_DEPOSIT":null,"LOAN_EQUITY":null,"LOAN_ASSETS":null,"DEPOSIT_EQUITY":null,"DEPOSIT_ASSETS":null,"EQUITY_MULTIPLIER":1.267047403966,"EQUITY_RATIO":0.373384179341}],"count":15},"success":true,"message":"ok","code":0}