{"version":"d718524ae7b9dd9130ac106fb99e6bbe","result":{"pages":2,"data":[{"SECUCODE":"09913.HK","SECURITY_CODE":"09913","SECURITY_NAME_ABBR":"智勤控股","ORG_CODE":"10000054808","STD_REPORT_DATE":"2024-06-30 00:00:00","REPORT_DATE":"2024-09-30 00:00:00","DATE_TYPE_CODE":"002","REPORT_TYPE":"2024年中报","PER_NETCASH_OPERATE":-0.0266298587,"PER_OI":0.78185283179,"BPS":0.44399540471,"BASIC_EPS":0.015781325,"DILUTED_EPS":0.015781325,"OPERATE_INCOME":781852831.79,"OPERATE_INCOME_YOY":15.730214094,"GROSS_PROFIT":171979469.11,"GROSS_PROFIT_YOY":42.567974611094,"HOLDER_PROFIT":15815593.02,"HOLDER_PROFIT_YOY":-15.7272596223,"GROSS_PROFIT_RATIO":21.996399081431,"EPS_TTM":0.02548040085,"OPERATE_INCOME_QOQ":0,"NET_PROFIT_RATIO":3.6326371019,"ROE_AVG":3.643718387814,"GROSS_PROFIT_QOQ":0,"ROA":2.780283418331,"HOLDER_PROFIT_QOQ":0,"ROE_YEARLY":7.287436775627,"ROIC_YEARLY":8.296336943487,"TOTAL_ASSETS":576565749.03,"TOTAL_LIABILITIES":122758869.12,"TAX_EBT":25.513799872289,"OCF_SALES":-3.405993764713,"TOTAL_PARENT_EQUITY":443995404.71,"DEBT_ASSET_RATIO":21.2913911946,"OPERATE_PROFIT":35858777.56,"PRETAX_PROFIT":38130386.57,"NETCASH_OPERATE":-26629858.7,"NETCASH_INVEST":2765789.93,"NETCASH_FINANCE":-29248656.86,"END_CASH":151769453.42,"DIVI_RATIO":null,"DIVIDEND_RATE":null,"CURRENT_RATIO":4.684144183989,"COMMON_ACS":10000000000,"CURRENTDEBT_DEBT":99.656205923836,"ISSUED_COMMON_SHARES":1000000000,"HK_COMMON_SHARES":1000000000,"PER_SHARES":4000,"TOTAL_MARKET_CAP":2470000000,"HKSK_MARKET_CAP":2470000000,"PE_TTM":99.460417170009,"PB_TTM":5.016766561931,"REPORT_DATE_SQ":"2023-06-30 00:00:00","REPORT_TYPE_SQ":"2023年中报","OPERATE_INCOME_SQ":687448937.91,"DPS_HKD":null,"OPERATE_INCOME_QOQ_SQ":0,"NET_PROFIT_RATIO_SQ":3.850194285,"HOLDER_PROFIT_SQ":19096797.93,"HOLDER_PROFIT_QOQ_SQ":0,"ROE_AVG_SQ":4.585607481166,"PE_TTM_SQ":66.997413391002,"PB_TTM_SQ":6.838124709217,"ROA_SQ":3.115227957565,"START_DATE":"2024-04-01 00:00:00","FISCAL_YEAR":"3-31","CURRENCY":"HKD","IS_CNY_CODE":0,"DPS_HKD_LY":null,"ORG_TYPE":"一般企业","PREMIUM_INCOME":null,"PREMIUM_INCOME_YOY":null,"NET_INTEREST_INCOME":null,"NET_INTEREST_INCOME_YOY":null,"FEE_COMMISSION_INCOME":null,"FEE_COMMISSION_INCOME_YOY":null,"ACCOUNTS_RECE_TDAYS":13.419406265478,"INVENTORY_TDAYS":67.979293360808,"CURRENT_ASSETS_TDAYS":1.384030509297,"TOTAL_ASSETS_TDAYS":1.374448913204,"PREMIUM_EXPENSE":null,"LOAN_DEPOSIT":null,"LOAN_EQUITY":null,"LOAN_ASSETS":null,"DEPOSIT_EQUITY":null,"DEPOSIT_ASSETS":null,"EQUITY_MULTIPLIER":1.270509052539,"EQUITY_RATIO":0.276486801029},{"SECUCODE":"09913.HK","SECURITY_CODE":"09913","SECURITY_NAME_ABBR":"智勤控股","ORG_CODE":"10000054808","STD_REPORT_DATE":"2023-12-31 00:00:00","REPORT_DATE":"2024-03-31 00:00:00","DATE_TYPE_CODE":"001","REPORT_TYPE":"2023年年报","PER_NETCASH_OPERATE":-0.05523337185,"PER_OI":1.39504718715,"BPS":0.4263450257,"BASIC_EPS":0.025474055,"DILUTED_EPS":0.025474055,"OPERATE_INCOME":1395047187.15,"OPERATE_INCOME_YOY":-5.2181207744,"GROSS_PROFIT":223099235.35,"GROSS_PROFIT_YOY":15.228619941027,"HOLDER_PROFIT":25480400.85,"HOLDER_PROFIT_YOY":-47.4645333732,"GROSS_PROFIT_RATIO":15.992235775607,"EPS_TTM":0.0413801801,"OPERATE_INCOME_QOQ":0,"NET_PROFIT_RATIO":2.8576478715,"ROE_AVG":6.137938188231,"GROSS_PROFIT_QOQ":0,"ROA":4.214619136803,"HOLDER_PROFIT_QOQ":0,"ROE_YEARLY":6.137938188231,"ROIC_YEARLY":7.315482968409,"TOTAL_ASSETS":564092578.55,"TOTAL_LIABILITIES":129398227.35,"TAX_EBT":24.448071471523,"OCF_SALES":-3.959247569456,"TOTAL_PARENT_EQUITY":426345025.7,"DEBT_ASSET_RATIO":22.9391827282,"OPERATE_PROFIT":50039746.9,"PRETAX_PROFIT":52765742.75,"NETCASH_OPERATE":-55233371.85,"NETCASH_INVEST":-9103575.1,"NETCASH_FINANCE":-14832971.1,"END_CASH":206359789.6,"DIVI_RATIO":null,"DIVIDEND_RATE":null,"CURRENT_RATIO":4.35208577108,"COMMON_ACS":10000000000,"CURRENTDEBT_DEBT":99.389786810708,"ISSUED_COMMON_SHARES":1000000000,"HK_COMMON_SHARES":1000000000,"PER_SHARES":4000,"TOTAL_MARKET_CAP":2650000000,"HKSK_MARKET_CAP":2650000000,"PE_TTM":106.708544737054,"PB_TTM":5.382360886282,"REPORT_DATE_SQ":"2022-12-31 00:00:00","REPORT_TYPE_SQ":"2022年年报","OPERATE_INCOME_SQ":1421292039.93,"DPS_HKD":null,"OPERATE_INCOME_QOQ_SQ":0,"NET_PROFIT_RATIO_SQ":3.8104230607,"HOLDER_PROFIT_SQ":46835310.41,"HOLDER_PROFIT_QOQ_SQ":0,"ROE_AVG_SQ":12.714267042146,"PE_TTM_SQ":68.693550438875,"PB_TTM_SQ":7.011241790463,"ROA_SQ":8.314083094211,"START_DATE":"2023-04-01 00:00:00","FISCAL_YEAR":"3-31","CURRENCY":"HKD","IS_CNY_CODE":0,"DPS_HKD_LY":null,"ORG_TYPE":"一般企业","PREMIUM_INCOME":null,"PREMIUM_INCOME_YOY":null,"NET_INTEREST_INCOME":null,"NET_INTEREST_INCOME_YOY":null,"FEE_COMMISSION_INCOME":null,"FEE_COMMISSION_INCOME_YOY":null,"ACCOUNTS_RECE_TDAYS":13.306409563544,"INVENTORY_TDAYS":159.717815665925,"CURRENT_ASSETS_TDAYS":2.324237131083,"TOTAL_ASSETS_TDAYS":2.307496105072,"PREMIUM_EXPENSE":null,"LOAN_DEPOSIT":null,"LOAN_EQUITY":null,"LOAN_ASSETS":null,"DEPOSIT_EQUITY":null,"DEPOSIT_ASSETS":null,"EQUITY_MULTIPLIER":1.297676348893,"EQUITY_RATIO":0.303505892059},{"SECUCODE":"09913.HK","SECURITY_CODE":"09913","SECURITY_NAME_ABBR":"智勤控股","ORG_CODE":"10000054808","STD_REPORT_DATE":"2023-06-30 00:00:00","REPORT_DATE":"2023-09-30 00:00:00","DATE_TYPE_CODE":"002","REPORT_TYPE":"2023年中报","PER_NETCASH_OPERATE":-0.08432927937,"PER_OI":0.68744893791,"BPS":0.42405058745,"BASIC_EPS":0.019086704,"DILUTED_EPS":0.019086704,"OPERATE_INCOME":687448937.91,"OPERATE_INCOME_YOY":-3.4598959286,"GROSS_PROFIT":120629804.54,"GROSS_PROFIT_YOY":10.113628210677,"HOLDER_PROFIT":19096797.93,"HOLDER_PROFIT_YOY":-23.3367715317,"GROSS_PROFIT_RATIO":17.547456674636,"EPS_TTM":0.04683531041,"OPERATE_INCOME_QOQ":0,"NET_PROFIT_RATIO":3.850194285,"ROE_AVG":4.585607481166,"GROSS_PROFIT_QOQ":0,"ROA":3.115227957565,"HOLDER_PROFIT_QOQ":0,"ROE_YEARLY":9.171214962332,"ROIC_YEARLY":10.824868954379,"TOTAL_ASSETS":573093887.31,"TOTAL_LIABILITIES":141672895.7,"TAX_EBT":21.557749313318,"OCF_SALES":-12.266988094618,"TOTAL_PARENT_EQUITY":424050587.45,"DEBT_ASSET_RATIO":24.7207131043,"OPERATE_PROFIT":32292317.33,"PRETAX_PROFIT":33742172.73,"NETCASH_OPERATE":-84329279.37,"NETCASH_INVEST":2368403.03,"NETCASH_FINANCE":1058027.39,"END_CASH":211535738.12,"DIVI_RATIO":null,"DIVIDEND_RATE":null,"CURRENT_RATIO":4.026635356392,"COMMON_ACS":10000000000,"CURRENTDEBT_DEBT":99.848435779519,"ISSUED_COMMON_SHARES":1000000000,"HK_COMMON_SHARES":1000000000,"PER_SHARES":4000,"TOTAL_MARKET_CAP":2650000000,"HKSK_MARKET_CAP":2650000000,"PE_TTM":106.708544737054,"PB_TTM":5.382360886282,"REPORT_DATE_SQ":"2022-06-30 00:00:00","REPORT_TYPE_SQ":"2022年中报","OPERATE_INCOME_SQ":701850866.64,"DPS_HKD":null,"OPERATE_INCOME_QOQ_SQ":0,"NET_PROFIT_RATIO_SQ":3.9169800234,"HOLDER_PROFIT_SQ":24551928.24,"HOLDER_PROFIT_QOQ_SQ":0,"ROE_AVG_SQ":6.677235389397,"PE_TTM_SQ":68.693550438875,"PB_TTM_SQ":7.011241790463,"ROA_SQ":4.624429101229,"START_DATE":"2023-04-01 00:00:00","FISCAL_YEAR":"3-31","CURRENCY":"HKD","IS_CNY_CODE":0,"DPS_HKD_LY":null,"ORG_TYPE":"一般企业","PREMIUM_INCOME":null,"PREMIUM_INCOME_YOY":null,"NET_INTEREST_INCOME":null,"NET_INTEREST_INCOME_YOY":null,"FEE_COMMISSION_INCOME":null,"FEE_COMMISSION_INCOME_YOY":null,"ACCOUNTS_RECE_TDAYS":8.029463778523,"INVENTORY_TDAYS":88.565345186035,"CURRENT_ASSETS_TDAYS":1.128676847237,"TOTAL_ASSETS_TDAYS":1.121423685073,"PREMIUM_EXPENSE":null,"LOAN_DEPOSIT":null,"LOAN_EQUITY":null,"LOAN_ASSETS":null,"DEPOSIT_EQUITY":null,"DEPOSIT_ASSETS":null,"EQUITY_MULTIPLIER":1.328386653537,"EQUITY_RATIO":0.33409432717},{"SECUCODE":"09913.HK","SECURITY_CODE":"09913","SECURITY_NAME_ABBR":"智勤控股","ORG_CODE":"10000054808","STD_REPORT_DATE":"2022-12-31 00:00:00","REPORT_DATE":"2023-03-31 00:00:00","DATE_TYPE_CODE":"001","REPORT_TYPE":"2022年年报","PER_NETCASH_OPERATE":0.09847837254,"PER_OI":1.42129203993,"BPS":0.39003980091,"BASIC_EPS":0.046834435,"DILUTED_EPS":0.046834435,"OPERATE_INCOME":1421292039.93,"OPERATE_INCOME_YOY":3.127149709,"GROSS_PROFIT":193614429.7,"GROSS_PROFIT_YOY":-25.960649624608,"HOLDER_PROFIT":46835310.41,"HOLDER_PROFIT_YOY":38.0635338443,"GROSS_PROFIT_RATIO":13.622424122599,"EPS_TTM":0.02984711761,"OPERATE_INCOME_QOQ":0,"NET_PROFIT_RATIO":3.8104230607,"ROE_AVG":12.714267042146,"GROSS_PROFIT_QOQ":0,"ROA":8.314083094211,"HOLDER_PROFIT_QOQ":0,"ROE_YEARLY":12.714267042146,"ROIC_YEARLY":14.596542730239,"TOTAL_ASSETS":622893608.45,"TOTAL_LIABILITIES":224371960.05,"TAX_EBT":16.883867153912,"OCF_SALES":6.928792237861,"TOTAL_PARENT_EQUITY":390039800.91,"DEBT_ASSET_RATIO":36.0209122403,"OPERATE_PROFIT":64771585.9,"PRETAX_PROFIT":65158517.12,"NETCASH_OPERATE":98478372.54,"NETCASH_INVEST":-7400716.14,"NETCASH_FINANCE":3260902.25,"END_CASH":279106970.3,"DIVI_RATIO":null,"DIVIDEND_RATE":null,"CURRENT_RATIO":2.772000972679,"COMMON_ACS":10000000000,"CURRENTDEBT_DEBT":99.477575544761,"ISSUED_COMMON_SHARES":1000000000,"HK_COMMON_SHARES":1000000000,"PER_SHARES":4000,"TOTAL_MARKET_CAP":2650000000,"HKSK_MARKET_CAP":2650000000,"PE_TTM":106.708544737054,"PB_TTM":5.382360886282,"REPORT_DATE_SQ":"2021-12-31 00:00:00","REPORT_TYPE_SQ":"2021年年报","OPERATE_INCOME_SQ":1276806294.41,"DPS_HKD":null,"OPERATE_INCOME_QOQ_SQ":0,"NET_PROFIT_RATIO_SQ":3.7763102149,"HOLDER_PROFIT_SQ":31427448.51,"HOLDER_PROFIT_QOQ_SQ":0,"ROE_AVG_SQ":10.305911451234,"PE_TTM_SQ":68.693550438875,"PB_TTM_SQ":7.011241790463,"ROA_SQ":7.404477539216,"START_DATE":"2022-04-01 00:00:00","FISCAL_YEAR":"3-31","CURRENCY":"HKD","IS_CNY_CODE":0,"DPS_HKD_LY":null,"ORG_TYPE":"一般企业","PREMIUM_INCOME":null,"PREMIUM_INCOME_YOY":null,"NET_INTEREST_INCOME":null,"NET_INTEREST_INCOME_YOY":null,"FEE_COMMISSION_INCOME":null,"FEE_COMMISSION_INCOME_YOY":null,"ACCOUNTS_RECE_TDAYS":11.959405408193,"INVENTORY_TDAYS":163.145998138669,"CURRENT_ASSETS_TDAYS":2.541650033579,"TOTAL_ASSETS_TDAYS":2.523040846249,"PREMIUM_EXPENSE":null,"LOAN_DEPOSIT":null,"LOAN_EQUITY":null,"LOAN_ASSETS":null,"DEPOSIT_EQUITY":null,"DEPOSIT_ASSETS":null,"EQUITY_MULTIPLIER":1.563010719621,"EQUITY_RATIO":0.575254011325},{"SECUCODE":"09913.HK","SECURITY_CODE":"09913","SECURITY_NAME_ABBR":"智勤控股","ORG_CODE":"10000054808","STD_REPORT_DATE":"2022-06-30 00:00:00","REPORT_DATE":"2022-09-30 00:00:00","DATE_TYPE_CODE":"002","REPORT_TYPE":"2022年中报","PER_NETCASH_OPERATE":-0.02878561188,"PER_OI":0.70185086664,"BPS":0.37719851088,"BASIC_EPS":0.024510324,"DILUTED_EPS":0.024510324,"OPERATE_INCOME":701850866.64,"OPERATE_INCOME_YOY":2.7211631758,"GROSS_PROFIT":109550295,"GROSS_PROFIT_YOY":79.615219963099,"HOLDER_PROFIT":24551928.24,"HOLDER_PROFIT_YOY":-13.4623354267,"GROSS_PROFIT_RATIO":15.608771066203,"EPS_TTM":0.03142744851,"OPERATE_INCOME_QOQ":0,"NET_PROFIT_RATIO":3.9169800234,"ROE_AVG":6.677235389397,"GROSS_PROFIT_QOQ":0,"ROA":4.624429101229,"HOLDER_PROFIT_QOQ":0,"ROE_YEARLY":13.354470778794,"ROIC_YEARLY":14.492629825582,"TOTAL_ASSETS":541374268.56,"TOTAL_LIABILITIES":154984838.4,"TAX_EBT":18.362742728225,"OCF_SALES":-4.101385814027,"TOTAL_PARENT_EQUITY":377198510.88,"DEBT_ASSET_RATIO":28.6280393068,"OPERATE_PROFIT":33405491.4,"PRETAX_PROFIT":33675014.52,"NETCASH_OPERATE":-28785611.88,"NETCASH_INVEST":-14589521.64,"NETCASH_FINANCE":17567842.56,"END_CASH":171132710.16,"DIVI_RATIO":null,"DIVIDEND_RATE":null,"CURRENT_RATIO":3.427686610428,"COMMON_ACS":10000000000,"CURRENTDEBT_DEBT":98.647292250233,"ISSUED_COMMON_SHARES":1000000000,"HK_COMMON_SHARES":1000000000,"PER_SHARES":4000,"TOTAL_MARKET_CAP":2650000000,"HKSK_MARKET_CAP":2650000000,"PE_TTM":106.708544737054,"PB_TTM":5.382360886282,"REPORT_DATE_SQ":"2021-06-30 00:00:00","REPORT_TYPE_SQ":"2021年中报","OPERATE_INCOME_SQ":629334343.94,"DPS_HKD":null,"OPERATE_INCOME_QOQ_SQ":0,"NET_PROFIT_RATIO_SQ":6.003846719,"HOLDER_PROFIT_SQ":26132259.14,"HOLDER_PROFIT_QOQ_SQ":0,"ROE_AVG_SQ":8.432254873499,"PE_TTM_SQ":68.693550438875,"PB_TTM_SQ":7.011241790463,"ROA_SQ":6.20617135079,"START_DATE":"2022-04-01 00:00:00","FISCAL_YEAR":"3-31","CURRENCY":"HKD","IS_CNY_CODE":0,"DPS_HKD_LY":null,"ORG_TYPE":"一般企业","PREMIUM_INCOME":null,"PREMIUM_INCOME_YOY":null,"NET_INTEREST_INCOME":null,"NET_INTEREST_INCOME_YOY":null,"FEE_COMMISSION_INCOME":null,"FEE_COMMISSION_INCOME_YOY":null,"ACCOUNTS_RECE_TDAYS":8.997118857282,"INVENTORY_TDAYS":96.094057226706,"CURRENT_ASSETS_TDAYS":1.349304617942,"TOTAL_ASSETS_TDAYS":1.321957094647,"PREMIUM_EXPENSE":null,"LOAN_DEPOSIT":null,"LOAN_EQUITY":null,"LOAN_ASSETS":null,"DEPOSIT_EQUITY":null,"DEPOSIT_ASSETS":null,"EQUITY_MULTIPLIER":1.401110450501,"EQUITY_RATIO":0.410884014463},{"SECUCODE":"09913.HK","SECURITY_CODE":"09913","SECURITY_NAME_ABBR":"智勤控股","ORG_CODE":"10000054808","STD_REPORT_DATE":"2021-12-31 00:00:00","REPORT_DATE":"2022-03-31 00:00:00","DATE_TYPE_CODE":"001","REPORT_TYPE":"2021年年报","PER_NETCASH_OPERATE":0.02711125329,"PER_OI":1.27680629441,"BPS":0.32119158939,"BASIC_EPS":0.031467188,"DILUTED_EPS":0.031467188,"OPERATE_INCOME":1276806294.41,"OPERATE_INCOME_YOY":90.5525067841,"GROSS_PROFIT":261502064.4,"GROSS_PROFIT_YOY":409.760099769249,"HOLDER_PROFIT":31427448.51,"HOLDER_PROFIT_YOY":-9.4031281416,"GROSS_PROFIT_RATIO":20.480950442122,"EPS_TTM":0.0437693916,"OPERATE_INCOME_QOQ":0,"NET_PROFIT_RATIO":3.7763102149,"ROE_AVG":10.305911451234,"GROSS_PROFIT_QOQ":0,"ROA":7.404477539216,"HOLDER_PROFIT_QOQ":0,"ROE_YEARLY":10.305911451234,"ROIC_YEARLY":12.471236438886,"TOTAL_ASSETS":466697326.52,"TOTAL_LIABILITIES":139412619,"TAX_EBT":25.127197622286,"OCF_SALES":2.123364633202,"TOTAL_PARENT_EQUITY":321191589.39,"DEBT_ASSET_RATIO":29.8721700507,"OPERATE_PROFIT":63667529.04,"PRETAX_PROFIT":64397438.04,"NETCASH_OPERATE":27111253.29,"NETCASH_INVEST":-1240845.3,"NETCASH_FINANCE":-10299827,"END_CASH":176719890.01,"DIVI_RATIO":null,"DIVIDEND_RATE":null,"CURRENT_RATIO":3.344277662554,"COMMON_ACS":10000000000,"CURRENTDEBT_DEBT":99.291448516579,"ISSUED_COMMON_SHARES":1000000000,"HK_COMMON_SHARES":1000000000,"PER_SHARES":4000,"TOTAL_MARKET_CAP":2650000000,"HKSK_MARKET_CAP":2650000000,"PE_TTM":106.708544737054,"PB_TTM":5.382360886282,"REPORT_DATE_SQ":"2020-12-31 00:00:00","REPORT_TYPE_SQ":"2020年年报","OPERATE_INCOME_SQ":698286025.64,"DPS_HKD":null,"OPERATE_INCOME_QOQ_SQ":0,"NET_PROFIT_RATIO_SQ":5.1728520282,"HOLDER_PROFIT_SQ":36150884.14,"HOLDER_PROFIT_QOQ_SQ":0,"ROE_AVG_SQ":15.592260190579,"PE_TTM_SQ":68.693550438875,"PB_TTM_SQ":7.011241790463,"ROA_SQ":11.822653290528,"START_DATE":"2021-04-01 00:00:00","FISCAL_YEAR":"3-31","CURRENCY":"HKD","IS_CNY_CODE":0,"DPS_HKD_LY":null,"ORG_TYPE":"一般企业","PREMIUM_INCOME":null,"PREMIUM_INCOME_YOY":null,"NET_INTEREST_INCOME":null,"NET_INTEREST_INCOME_YOY":null,"FEE_COMMISSION_INCOME":null,"FEE_COMMISSION_INCOME_YOY":null,"ACCOUNTS_RECE_TDAYS":23.395316006122,"INVENTORY_TDAYS":139.877206703911,"CURRENT_ASSETS_TDAYS":3.025289516491,"TOTAL_ASSETS_TDAYS":3.008224968018,"PREMIUM_EXPENSE":null,"LOAN_DEPOSIT":null,"LOAN_EQUITY":null,"LOAN_ASSETS":null,"DEPOSIT_EQUITY":null,"DEPOSIT_ASSETS":null,"EQUITY_MULTIPLIER":1.425967409405,"EQUITY_RATIO":0.434048161923},{"SECUCODE":"09913.HK","SECURITY_CODE":"09913","SECURITY_NAME_ABBR":"智勤控股","ORG_CODE":"10000054808","STD_REPORT_DATE":"2021-06-30 00:00:00","REPORT_DATE":"2021-09-30 00:00:00","DATE_TYPE_CODE":"002","REPORT_TYPE":"2021年中报","PER_NETCASH_OPERATE":-0.01132461764,"PER_OI":0.62933434394,"BPS":0.32326726688,"BASIC_EPS":0.026158084,"DILUTED_EPS":0.026158084,"OPERATE_INCOME":629334343.94,"OPERATE_INCOME_YOY":82.2339458062,"GROSS_PROFIT":60991654.84,"GROSS_PROFIT_YOY":98.48911374255,"HOLDER_PROFIT":26132259.14,"HOLDER_PROFIT_YOY":48.886990365,"GROSS_PROFIT_RATIO":9.691455015494,"EPS_TTM":0.03615088414,"OPERATE_INCOME_QOQ":0,"NET_PROFIT_RATIO":6.003846719,"ROE_AVG":8.432254873499,"GROSS_PROFIT_QOQ":0,"ROA":6.20617135079,"HOLDER_PROFIT_QOQ":0,"ROE_YEARLY":16.864509746997,"ROIC_YEARLY":20.478154361376,"TOTAL_ASSETS":449567493.48,"TOTAL_LIABILITIES":112022411.26,"TAX_EBT":24.063687655913,"OCF_SALES":-1.79945965909,"TOTAL_PARENT_EQUITY":323267266.88,"DEBT_ASSET_RATIO":24.917818322,"OPERATE_PROFIT":49248008.02,"PRETAX_PROFIT":49757840.74,"NETCASH_OPERATE":-11324617.64,"NETCASH_INVEST":-1731098.68,"NETCASH_FINANCE":-684775.32,"END_CASH":150947139.76,"DIVI_RATIO":null,"DIVIDEND_RATE":null,"CURRENT_RATIO":4.013342833571,"COMMON_ACS":10000000000,"CURRENTDEBT_DEBT":99.151489912323,"ISSUED_COMMON_SHARES":1000000000,"HK_COMMON_SHARES":1000000000,"PER_SHARES":4000,"TOTAL_MARKET_CAP":2650000000,"HKSK_MARKET_CAP":2650000000,"PE_TTM":106.708544737054,"PB_TTM":5.382360886282,"REPORT_DATE_SQ":"2020-06-30 00:00:00","REPORT_TYPE_SQ":"2020年中报","OPERATE_INCOME_SQ":364272497.28,"DPS_HKD":null,"OPERATE_INCOME_QOQ_SQ":0,"NET_PROFIT_RATIO_SQ":5.0823907427,"HOLDER_PROFIT_SQ":18513751.68,"HOLDER_PROFIT_QOQ_SQ":0,"ROE_AVG_SQ":8.013677528308,"PE_TTM_SQ":68.693550438875,"PB_TTM_SQ":7.011241790463,"ROA_SQ":6.392633104003,"START_DATE":"2021-04-01 00:00:00","FISCAL_YEAR":"3-31","CURRENCY":"HKD","IS_CNY_CODE":0,"DPS_HKD_LY":null,"ORG_TYPE":"一般企业","PREMIUM_INCOME":null,"PREMIUM_INCOME_YOY":null,"NET_INTEREST_INCOME":null,"NET_INTEREST_INCOME_YOY":null,"FEE_COMMISSION_INCOME":null,"FEE_COMMISSION_INCOME_YOY":null,"ACCOUNTS_RECE_TDAYS":17.522127383217,"INVENTORY_TDAYS":1688.70049504951,"CURRENT_ASSETS_TDAYS":1.503264423259,"TOTAL_ASSETS_TDAYS":1.494611221519,"PREMIUM_EXPENSE":null,"LOAN_DEPOSIT":null,"LOAN_EQUITY":null,"LOAN_ASSETS":null,"DEPOSIT_EQUITY":null,"DEPOSIT_ASSETS":null,"EQUITY_MULTIPLIER":1.33187392488,"EQUITY_RATIO":0.346531872346},{"SECUCODE":"09913.HK","SECURITY_CODE":"09913","SECURITY_NAME_ABBR":"智勤控股","ORG_CODE":"10000054808","STD_REPORT_DATE":"2020-12-31 00:00:00","REPORT_DATE":"2021-03-31 00:00:00","DATE_TYPE_CODE":"001","REPORT_TYPE":"2020年年报","PER_NETCASH_OPERATE":0.03755050222,"PER_OI":0.69828602564,"BPS":0.30086379568,"BASIC_EPS":0.039807978,"DILUTED_EPS":0.039807978,"OPERATE_INCOME":698286025.64,"OPERATE_INCOME_YOY":20.4628397047,"GROSS_PROFIT":51299045.28,"GROSS_PROFIT_YOY":-23.183655247651,"HOLDER_PROFIT":36150884.14,"HOLDER_PROFIT_YOY":8.0098987399,"GROSS_PROFIT_RATIO":7.346423012401,"EPS_TTM":0.04290791468,"OPERATE_INCOME_QOQ":0,"NET_PROFIT_RATIO":5.1728520282,"ROE_AVG":15.592260190579,"GROSS_PROFIT_QOQ":0,"ROA":11.822653290528,"HOLDER_PROFIT_QOQ":0,"ROE_YEARLY":15.592260190579,"ROIC_YEARLY":17.442846773075,"TOTAL_ASSETS":398281778.02,"TOTAL_LIABILITIES":94853706.22,"TAX_EBT":14.419591902121,"OCF_SALES":5.377524515915,"TOTAL_PARENT_EQUITY":300863795.68,"DEBT_ASSET_RATIO":23.8157283247,"OPERATE_PROFIT":41854158.78,"PRETAX_PROFIT":42207444.02,"NETCASH_OPERATE":37550502.22,"NETCASH_INVEST":-14438209.94,"NETCASH_FINANCE":113797570.74,"END_CASH":166328888.46,"DIVI_RATIO":null,"DIVIDEND_RATE":null,"CURRENT_RATIO":4.192572570429,"COMMON_ACS":10000000000,"CURRENTDEBT_DEBT":99.883274376498,"ISSUED_COMMON_SHARES":1000000000,"HK_COMMON_SHARES":1000000000,"PER_SHARES":4000,"TOTAL_MARKET_CAP":2650000000,"HKSK_MARKET_CAP":2650000000,"PE_TTM":106.708544737054,"PB_TTM":5.382360886282,"REPORT_DATE_SQ":"2019-12-31 00:00:00","REPORT_TYPE_SQ":"2019年年报","OPERATE_INCOME_SQ":626663886.1,"DPS_HKD":null,"OPERATE_INCOME_QOQ_SQ":0,"NET_PROFIT_RATIO_SQ":5.7739778057,"HOLDER_PROFIT_SQ":36183433.7,"HOLDER_PROFIT_QOQ_SQ":0,"ROE_AVG_SQ":20.942051211541,"PE_TTM_SQ":68.693550438875,"PB_TTM_SQ":7.011241790463,"ROA_SQ":16.716724111366,"START_DATE":"2020-04-01 00:00:00","FISCAL_YEAR":"3-31","CURRENCY":"HKD","IS_CNY_CODE":0,"DPS_HKD_LY":null,"ORG_TYPE":"一般企业","PREMIUM_INCOME":null,"PREMIUM_INCOME_YOY":null,"NET_INTEREST_INCOME":null,"NET_INTEREST_INCOME_YOY":null,"FEE_COMMISSION_INCOME":null,"FEE_COMMISSION_INCOME_YOY":null,"ACCOUNTS_RECE_TDAYS":25.017350492051,"INVENTORY_TDAYS":null,"CURRENT_ASSETS_TDAYS":2.294296595897,"TOTAL_ASSETS_TDAYS":2.283649148605,"PREMIUM_EXPENSE":null,"LOAN_DEPOSIT":null,"LOAN_EQUITY":null,"LOAN_ASSETS":null,"DEPOSIT_EQUITY":null,"DEPOSIT_ASSETS":null,"EQUITY_MULTIPLIER":1.312606891173,"EQUITY_RATIO":0.315271254242},{"SECUCODE":"09913.HK","SECURITY_CODE":"09913","SECURITY_NAME_ABBR":"智勤控股","ORG_CODE":"10000054808","STD_REPORT_DATE":"2020-06-30 00:00:00","REPORT_DATE":"2020-09-30 00:00:00","DATE_TYPE_CODE":"002","REPORT_TYPE":"2020年中报","PER_NETCASH_OPERATE":0.02699691456,"PER_OI":0.36427249728,"BPS":0.29275259776,"BASIC_EPS":0.022670976,"DILUTED_EPS":0.022670976,"OPERATE_INCOME":364272497.28,"OPERATE_INCOME_YOY":35.6073641306,"GROSS_PROFIT":30727959.68,"GROSS_PROFIT_YOY":6.029121583092,"HOLDER_PROFIT":18513751.68,"HOLDER_PROFIT_YOY":61.2012241775,"GROSS_PROFIT_RATIO":8.435432240821,"EPS_TTM":null,"OPERATE_INCOME_QOQ":0,"NET_PROFIT_RATIO":5.0823907427,"ROE_AVG":8.013677528308,"GROSS_PROFIT_QOQ":0,"ROA":6.392633104003,"HOLDER_PROFIT_QOQ":0,"ROE_YEARLY":16.027355056616,"ROIC_YEARLY":19.100805272689,"TOTAL_ASSETS":357487021.44,"TOTAL_LIABILITIES":64734423.68,"TAX_EBT":18.444685298444,"OCF_SALES":7.411186614851,"TOTAL_PARENT_EQUITY":292752597.76,"DEBT_ASSET_RATIO":18.1081884929,"OPERATE_PROFIT":22705246.08,"PRETAX_PROFIT":22700852.48,"NETCASH_OPERATE":26996914.56,"NETCASH_INVEST":1757.44,"NETCASH_FINANCE":105976268.16,"END_CASH":162245103.36,"DIVI_RATIO":null,"DIVIDEND_RATE":null,"CURRENT_RATIO":5.53488372093,"COMMON_ACS":10000000000,"CURRENTDEBT_DEBT":99.344364658133,"ISSUED_COMMON_SHARES":1000000000,"HK_COMMON_SHARES":1000000000,"PER_SHARES":4000,"TOTAL_MARKET_CAP":2650000000,"HKSK_MARKET_CAP":2650000000,"PE_TTM":106.708544737054,"PB_TTM":5.382360886282,"REPORT_DATE_SQ":"2019-06-30 00:00:00","REPORT_TYPE_SQ":"2019年中报","OPERATE_INCOME_SQ":275742652.98,"DPS_HKD":null,"OPERATE_INCOME_QOQ_SQ":0,"NET_PROFIT_RATIO_SQ":4.2754614031,"HOLDER_PROFIT_SQ":11789270.7,"HOLDER_PROFIT_QOQ_SQ":0,"ROE_AVG_SQ":null,"PE_TTM_SQ":68.693550438875,"PB_TTM_SQ":7.011241790463,"ROA_SQ":null,"START_DATE":"2020-04-01 00:00:00","FISCAL_YEAR":"3-31","CURRENCY":"HKD","IS_CNY_CODE":0,"DPS_HKD_LY":null,"ORG_TYPE":"一般企业","PREMIUM_INCOME":null,"PREMIUM_INCOME_YOY":null,"NET_INTEREST_INCOME":null,"NET_INTEREST_INCOME_YOY":null,"FEE_COMMISSION_INCOME":null,"FEE_COMMISSION_INCOME_YOY":null,"ACCOUNTS_RECE_TDAYS":9.677923169408,"INVENTORY_TDAYS":null,"CURRENT_ASSETS_TDAYS":1.265188092462,"TOTAL_ASSETS_TDAYS":1.25780039899,"PREMIUM_EXPENSE":null,"LOAN_DEPOSIT":null,"LOAN_EQUITY":null,"LOAN_ASSETS":null,"DEPOSIT_EQUITY":null,"DEPOSIT_ASSETS":null,"EQUITY_MULTIPLIER":1.221123310862,"EQUITY_RATIO":0.221123310862}],"count":14},"success":true,"message":"ok","code":0}