{"version":"a5532225940d6bfd1575392b03f63574","result":{"pages":2,"data":[{"SECUCODE":"09916.HK","SECURITY_CODE":"09916","SECURITY_NAME_ABBR":"兴业物联","ORG_CODE":"10000059910","STD_REPORT_DATE":"2024-06-30 00:00:00","REPORT_DATE":"2024-06-30 00:00:00","DATE_TYPE_CODE":"002","REPORT_TYPE":"2024年中报","PER_NETCASH_OPERATE":0.0175775,"PER_OI":0.4180025,"BPS":1.1995825,"BASIC_EPS":0.0602,"DILUTED_EPS":0.0602,"OPERATE_INCOME":167201000,"OPERATE_INCOME_YOY":4.6753019101,"GROSS_PROFIT":49988000,"GROSS_PROFIT_YOY":-1.031499336752,"HOLDER_PROFIT":24084000,"HOLDER_PROFIT_YOY":15.9780410286,"GROSS_PROFIT_RATIO":29.896950377091,"EPS_TTM":0.1087275,"OPERATE_INCOME_QOQ":2.080553179753,"NET_PROFIT_RATIO":14.3641485398,"ROE_AVG":5.152583565817,"GROSS_PROFIT_QOQ":-0.535903475658,"ROA":3.510605500736,"HOLDER_PROFIT_QOQ":8.259278619969,"ROE_YEARLY":10.305167131634,"ROIC_YEARLY":10.204868540921,"TOTAL_ASSETS":673017000,"TOTAL_LIABILITIES":193220000,"TAX_EBT":28.333134399618,"OCF_SALES":4.20511839044,"TOTAL_PARENT_EQUITY":479833000,"DEBT_ASSET_RATIO":28.7095273968,"OPERATE_PROFIT":33568000,"PRETAX_PROFIT":33512000,"NETCASH_OPERATE":7031000,"NETCASH_INVEST":-383000,"NETCASH_FINANCE":null,"END_CASH":217372000,"DIVI_RATIO":null,"DIVIDEND_RATE":null,"CURRENT_RATIO":2.562714045649,"COMMON_ACS":10000000000,"CURRENTDEBT_DEBT":97.321188282787,"ISSUED_COMMON_SHARES":400000000,"HK_COMMON_SHARES":400000000,"PER_SHARES":2000,"TOTAL_MARKET_CAP":154000000,"HKSK_MARKET_CAP":154000000,"PE_TTM":3.195335690626,"PB_TTM":0.292920078444,"REPORT_DATE_SQ":"2023-06-30 00:00:00","REPORT_TYPE_SQ":"2023年中报","OPERATE_INCOME_SQ":159733000,"DPS_HKD":null,"OPERATE_INCOME_QOQ_SQ":1.267640289159,"NET_PROFIT_RATIO_SQ":13.0048268047,"HOLDER_PROFIT_SQ":20766000,"HOLDER_PROFIT_QOQ_SQ":-23.777424483307,"ROE_AVG_SQ":4.882762901724,"PE_TTM_SQ":5.904660034748,"PB_TTM_SQ":0.472474937659,"ROA_SQ":3.441549509356,"START_DATE":"2024-01-01 00:00:00","FISCAL_YEAR":"12-31","CURRENCY":"HKD","IS_CNY_CODE":0,"DPS_HKD_LY":null,"ORG_TYPE":"一般企业","PREMIUM_INCOME":null,"PREMIUM_INCOME_YOY":null,"NET_INTEREST_INCOME":null,"NET_INTEREST_INCOME_YOY":null,"FEE_COMMISSION_INCOME":null,"FEE_COMMISSION_INCOME_YOY":null,"ACCOUNTS_RECE_TDAYS":1.998231241298,"INVENTORY_TDAYS":0.896326006248,"CURRENT_ASSETS_TDAYS":0.338114155311,"TOTAL_ASSETS_TDAYS":0.243720623787,"PREMIUM_EXPENSE":null,"LOAN_DEPOSIT":null,"LOAN_EQUITY":null,"LOAN_ASSETS":null,"DEPOSIT_EQUITY":null,"DEPOSIT_ASSETS":null,"EQUITY_MULTIPLIER":1.402711980275,"EQUITY_RATIO":0.402681766365},{"SECUCODE":"09916.HK","SECURITY_CODE":"09916","SECURITY_NAME_ABBR":"兴业物联","ORG_CODE":"10000059910","STD_REPORT_DATE":"2023-12-31 00:00:00","REPORT_DATE":"2023-12-31 00:00:00","DATE_TYPE_CODE":"001","REPORT_TYPE":"2023年年报","PER_NETCASH_OPERATE":0.1477575,"PER_OI":0.8973575,"BPS":1.1374975,"BASIC_EPS":0.1004,"DILUTED_EPS":0.1004,"OPERATE_INCOME":358943000,"OPERATE_INCOME_YOY":11.7962182584,"GROSS_PROFIT":97219000,"GROSS_PROFIT_YOY":-2.470857326298,"HOLDER_PROFIT":40173000,"HOLDER_PROFIT_YOY":-14.8426073132,"GROSS_PROFIT_RATIO":27.084801765183,"EPS_TTM":0.1004325,"OPERATE_INCOME_QOQ":10.396784144627,"NET_PROFIT_RATIO":11.1942564697,"ROE_AVG":9.251410233824,"GROSS_PROFIT_QOQ":-2.246287190934,"ROA":6.226513792395,"HOLDER_PROFIT_QOQ":11.722009010512,"ROE_YEARLY":9.251410233824,"ROIC_YEARLY":13.130061903112,"TOTAL_ASSETS":699054000,"TOTAL_LIABILITIES":244024000,"TAX_EBT":29.352087912088,"OCF_SALES":16.465845552079,"TOTAL_PARENT_EQUITY":454999000,"DEBT_ASSET_RATIO":34.9077467549,"OPERATE_PROFIT":56995000,"PRETAX_PROFIT":56875000,"NETCASH_OPERATE":59103000,"NETCASH_INVEST":-316471000,"NETCASH_FINANCE":null,"END_CASH":210684000,"DIVI_RATIO":null,"DIVIDEND_RATE":null,"CURRENT_RATIO":2.123796481265,"COMMON_ACS":10000000000,"CURRENTDEBT_DEBT":97.850621250369,"ISSUED_COMMON_SHARES":400000000,"HK_COMMON_SHARES":400000000,"PER_SHARES":2000,"TOTAL_MARKET_CAP":130000000,"HKSK_MARKET_CAP":130000000,"PE_TTM":2.697361297281,"PB_TTM":0.247270196089,"REPORT_DATE_SQ":"2022-12-31 00:00:00","REPORT_TYPE_SQ":"2022年年报","OPERATE_INCOME_SQ":321069000,"DPS_HKD":null,"OPERATE_INCOME_QOQ_SQ":5.582502721207,"NET_PROFIT_RATIO_SQ":14.7002669208,"HOLDER_PROFIT_SQ":47175000,"HOLDER_PROFIT_QOQ_SQ":-3.873583829163,"ROE_AVG_SQ":12.034715082744,"PE_TTM_SQ":6.115540750275,"PB_TTM_SQ":0.489349042575,"ROA_SQ":8.397415358325,"START_DATE":"2023-01-01 00:00:00","FISCAL_YEAR":"12-31","CURRENCY":"HKD","IS_CNY_CODE":0,"DPS_HKD_LY":null,"ORG_TYPE":"一般企业","PREMIUM_INCOME":null,"PREMIUM_INCOME_YOY":null,"NET_INTEREST_INCOME":null,"NET_INTEREST_INCOME_YOY":null,"FEE_COMMISSION_INCOME":null,"FEE_COMMISSION_INCOME_YOY":null,"ACCOUNTS_RECE_TDAYS":3.947009308284,"INVENTORY_TDAYS":2.001896923618,"CURRENT_ASSETS_TDAYS":0.657969941213,"TOTAL_ASSETS_TDAYS":0.556334737307,"PREMIUM_EXPENSE":null,"LOAN_DEPOSIT":null,"LOAN_EQUITY":null,"LOAN_ASSETS":null,"DEPOSIT_EQUITY":null,"DEPOSIT_ASSETS":null,"EQUITY_MULTIPLIER":1.536281124321,"EQUITY_RATIO":0.536317662237},{"SECUCODE":"09916.HK","SECURITY_CODE":"09916","SECURITY_NAME_ABBR":"兴业物联","ORG_CODE":"10000059910","STD_REPORT_DATE":"2023-06-30 00:00:00","REPORT_DATE":"2023-06-30 00:00:00","DATE_TYPE_CODE":"002","REPORT_TYPE":"2023年中报","PER_NETCASH_OPERATE":0.0228925,"PER_OI":0.3993325,"BPS":1.092775,"BASIC_EPS":0.0519,"DILUTED_EPS":0.0519,"OPERATE_INCOME":159733000,"OPERATE_INCOME_YOY":2.6146226142,"GROSS_PROFIT":50509000,"GROSS_PROFIT_YOY":-0.451338247467,"HOLDER_PROFIT":20766000,"HOLDER_PROFIT_YOY":-35.0717568708,"GROSS_PROFIT_RATIO":31.620892364133,"EPS_TTM":0.089895,"OPERATE_INCOME_QOQ":1.267640289159,"NET_PROFIT_RATIO":13.0048268047,"ROE_AVG":4.882762901724,"GROSS_PROFIT_QOQ":-0.229730543127,"ROA":3.441549509356,"HOLDER_PROFIT_QOQ":-23.777424483307,"ROE_YEARLY":9.765525803448,"ROIC_YEARLY":31.912833673987,"TOTAL_ASSETS":615451000,"TOTAL_LIABILITIES":178311000,"TAX_EBT":33.319423490515,"OCF_SALES":5.732691428822,"TOTAL_PARENT_EQUITY":437110000,"DEBT_ASSET_RATIO":28.972412101,"OPERATE_PROFIT":31215000,"PRETAX_PROFIT":31153000,"NETCASH_OPERATE":9157000,"NETCASH_INVEST":1734000,"NETCASH_FINANCE":null,"END_CASH":478722000,"DIVI_RATIO":null,"DIVIDEND_RATE":null,"CURRENT_RATIO":3.499104051072,"COMMON_ACS":10000000000,"CURRENTDEBT_DEBT":97.334993354308,"ISSUED_COMMON_SHARES":400000000,"HK_COMMON_SHARES":400000000,"PER_SHARES":2000,"TOTAL_MARKET_CAP":130000000,"HKSK_MARKET_CAP":130000000,"PE_TTM":2.697361297281,"PB_TTM":0.247270196089,"REPORT_DATE_SQ":"2022-06-30 00:00:00","REPORT_TYPE_SQ":"2022年中报","OPERATE_INCOME_SQ":155663000,"DPS_HKD":null,"OPERATE_INCOME_QOQ_SQ":7.964567208691,"NET_PROFIT_RATIO_SQ":20.5463083713,"HOLDER_PROFIT_SQ":31983000,"HOLDER_PROFIT_QOQ_SQ":-9.99853286385,"ROE_AVG_SQ":8.408226038606,"PE_TTM_SQ":6.115540750275,"PB_TTM_SQ":0.489349042575,"ROA_SQ":5.958367992518,"START_DATE":"2023-01-01 00:00:00","FISCAL_YEAR":"12-31","CURRENCY":"HKD","IS_CNY_CODE":0,"DPS_HKD_LY":null,"ORG_TYPE":"一般企业","PREMIUM_INCOME":null,"PREMIUM_INCOME_YOY":null,"NET_INTEREST_INCOME":null,"NET_INTEREST_INCOME_YOY":null,"FEE_COMMISSION_INCOME":null,"FEE_COMMISSION_INCOME_YOY":null,"ACCOUNTS_RECE_TDAYS":1.744562338563,"INVENTORY_TDAYS":null,"CURRENT_ASSETS_TDAYS":0.268178250486,"TOTAL_ASSETS_TDAYS":0.264725526234,"PREMIUM_EXPENSE":null,"LOAN_DEPOSIT":null,"LOAN_EQUITY":null,"LOAN_ASSETS":null,"DEPOSIT_EQUITY":null,"DEPOSIT_ASSETS":null,"EQUITY_MULTIPLIER":1.407903646428,"EQUITY_RATIO":0.407931641921},{"SECUCODE":"09916.HK","SECURITY_CODE":"09916","SECURITY_NAME_ABBR":"兴业物联","ORG_CODE":"10000059910","STD_REPORT_DATE":"2022-12-31 00:00:00","REPORT_DATE":"2022-12-31 00:00:00","DATE_TYPE_CODE":"001","REPORT_TYPE":"2022年年报","PER_NETCASH_OPERATE":0.0734775,"PER_OI":0.8026725,"BPS":1.033685,"BASIC_EPS":0.1179,"DILUTED_EPS":0.1179,"OPERATE_INCOME":321069000,"OPERATE_INCOME_YOY":13.9916921111,"GROSS_PROFIT":99682000,"GROSS_PROFIT_YOY":6.263991642326,"HOLDER_PROFIT":47175000,"HOLDER_PROFIT_YOY":-13.4848151408,"GROSS_PROFIT_RATIO":31.04690891989,"EPS_TTM":0.1179375,"OPERATE_INCOME_QOQ":5.582502721207,"NET_PROFIT_RATIO":14.7002669208,"ROE_AVG":12.034715082744,"GROSS_PROFIT_QOQ":7.905476352851,"ROA":8.397415358325,"HOLDER_PROFIT_QOQ":-3.873583829163,"ROE_YEARLY":12.034715082744,"ROIC_YEARLY":36.757544354493,"TOTAL_ASSETS":591331000,"TOTAL_LIABILITIES":177834000,"TAX_EBT":27.372049364479,"OCF_SALES":9.154107061099,"TOTAL_PARENT_EQUITY":413474000,"DEBT_ASSET_RATIO":30.0735121277,"OPERATE_PROFIT":65120000,"PRETAX_PROFIT":64986000,"NETCASH_OPERATE":29391000,"NETCASH_INVEST":47006000,"NETCASH_FINANCE":-8180000,"END_CASH":467723000,"DIVI_RATIO":null,"DIVIDEND_RATE":null,"CURRENT_RATIO":3.37399463807,"COMMON_ACS":10000000000,"CURRENTDEBT_DEBT":97.322221847341,"ISSUED_COMMON_SHARES":400000000,"HK_COMMON_SHARES":400000000,"PER_SHARES":2000,"TOTAL_MARKET_CAP":130000000,"HKSK_MARKET_CAP":130000000,"PE_TTM":2.697361297281,"PB_TTM":0.247270196089,"REPORT_DATE_SQ":"2021-12-31 00:00:00","REPORT_TYPE_SQ":"2021年年报","OPERATE_INCOME_SQ":281660000,"DPS_HKD":null,"OPERATE_INCOME_QOQ_SQ":10.268958227303,"NET_PROFIT_RATIO_SQ":19.3595114677,"HOLDER_PROFIT_SQ":54528000,"HOLDER_PROFIT_QOQ_SQ":-5.748954264182,"ROE_AVG_SQ":15.877656321886,"PE_TTM_SQ":6.115540750275,"PB_TTM_SQ":0.489349042575,"ROA_SQ":11.33069363303,"START_DATE":"2022-01-01 00:00:00","FISCAL_YEAR":"12-31","CURRENCY":"HKD","IS_CNY_CODE":0,"DPS_HKD_LY":0.025,"ORG_TYPE":"一般企业","PREMIUM_INCOME":null,"PREMIUM_INCOME_YOY":null,"NET_INTEREST_INCOME":null,"NET_INTEREST_INCOME_YOY":null,"FEE_COMMISSION_INCOME":null,"FEE_COMMISSION_INCOME_YOY":null,"ACCOUNTS_RECE_TDAYS":5.252619610474,"INVENTORY_TDAYS":null,"CURRENT_ASSETS_TDAYS":0.578521465561,"TOTAL_ASSETS_TDAYS":0.57152088006,"PREMIUM_EXPENSE":null,"LOAN_DEPOSIT":null,"LOAN_EQUITY":null,"LOAN_ASSETS":null,"DEPOSIT_EQUITY":null,"DEPOSIT_ASSETS":null,"EQUITY_MULTIPLIER":1.430073253252,"EQUITY_RATIO":0.430097176606},{"SECUCODE":"09916.HK","SECURITY_CODE":"09916","SECURITY_NAME_ABBR":"兴业物联","ORG_CODE":"10000059910","STD_REPORT_DATE":"2022-06-30 00:00:00","REPORT_DATE":"2022-06-30 00:00:00","DATE_TYPE_CODE":"002","REPORT_TYPE":"2022年中报","PER_NETCASH_OPERATE":0.02772,"PER_OI":0.3891575,"BPS":0.9756175,"BASIC_EPS":0.08,"DILUTED_EPS":0.08,"OPERATE_INCOME":155663000,"OPERATE_INCOME_YOY":16.8377992945,"GROSS_PROFIT":50738000,"GROSS_PROFIT_YOY":-2.735550656571,"HOLDER_PROFIT":31983000,"HOLDER_PROFIT_YOY":-14.5639107787,"GROSS_PROFIT_RATIO":32.594772039598,"EPS_TTM":0.12269,"OPERATE_INCOME_QOQ":7.964567208691,"NET_PROFIT_RATIO":20.5463083713,"ROE_AVG":8.408226038606,"GROSS_PROFIT_QOQ":-1.521224655139,"ROA":5.958367992518,"HOLDER_PROFIT_QOQ":-9.99853286385,"ROE_YEARLY":16.816452077213,"ROIC_YEARLY":59.875038026818,"TOTAL_ASSETS":541320000,"TOTAL_LIABILITIES":151073000,"TAX_EBT":25.440600522193,"OCF_SALES":7.123079986895,"TOTAL_PARENT_EQUITY":390247000,"DEBT_ASSET_RATIO":27.9082612872,"OPERATE_PROFIT":42964000,"PRETAX_PROFIT":42896000,"NETCASH_OPERATE":11088000,"NETCASH_INVEST":50000000,"NETCASH_FINANCE":null,"END_CASH":460752000,"DIVI_RATIO":null,"DIVIDEND_RATE":null,"CURRENT_RATIO":3.67174653552,"COMMON_ACS":10000000000,"CURRENTDEBT_DEBT":96.773083211428,"ISSUED_COMMON_SHARES":400000000,"HK_COMMON_SHARES":400000000,"PER_SHARES":2000,"TOTAL_MARKET_CAP":130000000,"HKSK_MARKET_CAP":130000000,"PE_TTM":2.697361297281,"PB_TTM":0.247270196089,"REPORT_DATE_SQ":"2021-06-30 00:00:00","REPORT_TYPE_SQ":"2021年中报","OPERATE_INCOME_SQ":133230000,"DPS_HKD":null,"OPERATE_INCOME_QOQ_SQ":19.814436084583,"NET_PROFIT_RATIO_SQ":28.0980259701,"HOLDER_PROFIT_SQ":37435000,"HOLDER_PROFIT_QOQ_SQ":32.988529526699,"ROE_AVG_SQ":11.173692945067,"PE_TTM_SQ":6.115540750275,"PB_TTM_SQ":0.489349042575,"ROA_SQ":8.255168163079,"START_DATE":"2022-01-01 00:00:00","FISCAL_YEAR":"12-31","CURRENCY":"HKD","IS_CNY_CODE":0,"DPS_HKD_LY":0.025,"ORG_TYPE":"一般企业","PREMIUM_INCOME":null,"PREMIUM_INCOME_YOY":null,"NET_INTEREST_INCOME":null,"NET_INTEREST_INCOME_YOY":null,"FEE_COMMISSION_INCOME":null,"FEE_COMMISSION_INCOME_YOY":null,"ACCOUNTS_RECE_TDAYS":3.511974460501,"INVENTORY_TDAYS":null,"CURRENT_ASSETS_TDAYS":0.2929239327,"TOTAL_ASSETS_TDAYS":0.289997009918,"PREMIUM_EXPENSE":null,"LOAN_DEPOSIT":null,"LOAN_EQUITY":null,"LOAN_ASSETS":null,"DEPOSIT_EQUITY":null,"DEPOSIT_ASSETS":null,"EQUITY_MULTIPLIER":1.387121489723,"EQUITY_RATIO":0.387121489723},{"SECUCODE":"09916.HK","SECURITY_CODE":"09916","SECURITY_NAME_ABBR":"兴业物联","ORG_CODE":"10000059910","STD_REPORT_DATE":"2021-12-31 00:00:00","REPORT_DATE":"2021-12-31 00:00:00","DATE_TYPE_CODE":"001","REPORT_TYPE":"2021年年报","PER_NETCASH_OPERATE":0.2095425,"PER_OI":0.70415,"BPS":0.92627,"BASIC_EPS":0.1363,"DILUTED_EPS":0.1363,"OPERATE_INCOME":281660000,"OPERATE_INCOME_YOY":32.1181304764,"GROSS_PROFIT":93806000,"GROSS_PROFIT_YOY":8.147430798142,"HOLDER_PROFIT":54528000,"HOLDER_PROFIT_YOY":25.3430797876,"GROSS_PROFIT_RATIO":33.304693602215,"EPS_TTM":0.13632,"OPERATE_INCOME_QOQ":10.268958227303,"NET_PROFIT_RATIO":19.3595114677,"ROE_AVG":15.877656321886,"GROSS_PROFIT_QOQ":0.823301805675,"ROA":11.33069363303,"HOLDER_PROFIT_QOQ":-5.748954264182,"ROE_YEARLY":15.877656321886,"ROIC_YEARLY":56.160877513711,"TOTAL_ASSETS":532229000,"TOTAL_LIABILITIES":161721000,"TAX_EBT":25.066992812874,"OCF_SALES":29.758219129447,"TOTAL_PARENT_EQUITY":370508000,"DEBT_ASSET_RATIO":30.3856046927,"OPERATE_PROFIT":72974000,"PRETAX_PROFIT":72769000,"NETCASH_OPERATE":83817000,"NETCASH_INVEST":-50372000,"NETCASH_FINANCE":-3354000,"END_CASH":399132000,"DIVI_RATIO":null,"DIVIDEND_RATE":null,"CURRENT_RATIO":3.378767246474,"COMMON_ACS":10000000000,"CURRENTDEBT_DEBT":96.267027782415,"ISSUED_COMMON_SHARES":400000000,"HK_COMMON_SHARES":400000000,"PER_SHARES":2000,"TOTAL_MARKET_CAP":130000000,"HKSK_MARKET_CAP":130000000,"PE_TTM":2.697361297281,"PB_TTM":0.247270196089,"REPORT_DATE_SQ":"2020-12-31 00:00:00","REPORT_TYPE_SQ":"2020年年报","OPERATE_INCOME_SQ":213188000,"DPS_HKD":null,"OPERATE_INCOME_QOQ_SQ":9.936056105611,"NET_PROFIT_RATIO_SQ":20.4059327917,"HOLDER_PROFIT_SQ":43503000,"HOLDER_PROFIT_QOQ_SQ":15.594940745071,"ROE_AVG_SQ":20.21777926496,"PE_TTM_SQ":6.115540750275,"PB_TTM_SQ":0.489349042575,"ROA_SQ":13.46310666842,"START_DATE":"2021-01-01 00:00:00","FISCAL_YEAR":"12-31","CURRENCY":"HKD","IS_CNY_CODE":0,"DPS_HKD_LY":null,"ORG_TYPE":"一般企业","PREMIUM_INCOME":null,"PREMIUM_INCOME_YOY":null,"NET_INTEREST_INCOME":null,"NET_INTEREST_INCOME_YOY":null,"FEE_COMMISSION_INCOME":null,"FEE_COMMISSION_INCOME_YOY":null,"ACCOUNTS_RECE_TDAYS":7.181631586328,"INVENTORY_TDAYS":null,"CURRENT_ASSETS_TDAYS":0.593510077091,"TOTAL_ASSETS_TDAYS":0.585277869843,"PREMIUM_EXPENSE":null,"LOAN_DEPOSIT":null,"LOAN_EQUITY":null,"LOAN_ASSETS":null,"DEPOSIT_EQUITY":null,"DEPOSIT_ASSETS":null,"EQUITY_MULTIPLIER":1.436484502359,"EQUITY_RATIO":0.436484502359},{"SECUCODE":"09916.HK","SECURITY_CODE":"09916","SECURITY_NAME_ABBR":"兴业物联","ORG_CODE":"10000059910","STD_REPORT_DATE":"2021-06-30 00:00:00","REPORT_DATE":"2021-06-30 00:00:00","DATE_TYPE_CODE":"002","REPORT_TYPE":"2021年中报","PER_NETCASH_OPERATE":0.0652825,"PER_OI":0.333075,"BPS":0.88428,"BASIC_EPS":0.0936,"DILUTED_EPS":0.0936,"OPERATE_INCOME":133230000,"OPERATE_INCOME_YOY":46.4259023168,"GROSS_PROFIT":52165000,"GROSS_PROFIT_YOY":13.738444095587,"HOLDER_PROFIT":37435000,"HOLDER_PROFIT_YOY":62.1686016288,"GROSS_PROFIT_RATIO":39.154094423178,"EPS_TTM":0.144635,"OPERATE_INCOME_QOQ":19.814436084583,"NET_PROFIT_RATIO":28.0980259701,"ROE_AVG":11.173692945067,"GROSS_PROFIT_QOQ":7.264321700734,"ROA":8.255168163079,"HOLDER_PROFIT_QOQ":32.988529526699,"ROE_YEARLY":22.347385890135,"ROIC_YEARLY":102.473909324209,"TOTAL_ASSETS":476693000,"TOTAL_LIABILITIES":122981000,"TAX_EBT":24.609807672943,"OCF_SALES":19.599939953464,"TOTAL_PARENT_EQUITY":353712000,"DEBT_ASSET_RATIO":25.7987845427,"OPERATE_PROFIT":49803000,"PRETAX_PROFIT":49655000,"NETCASH_OPERATE":26113000,"NETCASH_INVEST":-148000,"NETCASH_FINANCE":-3413000,"END_CASH":391656000,"DIVI_RATIO":null,"DIVIDEND_RATE":null,"CURRENT_RATIO":4.009895922198,"COMMON_ACS":10000000000,"CURRENTDEBT_DEBT":95.315536546296,"ISSUED_COMMON_SHARES":400000000,"HK_COMMON_SHARES":400000000,"PER_SHARES":2000,"TOTAL_MARKET_CAP":130000000,"HKSK_MARKET_CAP":130000000,"PE_TTM":2.697361297281,"PB_TTM":0.247270196089,"REPORT_DATE_SQ":"2020-06-30 00:00:00","REPORT_TYPE_SQ":"2020年中报","OPERATE_INCOME_SQ":90988000,"DPS_HKD":null,"OPERATE_INCOME_QOQ_SQ":5.321471632939,"NET_PROFIT_RATIO_SQ":25.3703785115,"HOLDER_PROFIT_SQ":23084000,"HOLDER_PROFIT_QOQ_SQ":6.996844170244,"ROE_AVG_SQ":10.90807709937,"PE_TTM_SQ":6.115540750275,"PB_TTM_SQ":0.489349042575,"ROA_SQ":7.498554472041,"START_DATE":"2021-01-01 00:00:00","FISCAL_YEAR":"12-31","CURRENCY":"HKD","IS_CNY_CODE":0,"DPS_HKD_LY":null,"ORG_TYPE":"一般企业","PREMIUM_INCOME":null,"PREMIUM_INCOME_YOY":null,"NET_INTEREST_INCOME":null,"NET_INTEREST_INCOME_YOY":null,"FEE_COMMISSION_INCOME":null,"FEE_COMMISSION_INCOME_YOY":null,"ACCOUNTS_RECE_TDAYS":2.739582369452,"INVENTORY_TDAYS":null,"CURRENT_ASSETS_TDAYS":0.298336343269,"TOTAL_ASSETS_TDAYS":0.293798865865,"PREMIUM_EXPENSE":null,"LOAN_DEPOSIT":null,"LOAN_EQUITY":null,"LOAN_ASSETS":null,"DEPOSIT_EQUITY":null,"DEPOSIT_ASSETS":null,"EQUITY_MULTIPLIER":1.347686818655,"EQUITY_RATIO":0.347686818655},{"SECUCODE":"09916.HK","SECURITY_CODE":"09916","SECURITY_NAME_ABBR":"兴业物联","ORG_CODE":"10000059910","STD_REPORT_DATE":"2020-12-31 00:00:00","REPORT_DATE":"2020-12-31 00:00:00","DATE_TYPE_CODE":"001","REPORT_TYPE":"2020年年报","PER_NETCASH_OPERATE":0.0651775,"PER_OI":0.53297,"BPS":0.79086,"BASIC_EPS":0.114,"DILUTED_EPS":0.114,"OPERATE_INCOME":213188000,"OPERATE_INCOME_YOY":15.7862721456,"GROSS_PROFIT":86739000,"GROSS_PROFIT_YOY":10.282001729136,"HOLDER_PROFIT":43503000,"HOLDER_PROFIT_YOY":23.6829386177,"GROSS_PROFIT_RATIO":40.686624012609,"EPS_TTM":0.1087575,"OPERATE_INCOME_QOQ":9.936056105611,"NET_PROFIT_RATIO":20.4059327917,"ROE_AVG":20.21777926496,"GROSS_PROFIT_QOQ":2.37347748088,"ROA":13.46310666842,"HOLDER_PROFIT_QOQ":15.594940745071,"ROE_YEARLY":20.21777926496,"ROIC_YEARLY":83.706297742972,"TOTAL_ASSETS":430254000,"TOTAL_LIABILITIES":113910000,"TAX_EBT":28.354743083004,"OCF_SALES":12.229112332777,"TOTAL_PARENT_EQUITY":316344000,"DEBT_ASSET_RATIO":26.4750589187,"OPERATE_PROFIT":51459000,"PRETAX_PROFIT":60720000,"NETCASH_OPERATE":26071000,"NETCASH_INVEST":-963000,"NETCASH_FINANCE":171545000,"END_CASH":369166000,"DIVI_RATIO":null,"DIVIDEND_RATE":null,"CURRENT_RATIO":3.914921768739,"COMMON_ACS":10000000000,"CURRENTDEBT_DEBT":94.879290668071,"ISSUED_COMMON_SHARES":400000000,"HK_COMMON_SHARES":400000000,"PER_SHARES":2000,"TOTAL_MARKET_CAP":130000000,"HKSK_MARKET_CAP":130000000,"PE_TTM":2.697361297281,"PB_TTM":0.247270196089,"REPORT_DATE_SQ":"2019-12-31 00:00:00","REPORT_TYPE_SQ":"2019年年报","OPERATE_INCOME_SQ":184122000,"DPS_HKD":null,"OPERATE_INCOME_QOQ_SQ":9.174676398911,"NET_PROFIT_RATIO_SQ":19.1030946872,"HOLDER_PROFIT_SQ":35173000,"HOLDER_PROFIT_QOQ_SQ":-2.411075966927,"ROE_AVG_SQ":29.906979117067,"PE_TTM_SQ":6.115540750275,"PB_TTM_SQ":0.489349042575,"ROA_SQ":17.244583029973,"START_DATE":"2020-01-01 00:00:00","FISCAL_YEAR":"12-31","CURRENCY":"HKD","IS_CNY_CODE":0,"DPS_HKD_LY":0.0232,"ORG_TYPE":"一般企业","PREMIUM_INCOME":null,"PREMIUM_INCOME_YOY":null,"NET_INTEREST_INCOME":null,"NET_INTEREST_INCOME_YOY":null,"FEE_COMMISSION_INCOME":null,"FEE_COMMISSION_INCOME_YOY":null,"ACCOUNTS_RECE_TDAYS":7.529021207466,"INVENTORY_TDAYS":null,"CURRENT_ASSETS_TDAYS":0.672962099558,"TOTAL_ASSETS_TDAYS":0.659764334512,"PREMIUM_EXPENSE":null,"LOAN_DEPOSIT":null,"LOAN_EQUITY":null,"LOAN_ASSETS":null,"DEPOSIT_EQUITY":null,"DEPOSIT_ASSETS":null,"EQUITY_MULTIPLIER":1.360082694788,"EQUITY_RATIO":0.360082694788},{"SECUCODE":"09916.HK","SECURITY_CODE":"09916","SECURITY_NAME_ABBR":"兴业物联","ORG_CODE":"10000059910","STD_REPORT_DATE":"2020-06-30 00:00:00","REPORT_DATE":"2020-06-30 00:00:00","DATE_TYPE_CODE":"002","REPORT_TYPE":"2020年中报","PER_NETCASH_OPERATE":0.00231,"PER_OI":0.22747,"BPS":0.773115,"BASIC_EPS":0.0637,"DILUTED_EPS":0.0637,"OPERATE_INCOME":90988000,"OPERATE_INCOME_YOY":12.0679886686,"GROSS_PROFIT":45864000,"GROSS_PROFIT_YOY":15.270935960591,"HOLDER_PROFIT":23084000,"HOLDER_PROFIT_YOY":11.9332783785,"GROSS_PROFIT_RATIO":50.406647030378,"EPS_TTM":0.094085,"OPERATE_INCOME_QOQ":5.321471632939,"NET_PROFIT_RATIO":25.3703785115,"ROE_AVG":10.90807709937,"GROSS_PROFIT_QOQ":7.725169099324,"ROA":7.498554472041,"HOLDER_PROFIT_QOQ":6.996844170244,"ROE_YEARLY":21.81615419874,"ROIC_YEARLY":103.409040003584,"TOTAL_ASSETS":399691000,"TOTAL_LIABILITIES":90445000,"TAX_EBT":29.636967720304,"OCF_SALES":1.015518529916,"TOTAL_PARENT_EQUITY":309246000,"DEBT_ASSET_RATIO":22.6287306945,"OPERATE_PROFIT":32915000,"PRETAX_PROFIT":32807000,"NETCASH_OPERATE":924000,"NETCASH_INVEST":-573000,"NETCASH_FINANCE":179957000,"END_CASH":353253000,"DIVI_RATIO":null,"DIVIDEND_RATE":null,"CURRENT_RATIO":4.527840563581,"COMMON_ACS":10000000000,"CURRENTDEBT_DEBT":96.364641494831,"ISSUED_COMMON_SHARES":400000000,"HK_COMMON_SHARES":400000000,"PER_SHARES":2000,"TOTAL_MARKET_CAP":130000000,"HKSK_MARKET_CAP":130000000,"PE_TTM":2.697361297281,"PB_TTM":0.247270196089,"REPORT_DATE_SQ":"2019-06-30 00:00:00","REPORT_TYPE_SQ":"2019年中报","OPERATE_INCOME_SQ":81190000,"DPS_HKD":null,"OPERATE_INCOME_QOQ_SQ":17.566350747066,"NET_PROFIT_RATIO_SQ":25.4009114423,"HOLDER_PROFIT_SQ":20623000,"HOLDER_PROFIT_QOQ_SQ":10.017533606078,"ROE_AVG_SQ":18.711609127614,"PE_TTM_SQ":6.115540750275,"PB_TTM_SQ":0.489349042575,"ROA_SQ":11.193248120709,"START_DATE":"2020-01-01 00:00:00","FISCAL_YEAR":"12-31","CURRENCY":"HKD","IS_CNY_CODE":0,"DPS_HKD_LY":0.0232,"ORG_TYPE":"一般企业","PREMIUM_INCOME":null,"PREMIUM_INCOME_YOY":null,"NET_INTEREST_INCOME":null,"NET_INTEREST_INCOME_YOY":null,"FEE_COMMISSION_INCOME":null,"FEE_COMMISSION_INCOME_YOY":null,"ACCOUNTS_RECE_TDAYS":3.953249913104,"INVENTORY_TDAYS":null,"CURRENT_ASSETS_TDAYS":0.30073657125,"TOTAL_ASSETS_TDAYS":0.295563366099,"PREMIUM_EXPENSE":null,"LOAN_DEPOSIT":null,"LOAN_EQUITY":null,"LOAN_ASSETS":null,"DEPOSIT_EQUITY":null,"DEPOSIT_ASSETS":null,"EQUITY_MULTIPLIER":1.292469425636,"EQUITY_RATIO":0.292469425635}],"count":17},"success":true,"message":"ok","code":0}