{"version":"5069ed914f02702cf08e196e3e98c8dd","result":{"pages":2,"data":[{"SECUCODE":"09918.HK","SECURITY_CODE":"09918","SECURITY_NAME_ABBR":"丽年国际","ORG_CODE":"10000013896","STD_REPORT_DATE":"2024-06-30 00:00:00","REPORT_DATE":"2024-06-30 00:00:00","DATE_TYPE_CODE":"002","REPORT_TYPE":"2024年中报","PER_NETCASH_OPERATE":0.645401662,"PER_OI":5.1432803648,"BPS":1.5023534212,"BASIC_EPS":0.14329076,"DILUTED_EPS":0.14329076,"OPERATE_INCOME":514328036.48,"OPERATE_INCOME_YOY":3.0972949437,"GROSS_PROFIT":98975582.6,"GROSS_PROFIT_YOY":40.172509926283,"HOLDER_PROFIT":14329988.68,"HOLDER_PROFIT_YOY":1111.662371134,"GROSS_PROFIT_RATIO":19.243668550013,"EPS_TTM":0.1688914554,"OPERATE_INCOME_QOQ":0.932308081299,"NET_PROFIT_RATIO":2.7861574061,"ROE_AVG":9.971991286178,"GROSS_PROFIT_QOQ":14.859607026941,"ROA":1.63957707871,"HOLDER_PROFIT_QOQ":1396.94100185253,"ROE_YEARLY":19.943982572356,"ROIC_YEARLY":4.59397481521,"TOTAL_ASSETS":866698268.92,"TOTAL_LIABILITIES":716462926.8,"TAX_EBT":23.015444962001,"OCF_SALES":12.548444110048,"TOTAL_PARENT_EQUITY":150235342.12,"DEBT_ASSET_RATIO":82.6657849095,"OPERATE_PROFIT":25925588.08,"PRETAX_PROFIT":18614108.6,"NETCASH_OPERATE":64540166.2,"NETCASH_INVEST":-22002889.44,"NETCASH_FINANCE":-63276104.4,"END_CASH":229756237.84,"DIVI_RATIO":null,"DIVIDEND_RATE":null,"CURRENT_RATIO":1.128402515863,"COMMON_ACS":500000000,"CURRENTDEBT_DEBT":92.071948128049,"ISSUED_COMMON_SHARES":100000000,"HK_COMMON_SHARES":100000000,"PER_SHARES":2000,"TOTAL_MARKET_CAP":66000000,"HKSK_MARKET_CAP":66000000,"PE_TTM":3.567953292248,"PB_TTM":0.400950130309,"REPORT_DATE_SQ":"2023-06-30 00:00:00","REPORT_TYPE_SQ":"2023年中报","OPERATE_INCOME_SQ":503959799.88,"DPS_HKD":null,"OPERATE_INCOME_QOQ_SQ":2.972771506068,"NET_PROFIT_RATIO_SQ":-0.2839339488,"HOLDER_PROFIT_SQ":-1430912.96,"HOLDER_PROFIT_QOQ_SQ":-32.750804002327,"ROE_AVG_SQ":-1.022175679859,"PE_TTM_SQ":4.465171661044,"PB_TTM_SQ":0.304814029574,"ROA_SQ":-0.164106294777,"START_DATE":"2024-01-01 00:00:00","FISCAL_YEAR":"12-31","CURRENCY":"HKD","IS_CNY_CODE":0,"DPS_HKD_LY":null,"ORG_TYPE":"一般企业","PREMIUM_INCOME":null,"PREMIUM_INCOME_YOY":null,"NET_INTEREST_INCOME":null,"NET_INTEREST_INCOME_YOY":null,"FEE_COMMISSION_INCOME":null,"FEE_COMMISSION_INCOME_YOY":null,"ACCOUNTS_RECE_TDAYS":1.973210174601,"INVENTORY_TDAYS":1.971358210798,"CURRENT_ASSETS_TDAYS":0.68797650164,"TOTAL_ASSETS_TDAYS":0.588472523169,"PREMIUM_EXPENSE":null,"LOAN_DEPOSIT":null,"LOAN_EQUITY":null,"LOAN_ASSETS":null,"DEPOSIT_EQUITY":null,"DEPOSIT_ASSETS":null,"EQUITY_MULTIPLIER":5.768937299896,"EQUITY_RATIO":4.768937299905},{"SECUCODE":"09918.HK","SECURITY_CODE":"09918","SECURITY_NAME_ABBR":"丽年国际","ORG_CODE":"10000013896","STD_REPORT_DATE":"2023-12-31 00:00:00","REPORT_DATE":"2023-12-31 00:00:00","DATE_TYPE_CODE":"001","REPORT_TYPE":"2023年年报","PER_NETCASH_OPERATE":0.83190996,"PER_OI":11.121041218,"BPS":1.3619852246,"BASIC_EPS":0.01087464,"DILUTED_EPS":0.01087464,"OPERATE_INCOME":1112104121.8,"OPERATE_INCOME_YOY":-8.1134424869,"GROSS_PROFIT":190891618.12,"GROSS_PROFIT_YOY":9.615497762566,"HOLDER_PROFIT":1128243.9,"HOLDER_PROFIT_YOY":-91.7734901546,"GROSS_PROFIT_RATIO":17.164905189905,"EPS_TTM":0.011282439,"OPERATE_INCOME_QOQ":-9.472511214669,"NET_PROFIT_RATIO":0.101451283,"ROE_AVG":0.812854195503,"GROSS_PROFIT_QOQ":4.949618639116,"ROA":0.128142646954,"HOLDER_PROFIT_QOQ":-87.589781746018,"ROE_YEARLY":0.812854195503,"ROIC_YEARLY":0.174567542215,"TOTAL_ASSETS":875074124.82,"TOTAL_LIABILITIES":738875602.36,"TAX_EBT":77.301731996354,"OCF_SALES":7.480504241397,"TOTAL_PARENT_EQUITY":136198522.46,"DEBT_ASSET_RATIO":84.4357730852,"OPERATE_PROFIT":19365921.4,"PRETAX_PROFIT":4970616.7,"NETCASH_OPERATE":83190996,"NETCASH_INVEST":1947466.78,"NETCASH_FINANCE":-26657367.52,"END_CASH":248822637.84,"DIVI_RATIO":null,"DIVIDEND_RATE":null,"CURRENT_RATIO":1.099342261754,"COMMON_ACS":500000000,"CURRENTDEBT_DEBT":91.780586701466,"ISSUED_COMMON_SHARES":100000000,"HK_COMMON_SHARES":100000000,"PER_SHARES":2000,"TOTAL_MARKET_CAP":61000000,"HKSK_MARKET_CAP":61000000,"PE_TTM":3.297653800411,"PB_TTM":0.370575120437,"REPORT_DATE_SQ":"2022-12-31 00:00:00","REPORT_TYPE_SQ":"2022年年报","OPERATE_INCOME_SQ":1193005855.23,"DPS_HKD":null,"OPERATE_INCOME_QOQ_SQ":22.457600741567,"NET_PROFIT_RATIO_SQ":1.1331669598,"HOLDER_PROFIT_SQ":13518748.18,"HOLDER_PROFIT_QOQ_SQ":-48.079906005359,"ROE_AVG_SQ":9.802480090939,"PE_TTM_SQ":5.556658067077,"PB_TTM_SQ":0.379324125692,"ROA_SQ":1.614530131086,"START_DATE":"2023-01-01 00:00:00","FISCAL_YEAR":"12-31","CURRENCY":"HKD","IS_CNY_CODE":0,"DPS_HKD_LY":0.05,"ORG_TYPE":"一般企业","PREMIUM_INCOME":null,"PREMIUM_INCOME_YOY":null,"NET_INTEREST_INCOME":null,"NET_INTEREST_INCOME_YOY":null,"FEE_COMMISSION_INCOME":null,"FEE_COMMISSION_INCOME_YOY":null,"ACCOUNTS_RECE_TDAYS":3.684762847007,"INVENTORY_TDAYS":4.501228762337,"CURRENT_ASSETS_TDAYS":1.452781551229,"TOTAL_ASSETS_TDAYS":1.263095380844,"PREMIUM_EXPENSE":null,"LOAN_DEPOSIT":null,"LOAN_EQUITY":null,"LOAN_ASSETS":null,"DEPOSIT_EQUITY":null,"DEPOSIT_ASSETS":null,"EQUITY_MULTIPLIER":6.424989853168,"EQUITY_RATIO":5.424989853154},{"SECUCODE":"09918.HK","SECURITY_CODE":"09918","SECURITY_NAME_ABBR":"丽年国际","ORG_CODE":"10000013896","STD_REPORT_DATE":"2023-06-30 00:00:00","REPORT_DATE":"2023-06-30 00:00:00","DATE_TYPE_CODE":"002","REPORT_TYPE":"2023年中报","PER_NETCASH_OPERATE":0.2674295188,"PER_OI":5.0395979988,"BPS":1.3611282938,"BASIC_EPS":-0.01429069,"DILUTED_EPS":-0.01429069,"OPERATE_INCOME":503959799.88,"OPERATE_INCOME_YOY":-0.2225163145,"GROSS_PROFIT":70609838.3,"GROSS_PROFIT_YOY":12.315179820529,"HOLDER_PROFIT":-1430912.96,"HOLDER_PROFIT_YOY":-144.2922374429,"GROSS_PROFIT_RATIO":14.011006099457,"EPS_TTM":0.0909124946,"OPERATE_INCOME_QOQ":2.972771506068,"NET_PROFIT_RATIO":-0.2839339488,"ROE_AVG":-1.022175679859,"GROSS_PROFIT_QOQ":4.445827611336,"ROA":-0.164106294777,"HOLDER_PROFIT_QOQ":-32.750804002327,"ROE_YEARLY":-2.044351359718,"ROIC_YEARLY":-0.430691486004,"TOTAL_ASSETS":842635323.18,"TOTAL_LIABILITIES":706522493.8,"TAX_EBT":35.601659751037,"OCF_SALES":5.306564508988,"TOTAL_PARENT_EQUITY":136112829.38,"DEBT_ASSET_RATIO":83.8467691022,"OPERATE_PROFIT":4121250.6,"PRETAX_PROFIT":-2221971.8,"NETCASH_OPERATE":26742951.88,"NETCASH_INVEST":1187510.24,"NETCASH_FINANCE":-57944599.04,"END_CASH":165435481.3,"DIVI_RATIO":null,"DIVIDEND_RATE":null,"CURRENT_RATIO":1.083795473664,"COMMON_ACS":500000000,"CURRENTDEBT_DEBT":89.817828294032,"ISSUED_COMMON_SHARES":100000000,"HK_COMMON_SHARES":100000000,"PER_SHARES":2000,"TOTAL_MARKET_CAP":61000000,"HKSK_MARKET_CAP":61000000,"PE_TTM":3.297653800411,"PB_TTM":0.370575120437,"REPORT_DATE_SQ":"2022-06-30 00:00:00","REPORT_TYPE_SQ":"2022年中报","OPERATE_INCOME_SQ":468494461.75,"DPS_HKD":null,"OPERATE_INCOME_QOQ_SQ":13.771216651267,"NET_PROFIT_RATIO_SQ":0.6396203167,"HOLDER_PROFIT_SQ":2996585.76,"HOLDER_PROFIT_QOQ_SQ":58.282225920407,"ROE_AVG_SQ":2.321006299306,"PE_TTM_SQ":5.556658067077,"PB_TTM_SQ":0.379324125692,"ROA_SQ":0.37316532374,"START_DATE":"2023-01-01 00:00:00","FISCAL_YEAR":"12-31","CURRENCY":"HKD","IS_CNY_CODE":0,"DPS_HKD_LY":0.05,"ORG_TYPE":"一般企业","PREMIUM_INCOME":null,"PREMIUM_INCOME_YOY":null,"NET_INTEREST_INCOME":null,"NET_INTEREST_INCOME_YOY":null,"FEE_COMMISSION_INCOME":null,"FEE_COMMISSION_INCOME_YOY":null,"ACCOUNTS_RECE_TDAYS":1.764859153452,"INVENTORY_TDAYS":1.938670626328,"CURRENT_ASSETS_TDAYS":0.677863822299,"TOTAL_ASSETS_TDAYS":0.577973488163,"PREMIUM_EXPENSE":null,"LOAN_DEPOSIT":null,"LOAN_EQUITY":null,"LOAN_ASSETS":null,"DEPOSIT_EQUITY":null,"DEPOSIT_ASSETS":null,"EQUITY_MULTIPLIER":6.190711977851,"EQUITY_RATIO":5.190711977837},{"SECUCODE":"09918.HK","SECURITY_CODE":"09918","SECURITY_NAME_ABBR":"丽年国际","ORG_CODE":"10000013896","STD_REPORT_DATE":"2022-12-31 00:00:00","REPORT_DATE":"2022-12-31 00:00:00","DATE_TYPE_CODE":"001","REPORT_TYPE":"2022年年报","PER_NETCASH_OPERATE":0.7860865327,"PER_OI":11.9300585523,"BPS":1.3938138445,"BASIC_EPS":0.13488377,"DILUTED_EPS":0.13488377,"OPERATE_INCOME":1193005855.23,"OPERATE_INCOME_YOY":27.5194064908,"GROSS_PROFIT":174146559.58,"GROSS_PROFIT_YOY":9.644325581058,"HOLDER_PROFIT":13518748.18,"HOLDER_PROFIT_YOY":-24.7813121272,"GROSS_PROFIT_RATIO":14.597292948443,"EPS_TTM":0.1351874818,"OPERATE_INCOME_QOQ":22.457600741567,"NET_PROFIT_RATIO":1.1331669598,"ROE_AVG":9.802480090939,"GROSS_PROFIT_QOQ":6.9297959346,"ROA":1.614530131086,"HOLDER_PROFIT_QOQ":-48.079906005359,"ROE_YEARLY":9.802480090939,"ROIC_YEARLY":2.12368269649,"TOTAL_ASSETS":873185717.32,"TOTAL_LIABILITIES":733804332.87,"TAX_EBT":21.638274737224,"OCF_SALES":6.589125520666,"TOTAL_PARENT_EQUITY":139381384.45,"DEBT_ASSET_RATIO":84.0376014306,"OPERATE_PROFIT":28680219.89,"PRETAX_PROFIT":17251723.51,"NETCASH_OPERATE":78608653.27,"NETCASH_INVEST":-62937124.39,"NETCASH_FINANCE":-12863981.27,"END_CASH":187428591.21,"DIVI_RATIO":null,"DIVIDEND_RATE":null,"CURRENT_RATIO":1.090446470469,"COMMON_ACS":500000000,"CURRENTDEBT_DEBT":96.761702340042,"ISSUED_COMMON_SHARES":100000000,"HK_COMMON_SHARES":100000000,"PER_SHARES":2000,"TOTAL_MARKET_CAP":61000000,"HKSK_MARKET_CAP":61000000,"PE_TTM":3.297653800411,"PB_TTM":0.370575120437,"REPORT_DATE_SQ":"2021-12-31 00:00:00","REPORT_TYPE_SQ":"2021年年报","OPERATE_INCOME_SQ":856297008,"DPS_HKD":null,"OPERATE_INCOME_QOQ_SQ":9.54702601289,"NET_PROFIT_RATIO_SQ":1.9210754967,"HOLDER_PROFIT_SQ":16450112,"HOLDER_PROFIT_QOQ_SQ":8.838744447016,"ROE_AVG_SQ":13.854411617874,"PE_TTM_SQ":5.556658067077,"PB_TTM_SQ":0.379324125692,"ROA_SQ":2.449513780037,"START_DATE":"2022-01-01 00:00:00","FISCAL_YEAR":"12-31","CURRENCY":"HKD","IS_CNY_CODE":0,"DPS_HKD_LY":0.0025,"ORG_TYPE":"一般企业","PREMIUM_INCOME":null,"PREMIUM_INCOME_YOY":null,"NET_INTEREST_INCOME":null,"NET_INTEREST_INCOME_YOY":null,"FEE_COMMISSION_INCOME":null,"FEE_COMMISSION_INCOME_YOY":null,"ACCOUNTS_RECE_TDAYS":4.151212992463,"INVENTORY_TDAYS":4.415998482308,"CURRENT_ASSETS_TDAYS":1.603696712512,"TOTAL_ASSETS_TDAYS":1.42479456987,"PREMIUM_EXPENSE":null,"LOAN_DEPOSIT":null,"LOAN_EQUITY":null,"LOAN_ASSETS":null,"DEPOSIT_EQUITY":null,"DEPOSIT_ASSETS":null,"EQUITY_MULTIPLIER":6.264722658392,"EQUITY_RATIO":5.264722658378},{"SECUCODE":"09918.HK","SECURITY_CODE":"09918","SECURITY_NAME_ABBR":"丽年国际","ORG_CODE":"10000013896","STD_REPORT_DATE":"2022-06-30 00:00:00","REPORT_DATE":"2022-06-30 00:00:00","DATE_TYPE_CODE":"002","REPORT_TYPE":"2022年中报","PER_NETCASH_OPERATE":0.02283528338,"PER_OI":0.234247230875,"BPS":1.2758921686,"BASIC_EPS":0.02993165,"DILUTED_EPS":0.02993165,"OPERATE_INCOME":468494461.75,"OPERATE_INCOME_YOY":30.0258710719,"GROSS_PROFIT":62867582.47,"GROSS_PROFIT_YOY":6.853064366428,"HOLDER_PROFIT":2996585.76,"HOLDER_PROFIT_YOY":144.236838783,"GROSS_PROFIT_RATIO":13.419066307671,"EPS_TTM":0.01301880172,"OPERATE_INCOME_QOQ":13.771216651267,"NET_PROFIT_RATIO":0.6396203167,"ROE_AVG":2.321006299306,"GROSS_PROFIT_QOQ":2.538609208717,"ROA":0.37316532374,"HOLDER_PROFIT_QOQ":58.282225920407,"ROE_YEARLY":4.642012598613,"ROIC_YEARLY":0.959193882949,"TOTAL_ASSETS":838752393.01,"TOTAL_LIABILITIES":711163176.15,"TAX_EBT":32.18502032127,"OCF_SALES":9.74836854835,"TOTAL_PARENT_EQUITY":127589216.86,"DEBT_ASSET_RATIO":84.7882142664,"OPERATE_PROFIT":7924190.54,"PRETAX_PROFIT":4418766.73,"NETCASH_OPERATE":45670566.76,"NETCASH_INVEST":-23352673.33,"NETCASH_FINANCE":-19764296.09,"END_CASH":179152897.91,"DIVI_RATIO":null,"DIVIDEND_RATE":null,"CURRENT_RATIO":1.063311633044,"COMMON_ACS":500000000,"CURRENTDEBT_DEBT":95.369324843522,"ISSUED_COMMON_SHARES":100000000,"HK_COMMON_SHARES":100000000,"PER_SHARES":2000,"TOTAL_MARKET_CAP":61000000,"HKSK_MARKET_CAP":61000000,"PE_TTM":3.297653800411,"PB_TTM":0.370575120437,"REPORT_DATE_SQ":"2021-06-30 00:00:00","REPORT_TYPE_SQ":"2021年中报","OPERATE_INCOME_SQ":350571945.6,"DPS_HKD":null,"OPERATE_INCOME_QOQ_SQ":13.330529870048,"NET_PROFIT_RATIO_SQ":-1.8800436723,"HOLDER_PROFIT_SQ":-6590905.68,"HOLDER_PROFIT_QOQ_SQ":1137.6320741124,"ROE_AVG_SQ":-6.103076579318,"PE_TTM_SQ":5.556658067077,"PB_TTM_SQ":0.379324125692,"ROA_SQ":-1.004912284263,"START_DATE":"2022-01-01 00:00:00","FISCAL_YEAR":"12-31","CURRENCY":"HKD","IS_CNY_CODE":0,"DPS_HKD_LY":0.0025,"ORG_TYPE":"一般企业","PREMIUM_INCOME":null,"PREMIUM_INCOME_YOY":null,"NET_INTEREST_INCOME":null,"NET_INTEREST_INCOME_YOY":null,"FEE_COMMISSION_INCOME":null,"FEE_COMMISSION_INCOME_YOY":null,"ACCOUNTS_RECE_TDAYS":1.883592553307,"INVENTORY_TDAYS":1.600256412419,"CURRENT_ASSETS_TDAYS":0.667223675981,"TOTAL_ASSETS_TDAYS":0.583416933442,"PREMIUM_EXPENSE":null,"LOAN_DEPOSIT":null,"LOAN_EQUITY":null,"LOAN_ASSETS":null,"DEPOSIT_EQUITY":null,"DEPOSIT_ASSETS":null,"EQUITY_MULTIPLIER":6.573850154826,"EQUITY_RATIO":5.573850154832},{"SECUCODE":"09918.HK","SECURITY_CODE":"09918","SECURITY_NAME_ABBR":"丽年国际","ORG_CODE":"10000013896","STD_REPORT_DATE":"2021-12-31 00:00:00","REPORT_DATE":"2021-12-31 00:00:00","DATE_TYPE_CODE":"001","REPORT_TYPE":"2021年年报","PER_NETCASH_OPERATE":0.0140316512,"PER_OI":0.428148504,"BPS":1.248834944,"BASIC_EPS":0.1643376,"DILUTED_EPS":0.1643376,"OPERATE_INCOME":856297008,"OPERATE_INCOME_YOY":27.8006303821,"GROSS_PROFIT":158828611.2,"GROSS_PROFIT_YOY":20.282257772879,"HOLDER_PROFIT":16450112,"HOLDER_PROFIT_YOY":1286.6299104066,"GROSS_PROFIT_RATIO":18.548308556043,"EPS_TTM":0.008225056,"OPERATE_INCOME_QOQ":9.54702601289,"NET_PROFIT_RATIO":1.9210754967,"ROE_AVG":13.854411617874,"GROSS_PROFIT_QOQ":5.555842424916,"ROA":2.449513780037,"HOLDER_PROFIT_QOQ":8.838744447016,"ROE_YEARLY":13.854411617874,"ROIC_YEARLY":3.350186949423,"TOTAL_ASSETS":733558078.4,"TOTAL_LIABILITIES":608674584,"TAX_EBT":26.697755756339,"OCF_SALES":3.277286051197,"TOTAL_PARENT_EQUITY":124883494.4,"DEBT_ASSET_RATIO":82.9756500436,"OPERATE_PROFIT":28598012.8,"PRETAX_PROFIT":22441484.8,"NETCASH_OPERATE":28063302.4,"NETCASH_INVEST":-12984305.6,"NETCASH_FINANCE":-37572808,"END_CASH":169465587.2,"DIVI_RATIO":null,"DIVIDEND_RATE":null,"CURRENT_RATIO":1.099694794995,"COMMON_ACS":500000000,"CURRENTDEBT_DEBT":97.573022237446,"ISSUED_COMMON_SHARES":100000000,"HK_COMMON_SHARES":100000000,"PER_SHARES":2000,"TOTAL_MARKET_CAP":61000000,"HKSK_MARKET_CAP":61000000,"PE_TTM":3.297653800411,"PB_TTM":0.370575120437,"REPORT_DATE_SQ":"2020-12-31 00:00:00","REPORT_TYPE_SQ":"2020年年报","OPERATE_INCOME_SQ":689726504.92,"DPS_HKD":null,"OPERATE_INCOME_QOQ_SQ":2.463311848306,"NET_PROFIT_RATIO_SQ":0.1770585343,"HOLDER_PROFIT_SQ":1221219.64,"HOLDER_PROFIT_QOQ_SQ":117.95212913311,"ROE_AVG_SQ":1.528494680291,"PE_TTM_SQ":5.556658067077,"PB_TTM_SQ":0.379324125692,"ROA_SQ":0.213813438565,"START_DATE":"2021-01-01 00:00:00","FISCAL_YEAR":"12-31","CURRENCY":"HKD","IS_CNY_CODE":0,"DPS_HKD_LY":0.005,"ORG_TYPE":"一般企业","PREMIUM_INCOME":null,"PREMIUM_INCOME_YOY":null,"NET_INTEREST_INCOME":null,"NET_INTEREST_INCOME_YOY":null,"FEE_COMMISSION_INCOME":null,"FEE_COMMISSION_INCOME_YOY":null,"ACCOUNTS_RECE_TDAYS":3.944872058051,"INVENTORY_TDAYS":4.017443640183,"CURRENT_ASSETS_TDAYS":1.458815040979,"TOTAL_ASSETS_TDAYS":1.275074188492,"PREMIUM_EXPENSE":null,"LOAN_DEPOSIT":null,"LOAN_EQUITY":null,"LOAN_ASSETS":null,"DEPOSIT_EQUITY":null,"DEPOSIT_ASSETS":null,"EQUITY_MULTIPLIER":5.873939401863,"EQUITY_RATIO":4.873939401875},{"SECUCODE":"09918.HK","SECURITY_CODE":"09918","SECURITY_NAME_ABBR":"丽年国际","ORG_CODE":"10000013896","STD_REPORT_DATE":"2021-06-30 00:00:00","REPORT_DATE":"2021-06-30 00:00:00","DATE_TYPE_CODE":"002","REPORT_TYPE":"2021年中报","PER_NETCASH_OPERATE":0.01099468908,"PER_OI":0.1752859728,"BPS":1.0140475752,"BASIC_EPS":-0.00332832,"DILUTED_EPS":-0.00332832,"OPERATE_INCOME":350571945.6,"OPERATE_INCOME_YOY":48.8048146474,"GROSS_PROFIT":58835544.72,"GROSS_PROFIT_YOY":45.584515455292,"HOLDER_PROFIT":-6590905.68,"HOLDER_PROFIT_YOY":64.6778149387,"GROSS_PROFIT_RATIO":16.782730466154,"EPS_TTM":0.00755710298,"OPERATE_INCOME_QOQ":13.330529870048,"NET_PROFIT_RATIO":-1.8800436723,"ROE_AVG":-6.103076579318,"GROSS_PROFIT_QOQ":13.951302940373,"ROA":-1.004912284263,"HOLDER_PROFIT_QOQ":1137.6320741124,"ROE_YEARLY":-12.206153158637,"ROIC_YEARLY":-2.806250559098,"TOTAL_ASSETS":691366951.2,"TOTAL_LIABILITIES":589962193.68,"TAX_EBT":20.295834171866,"OCF_SALES":6.272429507263,"TOTAL_PARENT_EQUITY":101404757.52,"DEBT_ASSET_RATIO":85.3327155219,"OPERATE_PROFIT":-4954204.32,"PRETAX_PROFIT":-8269211.04,"NETCASH_OPERATE":21989378.16,"NETCASH_INVEST":-9603035.28,"NETCASH_FINANCE":-30419180.64,"END_CASH":177257170.32,"DIVI_RATIO":null,"DIVIDEND_RATE":null,"CURRENT_RATIO":1.043235168712,"COMMON_ACS":500000000,"CURRENTDEBT_DEBT":96.588958578096,"ISSUED_COMMON_SHARES":100000000,"HK_COMMON_SHARES":100000000,"PER_SHARES":2000,"TOTAL_MARKET_CAP":61000000,"HKSK_MARKET_CAP":61000000,"PE_TTM":3.297653800411,"PB_TTM":0.370575120437,"REPORT_DATE_SQ":"2020-06-30 00:00:00","REPORT_TYPE_SQ":"2020年中报","OPERATE_INCOME_SQ":258627747.84,"DPS_HKD":null,"OPERATE_INCOME_QOQ_SQ":-23.386160990392,"NET_PROFIT_RATIO_SQ":-7.9202220841,"HOLDER_PROFIT_SQ":-20483892,"HOLDER_PROFIT_QOQ_SQ":-122.743643314905,"ROE_AVG_SQ":-27.69356163284,"PE_TTM_SQ":5.556658067077,"PB_TTM_SQ":0.379324125692,"ROA_SQ":-3.542139215154,"START_DATE":"2021-01-01 00:00:00","FISCAL_YEAR":"12-31","CURRENCY":"HKD","IS_CNY_CODE":0,"DPS_HKD_LY":0.005,"ORG_TYPE":"一般企业","PREMIUM_INCOME":null,"PREMIUM_INCOME_YOY":null,"NET_INTEREST_INCOME":null,"NET_INTEREST_INCOME_YOY":null,"FEE_COMMISSION_INCOME":null,"FEE_COMMISSION_INCOME_YOY":null,"ACCOUNTS_RECE_TDAYS":1.92017500883,"INVENTORY_TDAYS":1.632905791837,"CURRENT_ASSETS_TDAYS":0.623487784629,"TOTAL_ASSETS_TDAYS":0.534515394023,"PREMIUM_EXPENSE":null,"LOAN_DEPOSIT":null,"LOAN_EQUITY":null,"LOAN_ASSETS":null,"DEPOSIT_EQUITY":null,"DEPOSIT_ASSETS":null,"EQUITY_MULTIPLIER":6.817894624551,"EQUITY_RATIO":5.817894624556},{"SECUCODE":"09918.HK","SECURITY_CODE":"09918","SECURITY_NAME_ABBR":"丽年国际","ORG_CODE":"10000013896","STD_REPORT_DATE":"2020-12-31 00:00:00","REPORT_DATE":"2020-12-31 00:00:00","DATE_TYPE_CODE":"001","REPORT_TYPE":"2020年年报","PER_NETCASH_OPERATE":0.02032855174,"PER_OI":0.34486325246,"BPS":1.158980362,"BASIC_EPS":0.000589148,"DILUTED_EPS":0.000589148,"OPERATE_INCOME":689726504.92,"OPERATE_INCOME_YOY":-16.4492008923,"GROSS_PROFIT":132046582.88,"GROSS_PROFIT_YOY":-34.829585298527,"HOLDER_PROFIT":1221219.64,"HOLDER_PROFIT_YOY":-95.6543875412,"GROSS_PROFIT_RATIO":19.144774332736,"EPS_TTM":0.00061060982,"OPERATE_INCOME_QOQ":2.463311848306,"NET_PROFIT_RATIO":0.1770585343,"ROE_AVG":1.528494680291,"GROSS_PROFIT_QOQ":-2.265161341025,"ROA":0.213813438565,"HOLDER_PROFIT_QOQ":117.95212913311,"ROE_YEARLY":1.528494680291,"ROIC_YEARLY":0.294841093655,"TOTAL_ASSETS":627498168.24,"TOTAL_LIABILITIES":511600132.04,"TAX_EBT":58.483547925608,"OCF_SALES":5.894670306271,"TOTAL_PARENT_EQUITY":115898036.2,"DEBT_ASSET_RATIO":81.5301395182,"OPERATE_PROFIT":12365374.88,"PRETAX_PROFIT":2941531.8,"NETCASH_OPERATE":40657103.48,"NETCASH_INVEST":-7163198.04,"NETCASH_FINANCE":46811175.16,"END_CASH":197260216.64,"DIVI_RATIO":null,"DIVIDEND_RATE":null,"CURRENT_RATIO":1.094561461686,"COMMON_ACS":500000000,"CURRENTDEBT_DEBT":95.747712059171,"ISSUED_COMMON_SHARES":100000000,"HK_COMMON_SHARES":100000000,"PER_SHARES":2000,"TOTAL_MARKET_CAP":61000000,"HKSK_MARKET_CAP":61000000,"PE_TTM":3.297653800411,"PB_TTM":0.370575120437,"REPORT_DATE_SQ":"2019-12-31 00:00:00","REPORT_TYPE_SQ":"2019年年报","OPERATE_INCOME_SQ":878620438.32,"DPS_HKD":null,"OPERATE_INCOME_QOQ_SQ":-9.189921249481,"NET_PROFIT_RATIO_SQ":3.4042110672,"HOLDER_PROFIT_SQ":29910094.2,"HOLDER_PROFIT_QOQ_SQ":-31.411894383949,"ROE_AVG_SQ":37.756117418246,"PE_TTM_SQ":5.556658067077,"PB_TTM_SQ":0.379324125692,"ROA_SQ":4.462346694536,"START_DATE":"2020-01-01 00:00:00","FISCAL_YEAR":"12-31","CURRENCY":"HKD","IS_CNY_CODE":0,"DPS_HKD_LY":0.01,"ORG_TYPE":"一般企业","PREMIUM_INCOME":null,"PREMIUM_INCOME_YOY":null,"NET_INTEREST_INCOME":null,"NET_INTEREST_INCOME_YOY":null,"FEE_COMMISSION_INCOME":null,"FEE_COMMISSION_INCOME_YOY":null,"ACCOUNTS_RECE_TDAYS":3.569458267545,"INVENTORY_TDAYS":5.042087721434,"CURRENT_ASSETS_TDAYS":1.448336804675,"TOTAL_ASSETS_TDAYS":1.207586177425,"PREMIUM_EXPENSE":null,"LOAN_DEPOSIT":null,"LOAN_EQUITY":null,"LOAN_ASSETS":null,"DEPOSIT_EQUITY":null,"DEPOSIT_ASSETS":null,"EQUITY_MULTIPLIER":5.414226062971,"EQUITY_RATIO":4.414226062961},{"SECUCODE":"09918.HK","SECURITY_CODE":"09918","SECURITY_NAME_ABBR":"丽年国际","ORG_CODE":"10000013896","STD_REPORT_DATE":"2020-06-30 00:00:00","REPORT_DATE":"2020-06-30 00:00:00","DATE_TYPE_CODE":"002","REPORT_TYPE":"2020年中报","PER_NETCASH_OPERATE":-0.00141902904,"PER_OI":0.12931387392,"BPS":1.0029205824,"BASIC_EPS":-0.010413216,"DILUTED_EPS":-0.010413216,"OPERATE_INCOME":258627747.84,"OPERATE_INCOME_YOY":-46.3344920526,"GROSS_PROFIT":40413325.92,"GROSS_PROFIT_YOY":-62.553807778984,"HOLDER_PROFIT":-20483892,"HOLDER_PROFIT_YOY":-221.5513035937,"GROSS_PROFIT_RATIO":15.626059561483,"EPS_TTM":-0.00340132257,"OPERATE_INCOME_QOQ":-23.386160990392,"NET_PROFIT_RATIO":-7.9202220841,"ROE_AVG":-27.69356163284,"GROSS_PROFIT_QOQ":-33.319156612238,"ROA":-3.542139215154,"HOLDER_PROFIT_QOQ":-122.743643314905,"ROE_YEARLY":-55.387123265679,"ROIC_YEARLY":-9.773765122368,"TOTAL_ASSETS":597839172.48,"TOTAL_LIABILITIES":497547114.24,"TAX_EBT":11.496566421975,"OCF_SALES":-1.097352509042,"TOTAL_PARENT_EQUITY":100292058.24,"DEBT_ASSET_RATIO":83.2242410908,"OPERATE_PROFIT":-17448530.88,"PRETAX_PROFIT":-23144742.72,"NETCASH_OPERATE":-2838058.08,"NETCASH_INVEST":-2205957.6,"NETCASH_FINANCE":70020656.64,"END_CASH":191637885.12,"DIVI_RATIO":null,"DIVIDEND_RATE":null,"CURRENT_RATIO":1.062529566411,"COMMON_ACS":500000000,"CURRENTDEBT_DEBT":94.692819480958,"ISSUED_COMMON_SHARES":100000000,"HK_COMMON_SHARES":100000000,"PER_SHARES":2000,"TOTAL_MARKET_CAP":61000000,"HKSK_MARKET_CAP":61000000,"PE_TTM":3.297653800411,"PB_TTM":0.370575120437,"REPORT_DATE_SQ":"2019-06-30 00:00:00","REPORT_TYPE_SQ":"2019年中报","OPERATE_INCOME_SQ":464103338.04,"DPS_HKD":null,"OPERATE_INCOME_QOQ_SQ":-12.173250038545,"NET_PROFIT_RATIO_SQ":3.4968176287,"HOLDER_PROFIT_SQ":16228847.34,"HOLDER_PROFIT_QOQ_SQ":-36.84118177821,"ROE_AVG_SQ":17.270301895624,"PE_TTM_SQ":5.556658067077,"PB_TTM_SQ":0.379324125692,"ROA_SQ":2.127717239307,"START_DATE":"2020-01-01 00:00:00","FISCAL_YEAR":"12-31","CURRENCY":"HKD","IS_CNY_CODE":0,"DPS_HKD_LY":0.01,"ORG_TYPE":"一般企业","PREMIUM_INCOME":null,"PREMIUM_INCOME_YOY":null,"NET_INTEREST_INCOME":null,"NET_INTEREST_INCOME_YOY":null,"FEE_COMMISSION_INCOME":null,"FEE_COMMISSION_INCOME_YOY":null,"ACCOUNTS_RECE_TDAYS":1.515011745065,"INVENTORY_TDAYS":1.747155943174,"CURRENT_ASSETS_TDAYS":0.543114676427,"TOTAL_ASSETS_TDAYS":0.447227259229,"PREMIUM_EXPENSE":null,"LOAN_DEPOSIT":null,"LOAN_EQUITY":null,"LOAN_ASSETS":null,"DEPOSIT_EQUITY":null,"DEPOSIT_ASSETS":null,"EQUITY_MULTIPLIER":5.960982185143,"EQUITY_RATIO":4.960982185143}],"count":15},"success":true,"message":"ok","code":0}