{"version":"8467737d4aa20fb3c7c7518fb92b8595","result":{"pages":2,"data":[{"SECUCODE":"09919.HK","SECURITY_CODE":"09919","SECURITY_NAME_ABBR":"艾德韦宣集团","ORG_CODE":"10000054427","STD_REPORT_DATE":"2024-06-30 00:00:00","REPORT_DATE":"2024-06-30 00:00:00","DATE_TYPE_CODE":"002","REPORT_TYPE":"2024年中报","PER_NETCASH_OPERATE":0.081132794981,"PER_OI":0.424792747018,"BPS":0.409006071901,"BASIC_EPS":0.037,"DILUTED_EPS":0.0361,"OPERATE_INCOME":316361000,"OPERATE_INCOME_YOY":-9.6787547607,"GROSS_PROFIT":103391000,"GROSS_PROFIT_YOY":-1.604537624789,"HOLDER_PROFIT":26858000,"HOLDER_PROFIT_YOY":-29.4732419516,"GROSS_PROFIT_RATIO":32.681335562854,"EPS_TTM":0.129934930486,"OPERATE_INCOME_QOQ":-3.504953832125,"NET_PROFIT_RATIO":9.5312001163,"ROE_AVG":8.33616554387,"GROSS_PROFIT_QOQ":-0.565350644822,"ROA":3.8593239214,"HOLDER_PROFIT_QOQ":-10.393362471294,"ROE_YEARLY":16.67233108774,"ROIC_YEARLY":14.168432797142,"TOTAL_ASSETS":596449000,"TOTAL_LIABILITIES":274154000,"TAX_EBT":28.355549219474,"OCF_SALES":19.099383299459,"TOTAL_PARENT_EQUITY":304604000,"DEBT_ASSET_RATIO":45.9643657714,"OPERATE_PROFIT":42278000,"PRETAX_PROFIT":42087000,"NETCASH_OPERATE":60423000,"NETCASH_INVEST":-89000,"NETCASH_FINANCE":-71301000,"END_CASH":288625000,"DIVI_RATIO":0.448751723512,"DIVIDEND_RATE":7.552941176471,"CURRENT_RATIO":1.964238785682,"COMMON_ACS":10000000000,"CURRENTDEBT_DEBT":96.602639392458,"ISSUED_COMMON_SHARES":744742000,"HK_COMMON_SHARES":744742000,"PER_SHARES":2000,"TOTAL_MARKET_CAP":633030700,"HKSK_MARKET_CAP":633030700,"PE_TTM":5.900152422347,"PB_TTM":1.896739567688,"REPORT_DATE_SQ":"2023-06-30 00:00:00","REPORT_TYPE_SQ":"2023年中报","OPERATE_INCOME_SQ":350262000,"DPS_HKD":0.0642,"OPERATE_INCOME_QOQ_SQ":25.545223349794,"NET_PROFIT_RATIO_SQ":11.7129463088,"HOLDER_PROFIT_SQ":38082000,"HOLDER_PROFIT_QOQ_SQ":197.097156398104,"ROE_AVG_SQ":11.89408325421,"PE_TTM_SQ":11.119153953436,"PB_TTM_SQ":2.619692562649,"ROA_SQ":5.562969049575,"START_DATE":"2024-01-01 00:00:00","FISCAL_YEAR":"12-31","CURRENCY":"HKD","IS_CNY_CODE":0,"DPS_HKD_LY":0.0642,"ORG_TYPE":"一般企业","PREMIUM_INCOME":null,"PREMIUM_INCOME_YOY":null,"NET_INTEREST_INCOME":null,"NET_INTEREST_INCOME_YOY":null,"FEE_COMMISSION_INCOME":null,"FEE_COMMISSION_INCOME_YOY":null,"ACCOUNTS_RECE_TDAYS":1.050417280233,"INVENTORY_TDAYS":null,"CURRENT_ASSETS_TDAYS":0.509085496355,"TOTAL_ASSETS_TDAYS":0.454590652728,"PREMIUM_EXPENSE":null,"LOAN_DEPOSIT":null,"LOAN_EQUITY":null,"LOAN_ASSETS":null,"DEPOSIT_EQUITY":null,"DEPOSIT_ASSETS":null,"EQUITY_MULTIPLIER":1.850630633425,"EQUITY_RATIO":0.90003414269},{"SECUCODE":"09919.HK","SECURITY_CODE":"09919","SECURITY_NAME_ABBR":"艾德韦宣集团","ORG_CODE":"10000054427","STD_REPORT_DATE":"2023-12-31 00:00:00","REPORT_DATE":"2023-12-31 00:00:00","DATE_TYPE_CODE":"001","REPORT_TYPE":"2023年年报","PER_NETCASH_OPERATE":0.154577021304,"PER_OI":1.298746411509,"BPS":0.456223766083,"BASIC_EPS":0.148,"DILUTED_EPS":0.146,"OPERATE_INCOME":967231000,"OPERATE_INCOME_YOY":39.2085859814,"GROSS_PROFIT":298222000,"GROSS_PROFIT_YOY":47.458724986526,"HOLDER_PROFIT":107992000,"HOLDER_PROFIT_YOY":356.9735951253,"GROSS_PROFIT_RATIO":30.832551892981,"EPS_TTM":0.145005921514,"OPERATE_INCOME_QOQ":10.883219820772,"NET_PROFIT_RATIO":12.2430939455,"ROE_AVG":31.946609710714,"GROSS_PROFIT_QOQ":17.123882162115,"ROA":14.335408360419,"HOLDER_PROFIT_QOQ":53.812847172767,"ROE_YEARLY":31.946609710714,"ROIC_YEARLY":25.06161436601,"TOTAL_ASSETS":795401000,"TOTAL_LIABILITIES":435426000,"TAX_EBT":28.137269775768,"OCF_SALES":11.902017201682,"TOTAL_PARENT_EQUITY":339769000,"DEBT_ASSET_RATIO":54.7429535542,"OPERATE_PROFIT":166946000,"PRETAX_PROFIT":164785000,"NETCASH_OPERATE":115120000,"NETCASH_INVEST":-504000,"NETCASH_FINANCE":-103967000,"END_CASH":307079000,"DIVI_RATIO":0.402111330291,"DIVIDEND_RATE":7.213483146067,"CURRENT_RATIO":1.685396900917,"COMMON_ACS":10000000000,"CURRENTDEBT_DEBT":98.471841369142,"ISSUED_COMMON_SHARES":744742000,"HK_COMMON_SHARES":744742000,"PER_SHARES":2000,"TOTAL_MARKET_CAP":662820380,"HKSK_MARKET_CAP":662820380,"PE_TTM":6.177806653987,"PB_TTM":1.985997900285,"REPORT_DATE_SQ":"2022-12-31 00:00:00","REPORT_TYPE_SQ":"2022年年报","OPERATE_INCOME_SQ":694807000,"DPS_HKD":0.0642,"OPERATE_INCOME_QOQ_SQ":0.457751926216,"NET_PROFIT_RATIO_SQ":4.0650137376,"HOLDER_PROFIT_SQ":23632000,"HOLDER_PROFIT_QOQ_SQ":-51.267193203143,"ROE_AVG_SQ":6.36445899944,"PE_TTM_SQ":10.831589627054,"PB_TTM_SQ":2.551941892926,"ROA_SQ":3.310986416717,"START_DATE":"2023-01-01 00:00:00","FISCAL_YEAR":"12-31","CURRENCY":"HKD","IS_CNY_CODE":0,"DPS_HKD_LY":0.1138,"ORG_TYPE":"一般企业","PREMIUM_INCOME":null,"PREMIUM_INCOME_YOY":null,"NET_INTEREST_INCOME":null,"NET_INTEREST_INCOME_YOY":null,"FEE_COMMISSION_INCOME":null,"FEE_COMMISSION_INCOME_YOY":null,"ACCOUNTS_RECE_TDAYS":2.738107505209,"INVENTORY_TDAYS":null,"CURRENT_ASSETS_TDAYS":1.435036345819,"TOTAL_ASSETS_TDAYS":1.283951715299,"PREMIUM_EXPENSE":null,"LOAN_DEPOSIT":null,"LOAN_EQUITY":null,"LOAN_ASSETS":null,"DEPOSIT_EQUITY":null,"DEPOSIT_ASSETS":null,"EQUITY_MULTIPLIER":2.209600666711,"EQUITY_RATIO":1.281535396107},{"SECUCODE":"09919.HK","SECURITY_CODE":"09919","SECURITY_NAME_ABBR":"艾德韦宣集团","ORG_CODE":"10000054427","STD_REPORT_DATE":"2023-06-30 00:00:00","REPORT_DATE":"2023-06-30 00:00:00","DATE_TYPE_CODE":"002","REPORT_TYPE":"2023年中报","PER_NETCASH_OPERATE":0.076878972852,"PER_OI":0.470313209138,"BPS":0.408252790899,"BASIC_EPS":0.0511,"DILUTED_EPS":0.0511,"OPERATE_INCOME":350262000,"OPERATE_INCOME_YOY":102.7307665594,"GROSS_PROFIT":105077000,"GROSS_PROFIT_YOY":99.398447729472,"HOLDER_PROFIT":38082000,"HOLDER_PROFIT_YOY":548.2344632768,"GROSS_PROFIT_RATIO":29.999543199091,"EPS_TTM":0.094274258737,"OPERATE_INCOME_QOQ":25.545223349794,"NET_PROFIT_RATIO":11.7129463088,"ROE_AVG":11.89408325421,"GROSS_PROFIT_QOQ":25.899792821436,"ROA":5.562969049575,"HOLDER_PROFIT_QOQ":197.097156398104,"ROE_YEARLY":23.78816650842,"ROIC_YEARLY":21.210340611937,"TOTAL_ASSETS":657879000,"TOTAL_LIABILITIES":333611000,"TAX_EBT":23.551663095127,"OCF_SALES":16.346335029207,"TOTAL_PARENT_EQUITY":304043000,"DEBT_ASSET_RATIO":50.7100849852,"OPERATE_PROFIT":54729000,"PRETAX_PROFIT":53665000,"NETCASH_OPERATE":57255000,"NETCASH_INVEST":-801000,"NETCASH_FINANCE":-41019000,"END_CASH":313172000,"DIVI_RATIO":0.618498885925,"DIVIDEND_RATE":7.213483146067,"CURRENT_RATIO":1.763751429239,"COMMON_ACS":10000000000,"CURRENTDEBT_DEBT":97.52316320505,"ISSUED_COMMON_SHARES":744742000,"HK_COMMON_SHARES":744742000,"PER_SHARES":2000,"TOTAL_MARKET_CAP":662820380,"HKSK_MARKET_CAP":662820380,"PE_TTM":6.177806653987,"PB_TTM":1.985997900285,"REPORT_DATE_SQ":"2022-06-30 00:00:00","REPORT_TYPE_SQ":"2022年中报","OPERATE_INCOME_SQ":172772000,"DPS_HKD":0.0642,"OPERATE_INCOME_QOQ_SQ":-23.495863645766,"NET_PROFIT_RATIO_SQ":-4.9209362628,"HOLDER_PROFIT_SQ":-8496000,"HOLDER_PROFIT_QOQ_SQ":-47.56833318917,"ROE_AVG_SQ":-2.143900758794,"PE_TTM_SQ":10.831589627054,"PB_TTM_SQ":2.551941892926,"ROA_SQ":-1.314613704569,"START_DATE":"2023-01-01 00:00:00","FISCAL_YEAR":"12-31","CURRENCY":"HKD","IS_CNY_CODE":0,"DPS_HKD_LY":0.1138,"ORG_TYPE":"一般企业","PREMIUM_INCOME":null,"PREMIUM_INCOME_YOY":null,"NET_INTEREST_INCOME":null,"NET_INTEREST_INCOME_YOY":null,"FEE_COMMISSION_INCOME":null,"FEE_COMMISSION_INCOME_YOY":null,"ACCOUNTS_RECE_TDAYS":1.310625336766,"INVENTORY_TDAYS":null,"CURRENT_ASSETS_TDAYS":0.584157004015,"TOTAL_ASSETS_TDAYS":0.511658175842,"PREMIUM_EXPENSE":null,"LOAN_DEPOSIT":null,"LOAN_EQUITY":null,"LOAN_ASSETS":null,"DEPOSIT_EQUITY":null,"DEPOSIT_ASSETS":null,"EQUITY_MULTIPLIER":2.028812587118,"EQUITY_RATIO":1.097249402223},{"SECUCODE":"09919.HK","SECURITY_CODE":"09919","SECURITY_NAME_ABBR":"艾德韦宣集团","ORG_CODE":"10000054427","STD_REPORT_DATE":"2022-12-31 00:00:00","REPORT_DATE":"2022-12-31 00:00:00","DATE_TYPE_CODE":"001","REPORT_TYPE":"2022年年报","PER_NETCASH_OPERATE":0.08190890268,"PER_OI":0.93294993434,"BPS":0.451577861864,"BASIC_EPS":0.0321,"DILUTED_EPS":0.0321,"OPERATE_INCOME":694807000,"OPERATE_INCOME_YOY":-23.145664488,"GROSS_PROFIT":202241000,"GROSS_PROFIT_YOY":-24.334506870994,"HOLDER_PROFIT":23632000,"HOLDER_PROFIT_YOY":-74.4485771127,"GROSS_PROFIT_RATIO":29.107507552457,"EPS_TTM":0.031731794366,"OPERATE_INCOME_QOQ":0.457751926216,"NET_PROFIT_RATIO":4.0650137376,"ROE_AVG":6.36445899944,"GROSS_PROFIT_QOQ":-5.49265169747,"ROA":3.310986416717,"HOLDER_PROFIT_QOQ":-51.267193203143,"ROE_YEARLY":6.36445899944,"ROIC_YEARLY":6.94013720515,"TOTAL_ASSETS":711246000,"TOTAL_LIABILITIES":357656000,"TAX_EBT":49.290818341772,"OCF_SALES":8.779560367124,"TOTAL_PARENT_EQUITY":336309000,"DEBT_ASSET_RATIO":50.2858364054,"OPERATE_PROFIT":66383000,"PRETAX_PROFIT":55698000,"NETCASH_OPERATE":61001000,"NETCASH_INVEST":-38707000,"NETCASH_FINANCE":-127435000,"END_CASH":300269000,"DIVI_RATIO":1.837542602438,"DIVIDEND_RATE":7.213483146067,"CURRENT_RATIO":1.798436147482,"COMMON_ACS":10000000000,"CURRENTDEBT_DEBT":97.224987138479,"ISSUED_COMMON_SHARES":744742000,"HK_COMMON_SHARES":744742000,"PER_SHARES":2000,"TOTAL_MARKET_CAP":662820380,"HKSK_MARKET_CAP":662820380,"PE_TTM":6.177806653987,"PB_TTM":1.985997900285,"REPORT_DATE_SQ":"2021-12-31 00:00:00","REPORT_TYPE_SQ":"2021年年报","OPERATE_INCOME_SQ":904057000,"DPS_HKD":0.0642,"OPERATE_INCOME_QOQ_SQ":17.197674343235,"NET_PROFIT_RATIO_SQ":11.3437537677,"HOLDER_PROFIT_SQ":92488000,"HOLDER_PROFIT_QOQ_SQ":18.28773868447,"ROE_AVG_SQ":24.140613172828,"PE_TTM_SQ":10.831589627054,"PB_TTM_SQ":2.551941892926,"ROA_SQ":14.176079016221,"START_DATE":"2022-01-01 00:00:00","FISCAL_YEAR":"12-31","CURRENCY":"HKD","IS_CNY_CODE":0,"DPS_HKD_LY":0.14,"ORG_TYPE":"一般企业","PREMIUM_INCOME":null,"PREMIUM_INCOME_YOY":null,"NET_INTEREST_INCOME":null,"NET_INTEREST_INCOME_YOY":null,"FEE_COMMISSION_INCOME":null,"FEE_COMMISSION_INCOME_YOY":null,"ACCOUNTS_RECE_TDAYS":2.570736156255,"INVENTORY_TDAYS":null,"CURRENT_ASSETS_TDAYS":1.072185868368,"TOTAL_ASSETS_TDAYS":0.973466714303,"PREMIUM_EXPENSE":null,"LOAN_DEPOSIT":null,"LOAN_EQUITY":null,"LOAN_ASSETS":null,"DEPOSIT_EQUITY":null,"DEPOSIT_ASSETS":null,"EQUITY_MULTIPLIER":2.011499193981,"EQUITY_RATIO":1.063474364349},{"SECUCODE":"09919.HK","SECURITY_CODE":"09919","SECURITY_NAME_ABBR":"艾德韦宣集团","ORG_CODE":"10000054427","STD_REPORT_DATE":"2022-06-30 00:00:00","REPORT_DATE":"2022-06-30 00:00:00","DATE_TYPE_CODE":"002","REPORT_TYPE":"2022年中报","PER_NETCASH_OPERATE":-0.141079778221,"PER_OI":0.231607790146,"BPS":0.518648068727,"BASIC_EPS":-0.0116,"DILUTED_EPS":-0.0116,"OPERATE_INCOME":172772000,"OPERATE_INCOME_YOY":-55.146058548,"GROSS_PROFIT":52697000,"GROSS_PROFIT_YOY":-50.278813039581,"HOLDER_PROFIT":-8496000,"HOLDER_PROFIT_YOY":-123.9330685371,"GROSS_PROFIT_RATIO":30.500891348135,"EPS_TTM":0.065006809944,"OPERATE_INCOME_QOQ":-23.495863645766,"NET_PROFIT_RATIO":-4.9209362628,"ROE_AVG":-2.143900758794,"GROSS_PROFIT_QOQ":-19.93692079182,"ROA":-1.314613704569,"HOLDER_PROFIT_QOQ":-47.56833318917,"ROE_YEARLY":-4.287801517587,"ROIC_YEARLY":-5.918320077601,"TOTAL_ASSETS":576303000,"TOTAL_LIABILITIES":166951000,"TAX_EBT":-102.428571428571,"OCF_SALES":-60.913226680249,"TOTAL_PARENT_EQUITY":386259000,"DEBT_ASSET_RATIO":28.9693095472,"OPERATE_PROFIT":-3114000,"PRETAX_PROFIT":-4200000,"NETCASH_OPERATE":-105241000,"NETCASH_INVEST":-21260000,"NETCASH_FINANCE":-16511000,"END_CASH":266321000,"DIVI_RATIO":0.896960242328,"DIVIDEND_RATE":7.213483146067,"CURRENT_RATIO":3.103217378133,"COMMON_ACS":10000000000,"CURRENTDEBT_DEBT":94.909284760199,"ISSUED_COMMON_SHARES":744742000,"HK_COMMON_SHARES":744742000,"PER_SHARES":2000,"TOTAL_MARKET_CAP":662820380,"HKSK_MARKET_CAP":662820380,"PE_TTM":6.177806653987,"PB_TTM":1.985997900285,"REPORT_DATE_SQ":"2021-06-30 00:00:00","REPORT_TYPE_SQ":"2021年中报","OPERATE_INCOME_SQ":385188000,"DPS_HKD":0.0642,"OPERATE_INCOME_QOQ_SQ":68.427223640226,"NET_PROFIT_RATIO_SQ":9.993821199,"HOLDER_PROFIT_SQ":35499000,"HOLDER_PROFIT_QOQ_SQ":233.812918925842,"ROE_AVG_SQ":9.376374304841,"PE_TTM_SQ":10.831589627054,"PB_TTM_SQ":2.551941892926,"ROA_SQ":5.701015853285,"START_DATE":"2022-01-01 00:00:00","FISCAL_YEAR":"12-31","CURRENCY":"HKD","IS_CNY_CODE":0,"DPS_HKD_LY":0.14,"ORG_TYPE":"一般企业","PREMIUM_INCOME":null,"PREMIUM_INCOME_YOY":null,"NET_INTEREST_INCOME":null,"NET_INTEREST_INCOME_YOY":null,"FEE_COMMISSION_INCOME":null,"FEE_COMMISSION_INCOME_YOY":null,"ACCOUNTS_RECE_TDAYS":0.825457646634,"INVENTORY_TDAYS":null,"CURRENT_ASSETS_TDAYS":0.297268744903,"TOTAL_ASSETS_TDAYS":0.267335733246,"PREMIUM_EXPENSE":null,"LOAN_DEPOSIT":null,"LOAN_EQUITY":null,"LOAN_ASSETS":null,"DEPOSIT_EQUITY":null,"DEPOSIT_ASSETS":null,"EQUITY_MULTIPLIER":1.40784215052,"EQUITY_RATIO":0.432225527431},{"SECUCODE":"09919.HK","SECURITY_CODE":"09919","SECURITY_NAME_ABBR":"艾德韦宣集团","ORG_CODE":"10000054427","STD_REPORT_DATE":"2021-12-31 00:00:00","REPORT_DATE":"2021-12-31 00:00:00","DATE_TYPE_CODE":"001","REPORT_TYPE":"2021年年报","PER_NETCASH_OPERATE":0.232663940625,"PER_OI":1.199463194457,"BPS":0.545578200236,"BASIC_EPS":0.1251,"DILUTED_EPS":0.1251,"OPERATE_INCOME":904057000,"OPERATE_INCOME_YOY":97.3927890672,"GROSS_PROFIT":267283000,"GROSS_PROFIT_YOY":103.02081988257,"HOLDER_PROFIT":92488000,"HOLDER_PROFIT_YOY":294.859753234,"GROSS_PROFIT_RATIO":29.564839385127,"EPS_TTM":0.122709023799,"OPERATE_INCOME_QOQ":17.197674343235,"NET_PROFIT_RATIO":11.3437537677,"ROE_AVG":24.140613172828,"GROSS_PROFIT_QOQ":26.174493476085,"ROA":14.176079016221,"HOLDER_PROFIT_QOQ":18.28773868447,"ROE_YEARLY":24.140613172828,"ROIC_YEARLY":33.026297700179,"TOTAL_ASSETS":716244000,"TOTAL_LIABILITIES":286830000,"TAX_EBT":29.091185662527,"OCF_SALES":19.397338884606,"TOTAL_PARENT_EQUITY":406315000,"DEBT_ASSET_RATIO":40.0464087657,"OPERATE_PROFIT":149059000,"PRETAX_PROFIT":144628000,"NETCASH_OPERATE":175363000,"NETCASH_INVEST":347000,"NETCASH_FINANCE":-68908000,"END_CASH":405817000,"DIVI_RATIO":0.475177148303,"DIVIDEND_RATE":7.213483146067,"CURRENT_RATIO":2.400842658419,"COMMON_ACS":10000000000,"CURRENTDEBT_DEBT":97.393578077607,"ISSUED_COMMON_SHARES":744742000,"HK_COMMON_SHARES":744742000,"PER_SHARES":2000,"TOTAL_MARKET_CAP":662820380,"HKSK_MARKET_CAP":662820380,"PE_TTM":6.177806653987,"PB_TTM":1.985997900285,"REPORT_DATE_SQ":"2020-12-31 00:00:00","REPORT_TYPE_SQ":"2020年年报","OPERATE_INCOME_SQ":457999000,"DPS_HKD":0.0642,"OPERATE_INCOME_QOQ_SQ":-0.546776774799,"NET_PROFIT_RATIO_SQ":5.5087456523,"HOLDER_PROFIT_SQ":23423000,"HOLDER_PROFIT_QOQ_SQ":438.53157970805,"ROE_AVG_SQ":11.158565198025,"PE_TTM_SQ":10.831589627054,"PB_TTM_SQ":2.551941892926,"ROA_SQ":4.940096870021,"START_DATE":"2021-01-01 00:00:00","FISCAL_YEAR":"12-31","CURRENCY":"HKD","IS_CNY_CODE":0,"DPS_HKD_LY":0.0693,"ORG_TYPE":"一般企业","PREMIUM_INCOME":null,"PREMIUM_INCOME_YOY":null,"NET_INTEREST_INCOME":null,"NET_INTEREST_INCOME_YOY":null,"FEE_COMMISSION_INCOME":null,"FEE_COMMISSION_INCOME_YOY":null,"ACCOUNTS_RECE_TDAYS":3.979176661664,"INVENTORY_TDAYS":null,"CURRENT_ASSETS_TDAYS":1.472327604809,"TOTAL_ASSETS_TDAYS":1.385691491563,"PREMIUM_EXPENSE":null,"LOAN_DEPOSIT":null,"LOAN_EQUITY":null,"LOAN_ASSETS":null,"DEPOSIT_EQUITY":null,"DEPOSIT_ASSETS":null,"EQUITY_MULTIPLIER":1.667956796936,"EQUITY_RATIO":0.705930128103},{"SECUCODE":"09919.HK","SECURITY_CODE":"09919","SECURITY_NAME_ABBR":"艾德韦宣集团","ORG_CODE":"10000054427","STD_REPORT_DATE":"2021-06-30 00:00:00","REPORT_DATE":"2021-06-30 00:00:00","DATE_TYPE_CODE":"002","REPORT_TYPE":"2021年中报","PER_NETCASH_OPERATE":0.032565633439,"PER_OI":0.510370706035,"BPS":0.533435740162,"BASIC_EPS":0.048,"DILUTED_EPS":0.048,"OPERATE_INCOME":385188000,"OPERATE_INCOME_YOY":436.5333184756,"GROSS_PROFIT":105985000,"GROSS_PROFIT_YOY":310.762731571196,"HOLDER_PROFIT":35499000,"HOLDER_PROFIT_YOY":284.2476773758,"GROSS_PROFIT_RATIO":27.515135466318,"EPS_TTM":0.103599736062,"OPERATE_INCOME_QOQ":68.427223640226,"NET_PROFIT_RATIO":9.993821199,"ROE_AVG":9.376374304841,"GROSS_PROFIT_QOQ":60.904802776997,"ROA":5.701015853285,"HOLDER_PROFIT_QOQ":233.812918925842,"ROE_YEARLY":18.752748609682,"ROIC_YEARLY":23.15345958303,"TOTAL_ASSETS":656755000,"TOTAL_LIABILITIES":243603000,"TAX_EBT":32.143486691345,"OCF_SALES":6.380780294298,"TOTAL_PARENT_EQUITY":397272000,"DEBT_ASSET_RATIO":37.0919140319,"OPERATE_PROFIT":57599000,"PRETAX_PROFIT":56730000,"NETCASH_OPERATE":24578000,"NETCASH_INVEST":-16600000,"NETCASH_FINANCE":-8422000,"END_CASH":300352000,"DIVI_RATIO":0.562825024624,"DIVIDEND_RATE":7.213483146067,"CURRENT_RATIO":2.601239098358,"COMMON_ACS":10000000000,"CURRENTDEBT_DEBT":96.538630476636,"ISSUED_COMMON_SHARES":744742000,"HK_COMMON_SHARES":744742000,"PER_SHARES":2000,"TOTAL_MARKET_CAP":662820380,"HKSK_MARKET_CAP":662820380,"PE_TTM":6.177806653987,"PB_TTM":1.985997900285,"REPORT_DATE_SQ":"2020-06-30 00:00:00","REPORT_TYPE_SQ":"2020年中报","OPERATE_INCOME_SQ":71792000,"DPS_HKD":0.0642,"OPERATE_INCOME_QOQ_SQ":-30.411741772871,"NET_PROFIT_RATIO_SQ":-27.7913973702,"HOLDER_PROFIT_SQ":-19267000,"HOLDER_PROFIT_QOQ_SQ":-123.087190096433,"ROE_AVG_SQ":-9.553300046113,"PE_TTM_SQ":10.831589627054,"PB_TTM_SQ":2.551941892926,"ROA_SQ":-4.622550860175,"START_DATE":"2021-01-01 00:00:00","FISCAL_YEAR":"12-31","CURRENCY":"HKD","IS_CNY_CODE":0,"DPS_HKD_LY":0.0693,"ORG_TYPE":"一般企业","PREMIUM_INCOME":null,"PREMIUM_INCOME_YOY":null,"NET_INTEREST_INCOME":null,"NET_INTEREST_INCOME_YOY":null,"FEE_COMMISSION_INCOME":null,"FEE_COMMISSION_INCOME_YOY":null,"ACCOUNTS_RECE_TDAYS":1.593081542508,"INVENTORY_TDAYS":null,"CURRENT_ASSETS_TDAYS":0.658938890581,"TOTAL_ASSETS_TDAYS":0.618598522351,"PREMIUM_EXPENSE":null,"LOAN_DEPOSIT":null,"LOAN_EQUITY":null,"LOAN_ASSETS":null,"DEPOSIT_EQUITY":null,"DEPOSIT_ASSETS":null,"EQUITY_MULTIPLIER":1.589620769112,"EQUITY_RATIO":0.613189452063},{"SECUCODE":"09919.HK","SECURITY_CODE":"09919","SECURITY_NAME_ABBR":"艾德韦宣集团","ORG_CODE":"10000054427","STD_REPORT_DATE":"2020-12-31 00:00:00","REPORT_DATE":"2020-12-31 00:00:00","DATE_TYPE_CODE":"001","REPORT_TYPE":"2020年年报","PER_NETCASH_OPERATE":-0.038147006626,"PER_OI":0.601193726569,"BPS":0.483293543267,"BASIC_EPS":0.0305,"DILUTED_EPS":0.0305,"OPERATE_INCOME":457999000,"OPERATE_INCOME_YOY":-30.7922342068,"GROSS_PROFIT":131653000,"GROSS_PROFIT_YOY":-33.551542437212,"HOLDER_PROFIT":23423000,"HOLDER_PROFIT_YOY":-21.8425706563,"GROSS_PROFIT_RATIO":28.745259269125,"EPS_TTM":0.03074626944,"OPERATE_INCOME_QOQ":-0.546776774799,"NET_PROFIT_RATIO":5.5087456523,"ROE_AVG":11.158565198025,"GROSS_PROFIT_QOQ":-3.386708544926,"ROA":4.940096870021,"HOLDER_PROFIT_QOQ":438.53157970805,"ROE_YEARLY":11.158565198025,"ROIC_YEARLY":9.544669198546,"TOTAL_ASSETS":588602000,"TOTAL_LIABILITIES":215765000,"TAX_EBT":34.554226868304,"OCF_SALES":-6.345210360721,"TOTAL_PARENT_EQUITY":359929000,"DEBT_ASSET_RATIO":36.6571979028,"OPERATE_PROFIT":41593000,"PRETAX_PROFIT":38551000,"NETCASH_OPERATE":-29061000,"NETCASH_INVEST":10554000,"NETCASH_FINANCE":199732000,"END_CASH":302935000,"DIVI_RATIO":1.8964422371,"DIVIDEND_RATE":7.213483146067,"CURRENT_RATIO":2.701518507568,"COMMON_ACS":10000000000,"CURRENTDEBT_DEBT":95.623015781058,"ISSUED_COMMON_SHARES":744742000,"HK_COMMON_SHARES":744742000,"PER_SHARES":2000,"TOTAL_MARKET_CAP":662820380,"HKSK_MARKET_CAP":662820380,"PE_TTM":6.177806653987,"PB_TTM":1.985997900285,"REPORT_DATE_SQ":"2019-12-31 00:00:00","REPORT_TYPE_SQ":"2019年年报","OPERATE_INCOME_SQ":661774000,"DPS_HKD":0.0642,"OPERATE_INCOME_QOQ_SQ":-5.406668677342,"NET_PROFIT_RATIO_SQ":6.1759754841,"HOLDER_PROFIT_SQ":29969000,"HOLDER_PROFIT_QOQ_SQ":-24.107979437312,"ROE_AVG_SQ":33.111624258361,"PE_TTM_SQ":10.831589627054,"PB_TTM_SQ":2.551941892926,"ROA_SQ":7.837153321225,"START_DATE":"2020-01-01 00:00:00","FISCAL_YEAR":"12-31","CURRENCY":"HKD","IS_CNY_CODE":0,"DPS_HKD_LY":null,"ORG_TYPE":"一般企业","PREMIUM_INCOME":null,"PREMIUM_INCOME_YOY":null,"NET_INTEREST_INCOME":null,"NET_INTEREST_INCOME_YOY":null,"FEE_COMMISSION_INCOME":null,"FEE_COMMISSION_INCOME_YOY":null,"ACCOUNTS_RECE_TDAYS":2.330641385768,"INVENTORY_TDAYS":null,"CURRENT_ASSETS_TDAYS":1.038484082022,"TOTAL_ASSETS_TDAYS":0.965956293546,"PREMIUM_EXPENSE":null,"LOAN_DEPOSIT":null,"LOAN_EQUITY":null,"LOAN_ASSETS":null,"DEPOSIT_EQUITY":null,"DEPOSIT_ASSETS":null,"EQUITY_MULTIPLIER":1.578711340344,"EQUITY_RATIO":0.59946545013},{"SECUCODE":"09919.HK","SECURITY_CODE":"09919","SECURITY_NAME_ABBR":"艾德韦宣集团","ORG_CODE":"10000054427","STD_REPORT_DATE":"2020-06-30 00:00:00","REPORT_DATE":"2020-06-30 00:00:00","DATE_TYPE_CODE":"002","REPORT_TYPE":"2020年中报","PER_NETCASH_OPERATE":-0.040613716072,"PER_OI":0.093047609913,"BPS":0.461187901313,"BASIC_EPS":-0.0247,"DILUTED_EPS":-0.0247,"OPERATE_INCOME":71792000,"OPERATE_INCOME_YOY":-73.7072833081,"GROSS_PROFIT":25802000,"GROSS_PROFIT_YOY":-70.566494033903,"HOLDER_PROFIT":-19267000,"HOLDER_PROFIT_YOY":-209.3411270643,"GROSS_PROFIT_RATIO":35.939937597504,"EPS_TTM":-0.008967523025,"OPERATE_INCOME_QOQ":-30.411741772871,"NET_PROFIT_RATIO":-27.7913973702,"ROE_AVG":-9.553300046113,"GROSS_PROFIT_QOQ":-31.222240167972,"ROA":-4.622550860175,"HOLDER_PROFIT_QOQ":-123.087190096433,"ROE_YEARLY":-19.106600092226,"ROIC_YEARLY":-22.135545317724,"TOTAL_ASSETS":473930000,"TOTAL_LIABILITIES":119012000,"TAX_EBT":-6.838018741633,"OCF_SALES":-43.648317361266,"TOTAL_PARENT_EQUITY":343466000,"DEBT_ASSET_RATIO":25.1117253603,"OPERATE_PROFIT":-16505000,"PRETAX_PROFIT":-18675000,"NETCASH_OPERATE":-31336000,"NETCASH_INVEST":10500000,"NETCASH_FINANCE":216589000,"END_CASH":332363000,"DIVI_RATIO":-6.502188379027,"DIVIDEND_RATE":7.213483146067,"CURRENT_RATIO":4.114358749499,"COMMON_ACS":10000000000,"CURRENTDEBT_DEBT":90.065707659732,"ISSUED_COMMON_SHARES":744742000,"HK_COMMON_SHARES":744742000,"PER_SHARES":2000,"TOTAL_MARKET_CAP":662820380,"HKSK_MARKET_CAP":662820380,"PE_TTM":6.177806653987,"PB_TTM":1.985997900285,"REPORT_DATE_SQ":"2019-06-30 00:00:00","REPORT_TYPE_SQ":"2019年中报","OPERATE_INCOME_SQ":273049000,"DPS_HKD":0.0642,"OPERATE_INCOME_QOQ_SQ":2.23048653072,"NET_PROFIT_RATIO_SQ":8.3922665895,"HOLDER_PROFIT_SQ":17621000,"HOLDER_PROFIT_QOQ_SQ":6.399202457294,"ROE_AVG_SQ":15.582290961988,"PE_TTM_SQ":10.831589627054,"PB_TTM_SQ":2.551941892926,"ROA_SQ":4.449180091933,"START_DATE":"2020-01-01 00:00:00","FISCAL_YEAR":"12-31","CURRENCY":"HKD","IS_CNY_CODE":0,"DPS_HKD_LY":null,"ORG_TYPE":"一般企业","PREMIUM_INCOME":null,"PREMIUM_INCOME_YOY":null,"NET_INTEREST_INCOME":null,"NET_INTEREST_INCOME_YOY":null,"FEE_COMMISSION_INCOME":null,"FEE_COMMISSION_INCOME_YOY":null,"ACCOUNTS_RECE_TDAYS":0.577947012937,"INVENTORY_TDAYS":null,"CURRENT_ASSETS_TDAYS":0.18752310017,"TOTAL_ASSETS_TDAYS":0.172243821744,"PREMIUM_EXPENSE":null,"LOAN_DEPOSIT":null,"LOAN_EQUITY":null,"LOAN_ASSETS":null,"DEPOSIT_EQUITY":null,"DEPOSIT_ASSETS":null,"EQUITY_MULTIPLIER":1.335322525203,"EQUITY_RATIO":0.346503001753}],"count":15},"success":true,"message":"ok","code":0}