{"version":"5a58aae2b0c9b09a62fb6af4b112c7ff","result":{"pages":2,"data":[{"SECUCODE":"09922.HK","SECURITY_CODE":"09922","SECURITY_NAME_ABBR":"九毛九","ORG_CODE":"10000050067","STD_REPORT_DATE":"2024-06-30 00:00:00","REPORT_DATE":"2024-06-30 00:00:00","DATE_TYPE_CODE":"002","REPORT_TYPE":"2024年中报","PER_NETCASH_OPERATE":0.238913637456,"PER_OI":2.139250118526,"BPS":2.260350476666,"BASIC_EPS":0.05,"DILUTED_EPS":0.05,"OPERATE_INCOME":3064227000,"OPERATE_INCOME_YOY":6.4181283605,"GROSS_PROFIT":3064227000,"GROSS_PROFIT_YOY":6.418128360483,"HOLDER_PROFIT":72291000,"HOLDER_PROFIT_YOY":-67.4675535075,"GROSS_PROFIT_RATIO":null,"EPS_TTM":0.211913190579,"OPERATE_INCOME_QOQ":3.087364367634,"NET_PROFIT_RATIO":2.2181777003,"ROE_AVG":2.226161516577,"GROSS_PROFIT_QOQ":4.80800876033,"ROA":1.108240942873,"HOLDER_PROFIT_QOQ":-33.061425213138,"ROE_YEARLY":4.452323033155,"ROIC_YEARLY":2.922118573356,"TOTAL_ASSETS":6525201000,"TOTAL_LIABILITIES":3359907000,"TAX_EBT":22.698116640888,"OCF_SALES":11.168102102096,"TOTAL_PARENT_EQUITY":3159142000,"DEBT_ASSET_RATIO":51.4912414192,"OPERATE_PROFIT":142885000,"PRETAX_PROFIT":87928000,"NETCASH_OPERATE":342216000,"NETCASH_INVEST":-407091000,"NETCASH_FINANCE":-367662000,"END_CASH":897226000,"DIVI_RATIO":0.641456058628,"DIVIDEND_RATE":5.208333333333,"CURRENT_RATIO":1.640818421355,"COMMON_ACS":500000000000,"CURRENTDEBT_DEBT":44.594924800002,"ISSUED_COMMON_SHARES":1397633700,"HK_COMMON_SHARES":1397633700,"PER_SHARES":1000,"TOTAL_MARKET_CAP":4025185056,"HKSK_MARKET_CAP":4025185056,"PE_TTM":11.888440326851,"PB_TTM":1.162880901495,"REPORT_DATE_SQ":"2023-06-30 00:00:00","REPORT_TYPE_SQ":"2023年中报","OPERATE_INCOME_SQ":2879422000,"DPS_HKD":0.15,"OPERATE_INCOME_QOQ_SQ":24.475013493198,"NET_PROFIT_RATIO_SQ":8.2794741445,"HOLDER_PROFIT_SQ":222212000,"HOLDER_PROFIT_QOQ_SQ":333.831168831169,"ROE_AVG_SQ":6.678833389238,"PE_TTM_SQ":29.709470456756,"PB_TTM_SQ":1.800270359857,"ROA_SQ":3.867344036062,"START_DATE":"2024-01-01 00:00:00","FISCAL_YEAR":"12-31","CURRENCY":"HKD","IS_CNY_CODE":0,"DPS_HKD_LY":0.15,"ORG_TYPE":"一般企业","PREMIUM_INCOME":null,"PREMIUM_INCOME_YOY":null,"NET_INTEREST_INCOME":null,"NET_INTEREST_INCOME_YOY":null,"FEE_COMMISSION_INCOME":null,"FEE_COMMISSION_INCOME_YOY":null,"ACCOUNTS_RECE_TDAYS":4.465052333706,"INVENTORY_TDAYS":null,"CURRENT_ASSETS_TDAYS":1.164126217797,"TOTAL_ASSETS_TDAYS":0.469754439648,"PREMIUM_EXPENSE":null,"LOAN_DEPOSIT":null,"LOAN_EQUITY":null,"LOAN_ASSETS":null,"DEPOSIT_EQUITY":null,"DEPOSIT_ASSETS":null,"EQUITY_MULTIPLIER":2.061483388272,"EQUITY_RATIO":1.063550483011},{"SECUCODE":"09922.HK","SECURITY_CODE":"09922","SECURITY_NAME_ABBR":"九毛九","ORG_CODE":"10000050067","STD_REPORT_DATE":"2023-12-31 00:00:00","REPORT_DATE":"2023-12-31 00:00:00","DATE_TYPE_CODE":"001","REPORT_TYPE":"2023年年报","PER_NETCASH_OPERATE":0.704760381289,"PER_OI":4.166771952342,"BPS":2.38655879577,"BASIC_EPS":0.31,"DILUTED_EPS":0.31,"OPERATE_INCOME":5985850000,"OPERATE_INCOME_YOY":49.4324868276,"GROSS_PROFIT":3843691000,"GROSS_PROFIT_YOY":50.226921859305,"HOLDER_PROFIT":453462000,"HOLDER_PROFIT_YOY":820.174512987,"GROSS_PROFIT_RATIO":64.212952212301,"EPS_TTM":0.315656547199,"OPERATE_INCOME_QOQ":20.050187289804,"NET_PROFIT_RATIO":8.0188778536,"ROE_AVG":13.931635866262,"GROSS_PROFIT_QOQ":8.609798668604,"ROA":7.603351153941,"HOLDER_PROFIT_QOQ":112.104288280198,"ROE_YEARLY":13.931635866262,"ROIC_YEARLY":11.152568859664,"TOTAL_ASSETS":6520879000,"TOTAL_LIABILITIES":3163863000,"TAX_EBT":24.574156484135,"OCF_SALES":16.913821762991,"TOTAL_PARENT_EQUITY":3335535000,"DEBT_ASSET_RATIO":48.5189650046,"OPERATE_PROFIT":731449000,"PRETAX_PROFIT":636384000,"NETCASH_OPERATE":1012436000,"NETCASH_INVEST":-150193000,"NETCASH_FINANCE":-646412000,"END_CASH":1326902000,"DIVI_RATIO":0.43063576918,"DIVIDEND_RATE":4.076086956522,"CURRENT_RATIO":2.000538295251,"COMMON_ACS":500000000000,"CURRENTDEBT_DEBT":44.331123060638,"ISSUED_COMMON_SHARES":1397633700,"HK_COMMON_SHARES":1397633700,"PER_SHARES":1000,"TOTAL_MARKET_CAP":5143292016,"HKSK_MARKET_CAP":5143292016,"PE_TTM":15.190784862087,"PB_TTM":1.485903374132,"REPORT_DATE_SQ":"2022-12-31 00:00:00","REPORT_TYPE_SQ":"2022年年报","OPERATE_INCOME_SQ":4005722000,"DPS_HKD":0.15,"OPERATE_INCOME_QOQ_SQ":-1.269779455985,"NET_PROFIT_RATIO_SQ":1.3882640882,"HOLDER_PROFIT_SQ":49280000,"HOLDER_PROFIT_QOQ_SQ":-76.710554920179,"ROE_AVG_SQ":1.575232033469,"PE_TTM_SQ":38.817024825106,"PB_TTM_SQ":2.352150279897,"ROA_SQ":0.934912059834,"START_DATE":"2023-01-01 00:00:00","FISCAL_YEAR":"12-31","CURRENCY":"HKD","IS_CNY_CODE":0,"DPS_HKD_LY":0.01,"ORG_TYPE":"一般企业","PREMIUM_INCOME":null,"PREMIUM_INCOME_YOY":null,"NET_INTEREST_INCOME":null,"NET_INTEREST_INCOME_YOY":null,"FEE_COMMISSION_INCOME":null,"FEE_COMMISSION_INCOME_YOY":null,"ACCOUNTS_RECE_TDAYS":10.41651440007,"INVENTORY_TDAYS":17.125421208524,"CURRENT_ASSETS_TDAYS":2.220625775115,"TOTAL_ASSETS_TDAYS":1.003667771606,"PREMIUM_EXPENSE":null,"LOAN_DEPOSIT":null,"LOAN_EQUITY":null,"LOAN_ASSETS":null,"DEPOSIT_EQUITY":null,"DEPOSIT_ASSETS":null,"EQUITY_MULTIPLIER":1.942462889663,"EQUITY_RATIO":0.948532394354},{"SECUCODE":"09922.HK","SECURITY_CODE":"09922","SECURITY_NAME_ABBR":"九毛九","ORG_CODE":"10000050067","STD_REPORT_DATE":"2023-06-30 00:00:00","REPORT_DATE":"2023-06-30 00:00:00","DATE_TYPE_CODE":"002","REPORT_TYPE":"2023年中报","PER_NETCASH_OPERATE":0.380345513893,"PER_OI":1.97964856522,"BPS":2.489875566109,"BASIC_EPS":0.15,"DILUTED_EPS":0.15,"OPERATE_INCOME":2879422000,"OPERATE_INCOME_YOY":51.6266539443,"GROSS_PROFIT":2879422000,"GROSS_PROFIT_YOY":51.626653944322,"HOLDER_PROFIT":222212000,"HOLDER_PROFIT_YOY":285.116117851,"GROSS_PROFIT_RATIO":null,"EPS_TTM":0.14698541098,"OPERATE_INCOME_QOQ":24.475013493198,"NET_PROFIT_RATIO":8.2794741445,"ROE_AVG":6.678833389238,"GROSS_PROFIT_QOQ":38.318018908852,"ROA":3.867344036062,"HOLDER_PROFIT_QOQ":333.831168831169,"ROE_YEARLY":13.357666778476,"ROIC_YEARLY":11.959508324986,"TOTAL_ASSETS":6084639000,"TOTAL_LIABILITIES":2582142000,"TAX_EBT":26.731288743281,"OCF_SALES":19.212779509221,"TOTAL_PARENT_EQUITY":3479934000,"DEBT_ASSET_RATIO":42.4370615907,"OPERATE_PROFIT":370952000,"PRETAX_PROFIT":325379000,"NETCASH_OPERATE":553217000,"NETCASH_INVEST":-612489000,"NETCASH_FINANCE":-139459000,"END_CASH":927533000,"DIVI_RATIO":0.924806068123,"DIVIDEND_RATE":4.076086956522,"CURRENT_RATIO":2.7584036356,"COMMON_ACS":500000000000,"CURRENTDEBT_DEBT":40.938956881535,"ISSUED_COMMON_SHARES":1397633700,"HK_COMMON_SHARES":1397633700,"PER_SHARES":1000,"TOTAL_MARKET_CAP":5143292016,"HKSK_MARKET_CAP":5143292016,"PE_TTM":15.190784862087,"PB_TTM":1.485903374132,"REPORT_DATE_SQ":"2022-06-30 00:00:00","REPORT_TYPE_SQ":"2022年中报","OPERATE_INCOME_SQ":1899021000,"DPS_HKD":0.15,"OPERATE_INCOME_QOQ_SQ":-2.929968246555,"NET_PROFIT_RATIO_SQ":3.2913274787,"HOLDER_PROFIT_SQ":57700000,"HOLDER_PROFIT_QOQ_SQ":-37.753577143933,"ROE_AVG_SQ":1.886150084918,"PE_TTM_SQ":38.817024825106,"PB_TTM_SQ":2.352150279897,"ROA_SQ":1.135560540826,"START_DATE":"2023-01-01 00:00:00","FISCAL_YEAR":"12-31","CURRENCY":"HKD","IS_CNY_CODE":0,"DPS_HKD_LY":0.01,"ORG_TYPE":"一般企业","PREMIUM_INCOME":null,"PREMIUM_INCOME_YOY":null,"NET_INTEREST_INCOME":null,"NET_INTEREST_INCOME_YOY":null,"FEE_COMMISSION_INCOME":null,"FEE_COMMISSION_INCOME_YOY":null,"ACCOUNTS_RECE_TDAYS":5.03780335676,"INVENTORY_TDAYS":null,"CURRENT_ASSETS_TDAYS":1.04684461144,"TOTAL_ASSETS_TDAYS":0.501130249447,"PREMIUM_EXPENSE":null,"LOAN_DEPOSIT":null,"LOAN_EQUITY":null,"LOAN_ASSETS":null,"DEPOSIT_EQUITY":null,"DEPOSIT_ASSETS":null,"EQUITY_MULTIPLIER":1.737228896985,"EQUITY_RATIO":0.742008900169},{"SECUCODE":"09922.HK","SECURITY_CODE":"09922","SECURITY_NAME_ABBR":"九毛九","ORG_CODE":"10000050067","STD_REPORT_DATE":"2022-12-31 00:00:00","REPORT_DATE":"2022-12-31 00:00:00","DATE_TYPE_CODE":"001","REPORT_TYPE":"2022年年报","PER_NETCASH_OPERATE":0.470520084381,"PER_OI":2.754565169689,"BPS":2.271183071788,"BASIC_EPS":0.03,"DILUTED_EPS":0.03,"OPERATE_INCOME":4005722000,"OPERATE_INCOME_YOY":-4.1625435677,"GROSS_PROFIT":2558590000,"GROSS_PROFIT_YOY":-3.169465829126,"HOLDER_PROFIT":49280000,"HOLDER_PROFIT_YOY":-85.5031535348,"GROSS_PROFIT_RATIO":63.873379131153,"EPS_TTM":0.033887766441,"OPERATE_INCOME_QOQ":-1.269779455985,"NET_PROFIT_RATIO":1.3882640882,"ROE_AVG":1.575232033469,"GROSS_PROFIT_QOQ":1.536426027651,"ROA":0.934912059834,"HOLDER_PROFIT_QOQ":-76.710554920179,"ROE_YEARLY":1.575232033469,"ROIC_YEARLY":1.532039856042,"TOTAL_ASSETS":5407072000,"TOTAL_LIABILITIES":2207940000,"TAX_EBT":41.048011788277,"OCF_SALES":17.081464964369,"TOTAL_PARENT_EQUITY":3174282000,"DEBT_ASSET_RATIO":40.8342999686,"OPERATE_PROFIT":178705000,"PRETAX_PROFIT":94331000,"NETCASH_OPERATE":684236000,"NETCASH_INVEST":-587693000,"NETCASH_FINANCE":-480849000,"END_CASH":1098872000,"DIVI_RATIO":4.011270563906,"DIVIDEND_RATE":4.076086956522,"CURRENT_RATIO":2.707167226203,"COMMON_ACS":500000000000,"CURRENTDEBT_DEBT":43.251084721505,"ISSUED_COMMON_SHARES":1397633700,"HK_COMMON_SHARES":1397633700,"PER_SHARES":1000,"TOTAL_MARKET_CAP":5143292016,"HKSK_MARKET_CAP":5143292016,"PE_TTM":15.190784862087,"PB_TTM":1.485903374132,"REPORT_DATE_SQ":"2021-12-31 00:00:00","REPORT_TYPE_SQ":"2021年年报","OPERATE_INCOME_SQ":4179704000,"DPS_HKD":0.15,"OPERATE_INCOME_QOQ_SQ":10.375387397513,"NET_PROFIT_RATIO_SQ":8.9038123274,"HOLDER_PROFIT_SQ":339936000,"HOLDER_PROFIT_QOQ_SQ":-14.158226074045,"ROE_AVG_SQ":11.147034273254,"PE_TTM_SQ":38.817024825106,"PB_TTM_SQ":2.352150279897,"ROA_SQ":6.83869421932,"START_DATE":"2022-01-01 00:00:00","FISCAL_YEAR":"12-31","CURRENCY":"HKD","IS_CNY_CODE":0,"DPS_HKD_LY":0.06,"ORG_TYPE":"一般企业","PREMIUM_INCOME":null,"PREMIUM_INCOME_YOY":null,"NET_INTEREST_INCOME":null,"NET_INTEREST_INCOME_YOY":null,"FEE_COMMISSION_INCOME":null,"FEE_COMMISSION_INCOME_YOY":null,"ACCOUNTS_RECE_TDAYS":8.76128755684,"INVENTORY_TDAYS":15.325810568232,"CURRENT_ASSETS_TDAYS":1.55723457775,"TOTAL_ASSETS_TDAYS":0.759942736636,"PREMIUM_EXPENSE":null,"LOAN_DEPOSIT":null,"LOAN_EQUITY":null,"LOAN_ASSETS":null,"DEPOSIT_EQUITY":null,"DEPOSIT_ASSETS":null,"EQUITY_MULTIPLIER":1.690168458193,"EQUITY_RATIO":0.695571470966},{"SECUCODE":"09922.HK","SECURITY_CODE":"09922","SECURITY_NAME_ABBR":"九毛九","ORG_CODE":"10000050067","STD_REPORT_DATE":"2022-06-30 00:00:00","REPORT_DATE":"2022-06-30 00:00:00","DATE_TYPE_CODE":"002","REPORT_TYPE":"2022年中报","PER_NETCASH_OPERATE":0.241514081506,"PER_OI":1.30617262569,"BPS":2.172034775635,"BASIC_EPS":0.04,"DILUTED_EPS":0.04,"OPERATE_INCOME":1899021000,"OPERATE_INCOME_YOY":-6.058120639,"GROSS_PROFIT":1899021000,"GROSS_PROFIT_YOY":-6.058120639035,"HOLDER_PROFIT":57700000,"HOLDER_PROFIT_YOY":-68.984831056,"GROSS_PROFIT_RATIO":null,"EPS_TTM":0.145539999426,"OPERATE_INCOME_QOQ":-2.929968246555,"NET_PROFIT_RATIO":3.2913274787,"ROE_AVG":1.886150084918,"GROSS_PROFIT_QOQ":-4.634683375102,"ROA":1.135560540826,"HOLDER_PROFIT_QOQ":-37.753577143933,"ROE_YEARLY":3.772300169835,"ROIC_YEARLY":3.885875146899,"TOTAL_ASSETS":5027286000,"TOTAL_LIABILITIES":1968254000,"TAX_EBT":34.554573630424,"OCF_SALES":18.490211535312,"TOTAL_PARENT_EQUITY":3035709000,"DEBT_ASSET_RATIO":39.1514228552,"OPERATE_PROFIT":136883000,"PRETAX_PROFIT":95504000,"NETCASH_OPERATE":351133000,"NETCASH_INVEST":326999000,"NETCASH_FINANCE":-263945000,"END_CASH":1845171000,"DIVI_RATIO":0.933990659171,"DIVIDEND_RATE":4.076086956522,"CURRENT_RATIO":3.049886325974,"COMMON_ACS":500000000000,"CURRENTDEBT_DEBT":43.689229134045,"ISSUED_COMMON_SHARES":1397633700,"HK_COMMON_SHARES":1397633700,"PER_SHARES":1000,"TOTAL_MARKET_CAP":5143292016,"HKSK_MARKET_CAP":5143292016,"PE_TTM":15.190784862087,"PB_TTM":1.485903374132,"REPORT_DATE_SQ":"2021-06-30 00:00:00","REPORT_TYPE_SQ":"2021年中报","OPERATE_INCOME_SQ":2021485000,"DPS_HKD":0.15,"OPERATE_INCOME_QOQ_SQ":39.486008332013,"NET_PROFIT_RATIO_SQ":10.1488757028,"HOLDER_PROFIT_SQ":186038000,"HOLDER_PROFIT_QOQ_SQ":219.19508636741,"ROE_AVG_SQ":5.916299239354,"PE_TTM_SQ":38.817024825106,"PB_TTM_SQ":2.352150279897,"ROA_SQ":3.713629460074,"START_DATE":"2022-01-01 00:00:00","FISCAL_YEAR":"12-31","CURRENCY":"HKD","IS_CNY_CODE":0,"DPS_HKD_LY":0.06,"ORG_TYPE":"一般企业","PREMIUM_INCOME":null,"PREMIUM_INCOME_YOY":null,"NET_INTEREST_INCOME":null,"NET_INTEREST_INCOME_YOY":null,"FEE_COMMISSION_INCOME":null,"FEE_COMMISSION_INCOME_YOY":null,"ACCOUNTS_RECE_TDAYS":4.285930949654,"INVENTORY_TDAYS":null,"CURRENT_ASSETS_TDAYS":0.73291943205,"TOTAL_ASSETS_TDAYS":0.373735409671,"PREMIUM_EXPENSE":null,"LOAN_DEPOSIT":null,"LOAN_EQUITY":null,"LOAN_ASSETS":null,"DEPOSIT_EQUITY":null,"DEPOSIT_ASSETS":null,"EQUITY_MULTIPLIER":1.643423802039,"EQUITY_RATIO":0.648367152451},{"SECUCODE":"09922.HK","SECURITY_CODE":"09922","SECURITY_NAME_ABBR":"九毛九","ORG_CODE":"10000050067","STD_REPORT_DATE":"2021-12-31 00:00:00","REPORT_DATE":"2021-12-31 00:00:00","DATE_TYPE_CODE":"001","REPORT_TYPE":"2021年年报","PER_NETCASH_OPERATE":0.589082227314,"PER_OI":2.875791414673,"BPS":2.205566451353,"BASIC_EPS":0.23,"DILUTED_EPS":0.23,"OPERATE_INCOME":4179704000,"OPERATE_INCOME_YOY":53.9582220618,"GROSS_PROFIT":2642338000,"GROSS_PROFIT_YOY":58.314270547367,"HOLDER_PROFIT":339936000,"HOLDER_PROFIT_YOY":174.0027244223,"GROSS_PROFIT_RATIO":63.218304454095,"EPS_TTM":0.233888579272,"OPERATE_INCOME_QOQ":10.375387397513,"NET_PROFIT_RATIO":8.9038123274,"ROE_AVG":11.147034273254,"GROSS_PROFIT_QOQ":-3.600333306093,"ROA":6.83869421932,"HOLDER_PROFIT_QOQ":-14.158226074045,"ROE_YEARLY":11.147034273254,"ROIC_YEARLY":12.956030957785,"TOTAL_ASSETS":5135096000,"TOTAL_LIABILITIES":1997500000,"TAX_EBT":26.44034629981,"OCF_SALES":20.484177826947,"TOTAL_PARENT_EQUITY":3082574000,"DEBT_ASSET_RATIO":38.8989806617,"OPERATE_PROFIT":580243000,"PRETAX_PROFIT":505920000,"NETCASH_OPERATE":856178000,"NETCASH_INVEST":-490433000,"NETCASH_FINANCE":-788592000,"END_CASH":1342090000,"DIVI_RATIO":0.58118699264,"DIVIDEND_RATE":4.076086956522,"CURRENT_RATIO":3.181214226675,"COMMON_ACS":500000000000,"CURRENTDEBT_DEBT":40.277596996245,"ISSUED_COMMON_SHARES":1397633700,"HK_COMMON_SHARES":1397633700,"PER_SHARES":1000,"TOTAL_MARKET_CAP":5143292016,"HKSK_MARKET_CAP":5143292016,"PE_TTM":15.190784862087,"PB_TTM":1.485903374132,"REPORT_DATE_SQ":"2020-12-31 00:00:00","REPORT_TYPE_SQ":"2020年年报","OPERATE_INCOME_SQ":2714830000,"DPS_HKD":0.15,"OPERATE_INCOME_QOQ_SQ":13.134132559,"NET_PROFIT_RATIO_SQ":5.083412221,"HOLDER_PROFIT_SQ":124063000,"HOLDER_PROFIT_QOQ_SQ":983.010676156584,"ROE_AVG_SQ":7.877908702669,"PE_TTM_SQ":38.817024825106,"PB_TTM_SQ":2.352150279897,"ROA_SQ":3.840482961713,"START_DATE":"2021-01-01 00:00:00","FISCAL_YEAR":"12-31","CURRENCY":"HKD","IS_CNY_CODE":0,"DPS_HKD_LY":0.02,"ORG_TYPE":"一般企业","PREMIUM_INCOME":null,"PREMIUM_INCOME_YOY":null,"NET_INTEREST_INCOME":null,"NET_INTEREST_INCOME_YOY":null,"FEE_COMMISSION_INCOME":null,"FEE_COMMISSION_INCOME_YOY":null,"ACCOUNTS_RECE_TDAYS":11.904054500507,"INVENTORY_TDAYS":25.234989002331,"CURRENT_ASSETS_TDAYS":1.542001866766,"TOTAL_ASSETS_TDAYS":0.840855854728,"PREMIUM_EXPENSE":null,"LOAN_DEPOSIT":null,"LOAN_EQUITY":null,"LOAN_ASSETS":null,"DEPOSIT_EQUITY":null,"DEPOSIT_ASSETS":null,"EQUITY_MULTIPLIER":1.636633906978,"EQUITY_RATIO":0.647997420338},{"SECUCODE":"09922.HK","SECURITY_CODE":"09922","SECURITY_NAME_ABBR":"九毛九","ORG_CODE":"10000050067","STD_REPORT_DATE":"2021-06-30 00:00:00","REPORT_DATE":"2021-06-30 00:00:00","DATE_TYPE_CODE":"002","REPORT_TYPE":"2021年中报","PER_NETCASH_OPERATE":0.259837210422,"PER_OI":1.390856674992,"BPS":2.341417497303,"BASIC_EPS":0.13,"DILUTED_EPS":0.13,"OPERATE_INCOME":2021485000,"OPERATE_INCOME_YOY":112.8983777897,"GROSS_PROFIT":2021485000,"GROSS_PROFIT_YOY":112.898377789737,"HOLDER_PROFIT":186038000,"HOLDER_PROFIT_YOY":316.5700449349,"GROSS_PROFIT_RATIO":null,"EPS_TTM":0.2724647553,"OPERATE_INCOME_QOQ":39.486008332013,"NET_PROFIT_RATIO":10.1488757028,"ROE_AVG":5.916299239354,"GROSS_PROFIT_QOQ":64.226989549719,"ROA":3.713629460074,"HOLDER_PROFIT_QOQ":219.19508636741,"ROE_YEARLY":11.832598478709,"ROIC_YEARLY":14.679717110194,"TOTAL_ASSETS":5212750000,"TOTAL_LIABILITIES":1884839000,"TAX_EBT":25.870173980597,"OCF_SALES":18.681810649102,"TOTAL_PARENT_EQUITY":3272444000,"DEBT_ASSET_RATIO":36.1582466069,"OPERATE_PROFIT":312006000,"PRETAX_PROFIT":276755000,"NETCASH_OPERATE":377144000,"NETCASH_INVEST":421302000,"NETCASH_FINANCE":-283607000,"END_CASH":2333419000,"DIVI_RATIO":0.498901224309,"DIVIDEND_RATE":4.076086956522,"CURRENT_RATIO":3.704694894046,"COMMON_ACS":500000000000,"CURRENTDEBT_DEBT":39.262663813726,"ISSUED_COMMON_SHARES":1397633700,"HK_COMMON_SHARES":1397633700,"PER_SHARES":1000,"TOTAL_MARKET_CAP":5143292016,"HKSK_MARKET_CAP":5143292016,"PE_TTM":15.190784862087,"PB_TTM":1.485903374132,"REPORT_DATE_SQ":"2020-06-30 00:00:00","REPORT_TYPE_SQ":"2020年中报","OPERATE_INCOME_SQ":949507000,"DPS_HKD":0.15,"OPERATE_INCOME_QOQ_SQ":-10.703397143662,"NET_PROFIT_RATIO_SQ":-9.3412686794,"HOLDER_PROFIT_SQ":-85902000,"HOLDER_PROFIT_QOQ_SQ":-108.5455009914,"ROE_AVG_SQ":-7.203059929489,"PE_TTM_SQ":38.817024825106,"PB_TTM_SQ":2.352150279897,"ROA_SQ":-3.218408719399,"START_DATE":"2021-01-01 00:00:00","FISCAL_YEAR":"12-31","CURRENCY":"HKD","IS_CNY_CODE":0,"DPS_HKD_LY":0.02,"ORG_TYPE":"一般企业","PREMIUM_INCOME":null,"PREMIUM_INCOME_YOY":null,"NET_INTEREST_INCOME":null,"NET_INTEREST_INCOME_YOY":null,"FEE_COMMISSION_INCOME":null,"FEE_COMMISSION_INCOME_YOY":null,"ACCOUNTS_RECE_TDAYS":6.340083803263,"INVENTORY_TDAYS":null,"CURRENT_ASSETS_TDAYS":0.721530519825,"TOTAL_ASSETS_TDAYS":0.403522197029,"PREMIUM_EXPENSE":null,"LOAN_DEPOSIT":null,"LOAN_EQUITY":null,"LOAN_ASSETS":null,"DEPOSIT_EQUITY":null,"DEPOSIT_ASSETS":null,"EQUITY_MULTIPLIER":1.566373018991,"EQUITY_RATIO":0.575972881431},{"SECUCODE":"09922.HK","SECURITY_CODE":"09922","SECURITY_NAME_ABBR":"九毛九","ORG_CODE":"10000050067","STD_REPORT_DATE":"2020-12-31 00:00:00","REPORT_DATE":"2020-12-31 00:00:00","DATE_TYPE_CODE":"001","REPORT_TYPE":"2020年年报","PER_NETCASH_OPERATE":0.375721234889,"PER_OI":1.867903757371,"BPS":2.158330183366,"BASIC_EPS":0.09,"DILUTED_EPS":0.09,"OPERATE_INCOME":2714830000,"OPERATE_INCOME_YOY":1.0249370462,"GROSS_PROFIT":1669046000,"GROSS_PROFIT_YOY":-1.934637035958,"HOLDER_PROFIT":124063000,"HOLDER_PROFIT_YOY":-24.5423139149,"GROSS_PROFIT_RATIO":61.478840295709,"EPS_TTM":0.085359946608,"OPERATE_INCOME_QOQ":13.134132559,"NET_PROFIT_RATIO":5.083412221,"ROE_AVG":7.877908702669,"GROSS_PROFIT_QOQ":12.985455131321,"ROA":3.840482961713,"HOLDER_PROFIT_QOQ":983.010676156584,"ROE_YEARLY":7.877908702669,"ROIC_YEARLY":6.643298414825,"TOTAL_ASSETS":4806451000,"TOTAL_LIABILITIES":1746049000,"TAX_EBT":21.857447001268,"OCF_SALES":20.1145928106,"TOTAL_PARENT_EQUITY":3016555000,"DEBT_ASSET_RATIO":36.3271985921,"OPERATE_PROFIT":215819000,"PRETAX_PROFIT":176608000,"NETCASH_OPERATE":570953000,"NETCASH_INVEST":-1084031000,"NETCASH_FINANCE":2365489000,"END_CASH":1843903000,"DIVI_RATIO":1.592468193821,"DIVIDEND_RATE":4.076086956522,"CURRENT_RATIO":3.820988190054,"COMMON_ACS":500000000000,"CURRENTDEBT_DEBT":42.89369885954,"ISSUED_COMMON_SHARES":1397633700,"HK_COMMON_SHARES":1397633700,"PER_SHARES":1000,"TOTAL_MARKET_CAP":5143292016,"HKSK_MARKET_CAP":5143292016,"PE_TTM":15.190784862087,"PB_TTM":1.485903374132,"REPORT_DATE_SQ":"2019-12-31 00:00:00","REPORT_TYPE_SQ":"2019年年报","OPERATE_INCOME_SQ":2687287000,"DPS_HKD":0.15,"OPERATE_INCOME_QOQ_SQ":19.145427911192,"NET_PROFIT_RATIO_SQ":6.9129199821,"HOLDER_PROFIT_SQ":164414000,"HOLDER_PROFIT_QOQ_SQ":48.046030831292,"ROE_AVG_SQ":101.366231396195,"PE_TTM_SQ":38.817024825106,"PB_TTM_SQ":2.352150279897,"ROA_SQ":11.573071670914,"START_DATE":"2020-01-01 00:00:00","FISCAL_YEAR":"12-31","CURRENCY":"HKD","IS_CNY_CODE":0,"DPS_HKD_LY":null,"ORG_TYPE":"一般企业","PREMIUM_INCOME":null,"PREMIUM_INCOME_YOY":null,"NET_INTEREST_INCOME":null,"NET_INTEREST_INCOME_YOY":null,"FEE_COMMISSION_INCOME":null,"FEE_COMMISSION_INCOME_YOY":null,"ACCOUNTS_RECE_TDAYS":12.080757019181,"INVENTORY_TDAYS":16.600009523961,"CURRENT_ASSETS_TDAYS":1.673259454662,"TOTAL_ASSETS_TDAYS":0.840400309435,"PREMIUM_EXPENSE":null,"LOAN_DEPOSIT":null,"LOAN_EQUITY":null,"LOAN_ASSETS":null,"DEPOSIT_EQUITY":null,"DEPOSIT_ASSETS":null,"EQUITY_MULTIPLIER":1.570529296479,"EQUITY_RATIO":0.578822199496},{"SECUCODE":"09922.HK","SECURITY_CODE":"09922","SECURITY_NAME_ABBR":"九毛九","ORG_CODE":"10000050067","STD_REPORT_DATE":"2020-06-30 00:00:00","REPORT_DATE":"2020-06-30 00:00:00","DATE_TYPE_CODE":"002","REPORT_TYPE":"2020年中报","PER_NETCASH_OPERATE":0.124396961132,"PER_OI":0.686352563593,"BPS":1.611341369344,"BASIC_EPS":-0.06,"DILUTED_EPS":-0.06,"OPERATE_INCOME":949507000,"OPERATE_INCOME_YOY":-23.2497102183,"GROSS_PROFIT":949507000,"GROSS_PROFIT_YOY":18.372320903189,"HOLDER_PROFIT":-85902000,"HOLDER_PROFIT_YOY":-192.8048227134,"GROSS_PROFIT_RATIO":60.808925052685,"EPS_TTM":-0.01015606364,"OPERATE_INCOME_QOQ":-10.703397143662,"NET_PROFIT_RATIO":-9.3412686794,"ROE_AVG":-7.203059929489,"GROSS_PROFIT_QOQ":-13.20532111849,"ROA":-3.218408719399,"HOLDER_PROFIT_QOQ":-108.5455009914,"ROE_YEARLY":-14.406119858978,"ROIC_YEARLY":-11.216333421578,"TOTAL_ASSETS":3683815000,"TOTAL_LIABILITIES":1405654000,"TAX_EBT":31.167641900387,"OCF_SALES":18.124352953691,"TOTAL_PARENT_EQUITY":2252065000,"DEBT_ASSET_RATIO":38.1575622011,"OPERATE_PROFIT":-123891000,"PRETAX_PROFIT":-128858000,"NETCASH_OPERATE":172092000,"NETCASH_INVEST":-989706000,"NETCASH_FINANCE":1804455000,"END_CASH":1170411000,"DIVI_RATIO":-13.384417902491,"DIVIDEND_RATE":4.076086956522,"CURRENT_RATIO":3.363022284224,"COMMON_ACS":500000000000,"CURRENTDEBT_DEBT":48.751897693173,"ISSUED_COMMON_SHARES":1397633700,"HK_COMMON_SHARES":1397633700,"PER_SHARES":1000,"TOTAL_MARKET_CAP":5143292016,"HKSK_MARKET_CAP":5143292016,"PE_TTM":15.190784862087,"PB_TTM":1.485903374132,"REPORT_DATE_SQ":"2019-06-30 00:00:00","REPORT_TYPE_SQ":"2019年中报","OPERATE_INCOME_SQ":1237138000,"DPS_HKD":0.15,"OPERATE_INCOME_QOQ_SQ":19.159075263852,"NET_PROFIT_RATIO_SQ":8.247826839,"HOLDER_PROFIT_SQ":92562000,"HOLDER_PROFIT_QOQ_SQ":59.453250631748,"ROE_AVG_SQ":61.78358191521,"PE_TTM_SQ":38.817024825106,"PB_TTM_SQ":2.352150279897,"ROA_SQ":7.161173599391,"START_DATE":"2020-01-01 00:00:00","FISCAL_YEAR":"12-31","CURRENCY":"HKD","IS_CNY_CODE":0,"DPS_HKD_LY":null,"ORG_TYPE":"一般企业","PREMIUM_INCOME":null,"PREMIUM_INCOME_YOY":null,"NET_INTEREST_INCOME":null,"NET_INTEREST_INCOME_YOY":null,"FEE_COMMISSION_INCOME":null,"FEE_COMMISSION_INCOME_YOY":null,"ACCOUNTS_RECE_TDAYS":5.762078580943,"INVENTORY_TDAYS":6.086590990873,"CURRENT_ASSETS_TDAYS":0.706512066051,"TOTAL_ASSETS_TDAYS":0.355742777576,"PREMIUM_EXPENSE":null,"LOAN_DEPOSIT":null,"LOAN_EQUITY":null,"LOAN_ASSETS":null,"DEPOSIT_EQUITY":null,"DEPOSIT_ASSETS":null,"EQUITY_MULTIPLIER":1.617012581638,"EQUITY_RATIO":0.624162268851}],"count":15},"success":true,"message":"ok","code":0}