{"version":"f9f862ef97933765ea4972a9dde7c67c","result":{"pages":2,"data":[{"SECUCODE":"09928.HK","SECURITY_CODE":"09928","SECURITY_NAME_ABBR":"时代邻里","ORG_CODE":"10000052946","STD_REPORT_DATE":"2024-06-30 00:00:00","REPORT_DATE":"2024-06-30 00:00:00","DATE_TYPE_CODE":"002","REPORT_TYPE":"2024年中报","PER_NETCASH_OPERATE":0.053718640554,"PER_OI":1.16819198208,"BPS":1.388246762594,"BASIC_EPS":0.04,"DILUTED_EPS":0.04,"OPERATE_INCOME":1151455000,"OPERATE_INCOME_YOY":-5.7540949257,"GROSS_PROFIT":250996000,"GROSS_PROFIT_YOY":-12.719508717756,"HOLDER_PROFIT":40743000,"HOLDER_PROFIT_YOY":116.7233785797,"GROSS_PROFIT_RATIO":21.798159719659,"EPS_TTM":0.083809763688,"OPERATE_INCOME_QOQ":-2.844691367516,"NET_PROFIT_RATIO":3.6782158226,"ROE_AVG":2.996522700996,"GROSS_PROFIT_QOQ":-7.092814690569,"ROA":1.570558929786,"HOLDER_PROFIT_QOQ":140.943582321833,"ROE_YEARLY":5.993045401993,"ROIC_YEARLY":5.292682015917,"TOTAL_ASSETS":2583561000,"TOTAL_LIABILITIES":1101135000,"TAX_EBT":25.719948086569,"OCF_SALES":4.598442839712,"TOTAL_PARENT_EQUITY":1368357000,"DEBT_ASSET_RATIO":42.6208245131,"OPERATE_PROFIT":57094000,"PRETAX_PROFIT":57018000,"NETCASH_OPERATE":52949000,"NETCASH_INVEST":-255731000,"NETCASH_FINANCE":-3325000,"END_CASH":714136000,"DIVI_RATIO":0.281133354434,"DIVIDEND_RATE":5.909090909091,"CURRENT_RATIO":1.884298204126,"COMMON_ACS":2000000000,"CURRENTDEBT_DEBT":97.734519382274,"ISSUED_COMMON_SHARES":985672747,"HK_COMMON_SHARES":985672747,"PER_SHARES":1000,"TOTAL_MARKET_CAP":433696008.68,"HKSK_MARKET_CAP":433696008.68,"PE_TTM":5.028704638171,"PB_TTM":0.289270762821,"REPORT_DATE_SQ":"2023-06-30 00:00:00","REPORT_TYPE_SQ":"2023年中报","OPERATE_INCOME_SQ":1221756000,"DPS_HKD":0.026,"OPERATE_INCOME_QOQ_SQ":-3.455968860057,"NET_PROFIT_RATIO_SQ":-19.8195875445,"HOLDER_PROFIT_SQ":-243629000,"HOLDER_PROFIT_QOQ_SQ":-128.659298684155,"ROE_AVG_SQ":-16.93402701754,"PE_TTM_SQ":-0.858049828409,"PB_TTM_SQ":0.326684362384,"ROA_SQ":-8.972155012724,"START_DATE":"2024-01-01 00:00:00","FISCAL_YEAR":"12-31","CURRENCY":"HKD","IS_CNY_CODE":0,"DPS_HKD_LY":0.026,"ORG_TYPE":"一般企业","PREMIUM_INCOME":null,"PREMIUM_INCOME_YOY":null,"NET_INTEREST_INCOME":null,"NET_INTEREST_INCOME_YOY":null,"FEE_COMMISSION_INCOME":null,"FEE_COMMISSION_INCOME_YOY":null,"ACCOUNTS_RECE_TDAYS":1.3927023897,"INVENTORY_TDAYS":341.276861853326,"CURRENT_ASSETS_TDAYS":0.566805555453,"TOTAL_ASSETS_TDAYS":0.443862241979,"PREMIUM_EXPENSE":null,"LOAN_DEPOSIT":null,"LOAN_EQUITY":null,"LOAN_ASSETS":null,"DEPOSIT_EQUITY":null,"DEPOSIT_ASSETS":null,"EQUITY_MULTIPLIER":1.742792557604,"EQUITY_RATIO":0.804713243693},{"SECUCODE":"09928.HK","SECURITY_CODE":"09928","SECURITY_NAME_ABBR":"时代邻里","ORG_CODE":"10000052946","STD_REPORT_DATE":"2023-12-31 00:00:00","REPORT_DATE":"2023-12-31 00:00:00","DATE_TYPE_CODE":"001","REPORT_TYPE":"2023年年报","PER_NETCASH_OPERATE":0.140269679182,"PER_OI":2.507226670841,"BPS":1.370632397124,"BASIC_EPS":-0.21,"DILUTED_EPS":-0.21,"OPERATE_INCOME":2471305000,"OPERATE_INCOME_YOY":-5.1701776103,"GROSS_PROFIT":515705000,"GROSS_PROFIT_YOY":-7.229615718105,"HOLDER_PROFIT":-201763000,"HOLDER_PROFIT_YOY":5.5536051155,"GROSS_PROFIT_RATIO":20.867719686562,"EPS_TTM":-0.204695727476,"OPERATE_INCOME_QOQ":-1.775571964461,"NET_PROFIT_RATIO":-8.2737662895,"ROE_AVG":-13.814941017255,"GROSS_PROFIT_QOQ":-5.535212841371,"ROA":-7.29220014363,"HOLDER_PROFIT_QOQ":58.695580967823,"ROE_YEARLY":-13.814941017255,"ROIC_YEARLY":-11.295911703294,"TOTAL_ASSETS":2604783000,"TOTAL_LIABILITIES":1141584000,"TAX_EBT":-16.148419127254,"OCF_SALES":5.594614990865,"TOTAL_PARENT_EQUITY":1350995000,"DEBT_ASSET_RATIO":43.8264531057,"OPERATE_PROFIT":-177174000,"PRETAX_PROFIT":-176042000,"NETCASH_OPERATE":138260000,"NETCASH_INVEST":4322000,"NETCASH_FINANCE":-33752000,"END_CASH":919312000,"DIVI_RATIO":-0.115106066407,"DIVIDEND_RATE":5.842696629213,"CURRENT_RATIO":1.830720377101,"COMMON_ACS":2000000000,"CURRENTDEBT_DEBT":97.37697795344,"ISSUED_COMMON_SHARES":985672747,"HK_COMMON_SHARES":985672747,"PER_SHARES":1000,"TOTAL_MARKET_CAP":438624372.415,"HKSK_MARKET_CAP":438624372.415,"PE_TTM":5.085849009059,"PB_TTM":0.292557930581,"REPORT_DATE_SQ":"2022-12-31 00:00:00","REPORT_TYPE_SQ":"2022年年报","OPERATE_INCOME_SQ":2606042000,"DPS_HKD":0.026,"OPERATE_INCOME_QOQ_SQ":-9.178978652873,"NET_PROFIT_RATIO_SQ":-7.6589325882,"HOLDER_PROFIT_SQ":-213627000,"HOLDER_PROFIT_QOQ_SQ":-214.777941350297,"ROE_AVG_SQ":-12.585783573681,"PE_TTM_SQ":-0.8854343974,"PB_TTM_SQ":0.337110459056,"ROA_SQ":-6.893842118052,"START_DATE":"2023-01-01 00:00:00","FISCAL_YEAR":"12-31","CURRENCY":"HKD","IS_CNY_CODE":0,"DPS_HKD_LY":0.024,"ORG_TYPE":"一般企业","PREMIUM_INCOME":null,"PREMIUM_INCOME_YOY":null,"NET_INTEREST_INCOME":null,"NET_INTEREST_INCOME_YOY":null,"FEE_COMMISSION_INCOME":null,"FEE_COMMISSION_INCOME_YOY":null,"ACCOUNTS_RECE_TDAYS":3.043445331271,"INVENTORY_TDAYS":602.464571780653,"CURRENT_ASSETS_TDAYS":1.246266327175,"TOTAL_ASSETS_TDAYS":0.893189072127,"PREMIUM_EXPENSE":null,"LOAN_DEPOSIT":null,"LOAN_EQUITY":null,"LOAN_ASSETS":null,"DEPOSIT_EQUITY":null,"DEPOSIT_ASSETS":null,"EQUITY_MULTIPLIER":1.780197362082,"EQUITY_RATIO":0.844994985178},{"SECUCODE":"09928.HK","SECURITY_CODE":"09928","SECURITY_NAME_ABBR":"时代邻里","ORG_CODE":"10000052946","STD_REPORT_DATE":"2023-06-30 00:00:00","REPORT_DATE":"2023-06-30 00:00:00","DATE_TYPE_CODE":"002","REPORT_TYPE":"2023年中报","PER_NETCASH_OPERATE":0.008099036951,"PER_OI":1.239514842749,"BPS":1.326450390334,"BASIC_EPS":-0.25,"DILUTED_EPS":-0.25,"OPERATE_INCOME":1221756000,"OPERATE_INCOME_YOY":-6.8655760699,"GROSS_PROFIT":287574000,"GROSS_PROFIT_YOY":-3.35108975113,"HOLDER_PROFIT":-243629000,"HOLDER_PROFIT_YOY":-880.3119595157,"GROSS_PROFIT_RATIO":23.537760403878,"EPS_TTM":-0.495578275332,"OPERATE_INCOME_QOQ":-3.455968860057,"NET_PROFIT_RATIO":-19.8195875445,"ROE_AVG":-16.93402701754,"GROSS_PROFIT_QOQ":-1.793687285706,"ROA":-8.972155012724,"HOLDER_PROFIT_QOQ":-128.659298684155,"ROE_YEARLY":-33.86805403508,"ROIC_YEARLY":-27.297986312855,"TOTAL_ASSETS":2501897000,"TOTAL_LIABILITIES":1077299000,"TAX_EBT":-8.146722285245,"OCF_SALES":0.6534037893,"TOTAL_PARENT_EQUITY":1307446000,"DEBT_ASSET_RATIO":43.0592866133,"OPERATE_PROFIT":-224082000,"PRETAX_PROFIT":-223906000,"NETCASH_OPERATE":7983000,"NETCASH_INVEST":1349000,"NETCASH_FINANCE":-7683000,"END_CASH":813306000,"DIVI_RATIO":-0.047543892,"DIVIDEND_RATE":5.842696629213,"CURRENT_RATIO":1.910643934798,"COMMON_ACS":2000000000,"CURRENTDEBT_DEBT":91.796242268859,"ISSUED_COMMON_SHARES":985672747,"HK_COMMON_SHARES":985672747,"PER_SHARES":1000,"TOTAL_MARKET_CAP":438624372.415,"HKSK_MARKET_CAP":438624372.415,"PE_TTM":5.085849009059,"PB_TTM":0.292557930581,"REPORT_DATE_SQ":"2022-06-30 00:00:00","REPORT_TYPE_SQ":"2022年中报","OPERATE_INCOME_SQ":1311820000,"DPS_HKD":0.026,"OPERATE_INCOME_QOQ_SQ":5.503416310414,"NET_PROFIT_RATIO_SQ":3.7488374929,"HOLDER_PROFIT_SQ":31222000,"HOLDER_PROFIT_QOQ_SQ":-39.570779220779,"ROE_AVG_SQ":1.715906983135,"PE_TTM_SQ":-0.8854343974,"PB_TTM_SQ":0.337110459056,"ROA_SQ":0.951497896066,"START_DATE":"2023-01-01 00:00:00","FISCAL_YEAR":"12-31","CURRENCY":"HKD","IS_CNY_CODE":0,"DPS_HKD_LY":0.024,"ORG_TYPE":"一般企业","PREMIUM_INCOME":null,"PREMIUM_INCOME_YOY":null,"NET_INTEREST_INCOME":null,"NET_INTEREST_INCOME_YOY":null,"FEE_COMMISSION_INCOME":null,"FEE_COMMISSION_INCOME_YOY":null,"ACCOUNTS_RECE_TDAYS":1.521013979441,"INVENTORY_TDAYS":280.324681170293,"CURRENT_ASSETS_TDAYS":0.639611591323,"TOTAL_ASSETS_TDAYS":0.449937578027,"PREMIUM_EXPENSE":null,"LOAN_DEPOSIT":null,"LOAN_EQUITY":null,"LOAN_ASSETS":null,"DEPOSIT_EQUITY":null,"DEPOSIT_ASSETS":null,"EQUITY_MULTIPLIER":1.756212629808,"EQUITY_RATIO":0.823972079918},{"SECUCODE":"09928.HK","SECURITY_CODE":"09928","SECURITY_NAME_ABBR":"时代邻里","ORG_CODE":"10000052946","STD_REPORT_DATE":"2022-12-31 00:00:00","REPORT_DATE":"2022-12-31 00:00:00","DATE_TYPE_CODE":"001","REPORT_TYPE":"2022年年报","PER_NETCASH_OPERATE":0.074245737465,"PER_OI":2.643922141433,"BPS":1.59276393182,"BASIC_EPS":-0.22,"DILUTED_EPS":-0.22,"OPERATE_INCOME":2606042000,"OPERATE_INCOME_YOY":-4.1807197508,"GROSS_PROFIT":555894000,"GROSS_PROFIT_YOY":-25.087728755087,"HOLDER_PROFIT":-213627000,"HOLDER_PROFIT_YOY":-169.3594155844,"GROSS_PROFIT_RATIO":21.330968572264,"EPS_TTM":-0.216732176729,"OPERATE_INCOME_QOQ":-9.178978652873,"NET_PROFIT_RATIO":-7.6589325882,"ROE_AVG":-12.585783573681,"GROSS_PROFIT_QOQ":-19.426543870177,"ROA":-6.893842118052,"HOLDER_PROFIT_QOQ":-214.777941350297,"ROE_YEARLY":-12.585783573681,"ROIC_YEARLY":-9.834799926709,"TOTAL_ASSETS":2928883000,"TOTAL_LIABILITIES":1238895000,"TAX_EBT":19.63027389207,"OCF_SALES":2.808166560631,"TOTAL_PARENT_EQUITY":1569944000,"DEBT_ASSET_RATIO":42.2992314818,"OPERATE_PROFIT":-243385000,"PRETAX_PROFIT":-248346000,"NETCASH_OPERATE":73182000,"NETCASH_INVEST":-19415000,"NETCASH_FINANCE":-58669000,"END_CASH":810359000,"DIVI_RATIO":-0.108713530015,"DIVIDEND_RATE":5.842696629213,"CURRENT_RATIO":1.797447049361,"COMMON_ACS":2000000000,"CURRENTDEBT_DEBT":86.706944494893,"ISSUED_COMMON_SHARES":985672747,"HK_COMMON_SHARES":985672747,"PER_SHARES":1000,"TOTAL_MARKET_CAP":438624372.415,"HKSK_MARKET_CAP":438624372.415,"PE_TTM":5.085849009059,"PB_TTM":0.292557930581,"REPORT_DATE_SQ":"2021-12-31 00:00:00","REPORT_TYPE_SQ":"2021年年报","OPERATE_INCOME_SQ":2719747000,"DPS_HKD":0.026,"OPERATE_INCOME_QOQ_SQ":22.587550076264,"NET_PROFIT_RATIO_SQ":12.2855912701,"HOLDER_PROFIT_SQ":308000000,"HOLDER_PROFIT_QOQ_SQ":2.145045965271,"ROE_AVG_SQ":17.375978950243,"PE_TTM_SQ":-0.8854343974,"PB_TTM_SQ":0.337110459056,"ROA_SQ":10.409474243818,"START_DATE":"2022-01-01 00:00:00","FISCAL_YEAR":"12-31","CURRENCY":"HKD","IS_CNY_CODE":0,"DPS_HKD_LY":0.055,"ORG_TYPE":"一般企业","PREMIUM_INCOME":null,"PREMIUM_INCOME_YOY":null,"NET_INTEREST_INCOME":null,"NET_INTEREST_INCOME_YOY":null,"FEE_COMMISSION_INCOME":null,"FEE_COMMISSION_INCOME_YOY":null,"ACCOUNTS_RECE_TDAYS":2.685989123259,"INVENTORY_TDAYS":853.161880982106,"CURRENT_ASSETS_TDAYS":1.249472362941,"TOTAL_ASSETS_TDAYS":0.840981809463,"PREMIUM_EXPENSE":null,"LOAN_DEPOSIT":null,"LOAN_EQUITY":null,"LOAN_ASSETS":null,"DEPOSIT_EQUITY":null,"DEPOSIT_ASSETS":null,"EQUITY_MULTIPLIER":1.733079169794,"EQUITY_RATIO":0.789133242969},{"SECUCODE":"09928.HK","SECURITY_CODE":"09928","SECURITY_NAME_ABBR":"时代邻里","ORG_CODE":"10000052946","STD_REPORT_DATE":"2022-06-30 00:00:00","REPORT_DATE":"2022-06-30 00:00:00","DATE_TYPE_CODE":"002","REPORT_TYPE":"2022年中报","PER_NETCASH_OPERATE":-0.139619361922,"PER_OI":1.330887968641,"BPS":1.840706264348,"BASIC_EPS":0.03,"DILUTED_EPS":0.03,"OPERATE_INCOME":1311820000,"OPERATE_INCOME_YOY":12.8795903423,"GROSS_PROFIT":297545000,"GROSS_PROFIT_YOY":-14.910075697131,"HOLDER_PROFIT":31222000,"HOLDER_PROFIT_YOY":-79.6067929458,"GROSS_PROFIT_RATIO":22.681846594807,"EPS_TTM":0.188827377612,"OPERATE_INCOME_QOQ":5.503416310414,"NET_PROFIT_RATIO":3.7488374929,"ROE_AVG":1.715906983135,"GROSS_PROFIT_QOQ":-7.026116486537,"ROA":0.951497896066,"HOLDER_PROFIT_QOQ":-39.570779220779,"ROE_YEARLY":3.431813966269,"ROIC_YEARLY":2.568047458952,"TOTAL_ASSETS":3293970000,"TOTAL_LIABILITIES":1353585000,"TAX_EBT":19.096502484125,"OCF_SALES":-10.490692320593,"TOTAL_PARENT_EQUITY":1814334000,"DEBT_ASSET_RATIO":41.092815053,"OPERATE_PROFIT":67562000,"PRETAX_PROFIT":60786000,"NETCASH_OPERATE":-137619000,"NETCASH_INVEST":-21638000,"NETCASH_FINANCE":-6835000,"END_CASH":650597000,"DIVI_RATIO":0.12477915172,"DIVIDEND_RATE":5.777777777778,"CURRENT_RATIO":1.939490609109,"COMMON_ACS":2000000000,"CURRENTDEBT_DEBT":86.473771503083,"ISSUED_COMMON_SHARES":985672747,"HK_COMMON_SHARES":985672747,"PER_SHARES":1000,"TOTAL_MARKET_CAP":443552736.15,"HKSK_MARKET_CAP":443552736.15,"PE_TTM":5.142993379947,"PB_TTM":0.29584509834,"REPORT_DATE_SQ":"2021-06-30 00:00:00","REPORT_TYPE_SQ":"2021年中报","OPERATE_INCOME_SQ":1162141000,"DPS_HKD":0.026,"OPERATE_INCOME_QOQ_SQ":26.170492150086,"NET_PROFIT_RATIO_SQ":14.3493775712,"HOLDER_PROFIT_SQ":153100000,"HOLDER_PROFIT_QOQ_SQ":29.632081717583,"ROE_AVG_SQ":9.03049576596,"PE_TTM_SQ":-0.8854343974,"PB_TTM_SQ":0.337110459056,"ROA_SQ":5.449987024688,"START_DATE":"2022-01-01 00:00:00","FISCAL_YEAR":"12-31","CURRENCY":"HKD","IS_CNY_CODE":0,"DPS_HKD_LY":0.055,"ORG_TYPE":"一般企业","PREMIUM_INCOME":null,"PREMIUM_INCOME_YOY":null,"NET_INTEREST_INCOME":null,"NET_INTEREST_INCOME_YOY":null,"FEE_COMMISSION_INCOME":null,"FEE_COMMISSION_INCOME_YOY":null,"ACCOUNTS_RECE_TDAYS":1.07275582747,"INVENTORY_TDAYS":814.678714859438,"CURRENT_ASSETS_TDAYS":0.581640086531,"TOTAL_ASSETS_TDAYS":0.399780273531,"PREMIUM_EXPENSE":null,"LOAN_DEPOSIT":null,"LOAN_EQUITY":null,"LOAN_ASSETS":null,"DEPOSIT_EQUITY":null,"DEPOSIT_ASSETS":null,"EQUITY_MULTIPLIER":1.697585788388,"EQUITY_RATIO":0.746050616921},{"SECUCODE":"09928.HK","SECURITY_CODE":"09928","SECURITY_NAME_ABBR":"时代邻里","ORG_CODE":"10000052946","STD_REPORT_DATE":"2021-12-31 00:00:00","REPORT_DATE":"2021-12-31 00:00:00","DATE_TYPE_CODE":"001","REPORT_TYPE":"2021年年报","PER_NETCASH_OPERATE":0.055472772445,"PER_OI":2.759279901243,"BPS":1.851315262143,"BASIC_EPS":0.31,"DILUTED_EPS":0.31,"OPERATE_INCOME":2719747000,"OPERATE_INCOME_YOY":54.669315246,"GROSS_PROFIT":742060000,"GROSS_PROFIT_YOY":39.735014537292,"HOLDER_PROFIT":308000000,"HOLDER_PROFIT_YOY":32.4127494562,"GROSS_PROFIT_RATIO":27.284155474756,"EPS_TTM":0.31247693612,"OPERATE_INCOME_QOQ":22.587550076264,"NET_PROFIT_RATIO":12.2855912701,"ROE_AVG":17.375978950243,"GROSS_PROFIT_QOQ":8.865194122342,"ROA":10.409474243818,"HOLDER_PROFIT_QOQ":2.145045965271,"ROE_YEARLY":17.375978950243,"ROIC_YEARLY":15.771917588658,"TOTAL_ASSETS":3268735000,"TOTAL_LIABILITIES":1335366000,"TAX_EBT":24.708816948442,"OCF_SALES":2.010407585706,"TOTAL_PARENT_EQUITY":1824791000,"DEBT_ASSET_RATIO":40.8526846012,"OPERATE_PROFIT":441659000,"PRETAX_PROFIT":443793000,"NETCASH_OPERATE":54678000,"NETCASH_INVEST":-176396000,"NETCASH_FINANCE":-101916000,"END_CASH":814329000,"DIVI_RATIO":0.075403069079,"DIVIDEND_RATE":5.777777777778,"CURRENT_RATIO":1.943908854926,"COMMON_ACS":2000000000,"CURRENTDEBT_DEBT":86.315212458607,"ISSUED_COMMON_SHARES":985672747,"HK_COMMON_SHARES":985672747,"PER_SHARES":1000,"TOTAL_MARKET_CAP":443552736.15,"HKSK_MARKET_CAP":443552736.15,"PE_TTM":5.142993379947,"PB_TTM":0.29584509834,"REPORT_DATE_SQ":"2020-12-31 00:00:00","REPORT_TYPE_SQ":"2020年年报","OPERATE_INCOME_SQ":1758427000,"DPS_HKD":0.026,"OPERATE_INCOME_QOQ_SQ":32.454160747348,"NET_PROFIT_RATIO_SQ":13.4707895181,"HOLDER_PROFIT_SQ":232606000,"HOLDER_PROFIT_QOQ_SQ":68.222284900161,"ROE_AVG_SQ":17.781124286929,"PE_TTM_SQ":-0.8854343974,"PB_TTM_SQ":0.337110459056,"ROA_SQ":11.210216745347,"START_DATE":"2021-01-01 00:00:00","FISCAL_YEAR":"12-31","CURRENCY":"HKD","IS_CNY_CODE":0,"DPS_HKD_LY":0.08465,"ORG_TYPE":"一般企业","PREMIUM_INCOME":null,"PREMIUM_INCOME_YOY":null,"NET_INTEREST_INCOME":null,"NET_INTEREST_INCOME_YOY":null,"FEE_COMMISSION_INCOME":null,"FEE_COMMISSION_INCOME_YOY":null,"ACCOUNTS_RECE_TDAYS":3.173422679715,"INVENTORY_TDAYS":1089.93496831083,"CURRENT_ASSETS_TDAYS":1.310376643062,"TOTAL_ASSETS_TDAYS":0.919192738513,"PREMIUM_EXPENSE":null,"LOAN_DEPOSIT":null,"LOAN_EQUITY":null,"LOAN_ASSETS":null,"DEPOSIT_EQUITY":null,"DEPOSIT_ASSETS":null,"EQUITY_MULTIPLIER":1.690693809613,"EQUITY_RATIO":0.73179120239},{"SECUCODE":"09928.HK","SECURITY_CODE":"09928","SECURITY_NAME_ABBR":"时代邻里","ORG_CODE":"10000052946","STD_REPORT_DATE":"2021-06-30 00:00:00","REPORT_DATE":"2021-06-30 00:00:00","DATE_TYPE_CODE":"002","REPORT_TYPE":"2021年中报","PER_NETCASH_OPERATE":0.016580553789,"PER_OI":1.179033308506,"BPS":1.6946801107,"BASIC_EPS":0.16,"DILUTED_EPS":0.16,"OPERATE_INCOME":1162141000,"OPERATE_INCOME_YOY":65.5584712345,"GROSS_PROFIT":349683000,"GROSS_PROFIT_YOY":75.632725428053,"HOLDER_PROFIT":153100000,"HOLDER_PROFIT_YOY":81.8851426806,"GROSS_PROFIT_RATIO":30.089550235299,"EPS_TTM":0.305914920462,"OPERATE_INCOME_QOQ":26.170492150086,"NET_PROFIT_RATIO":14.3493775712,"ROE_AVG":9.03049576596,"GROSS_PROFIT_QOQ":28.356005483497,"ROA":5.449987024688,"HOLDER_PROFIT_QOQ":29.632081717583,"ROE_YEARLY":18.06099153192,"ROIC_YEARLY":17.533512371376,"TOTAL_ASSETS":2969411000,"TOTAL_LIABILITIES":1183698000,"TAX_EBT":24.925492738356,"OCF_SALES":1.406283746981,"TOTAL_PARENT_EQUITY":1670400000,"DEBT_ASSET_RATIO":39.863057017,"OPERATE_PROFIT":222324000,"PRETAX_PROFIT":222126000,"NETCASH_OPERATE":16343000,"NETCASH_INVEST":-130204000,"NETCASH_FINANCE":-4602000,"END_CASH":921206000,"DIVI_RATIO":0.07702049957,"DIVIDEND_RATE":5.777777777778,"CURRENT_RATIO":1.955867601802,"COMMON_ACS":2000000000,"CURRENTDEBT_DEBT":84.221820092625,"ISSUED_COMMON_SHARES":985672747,"HK_COMMON_SHARES":985672747,"PER_SHARES":1000,"TOTAL_MARKET_CAP":443552736.15,"HKSK_MARKET_CAP":443552736.15,"PE_TTM":5.142993379947,"PB_TTM":0.29584509834,"REPORT_DATE_SQ":"2020-06-30 00:00:00","REPORT_TYPE_SQ":"2020年中报","OPERATE_INCOME_SQ":701952000,"DPS_HKD":0.026,"OPERATE_INCOME_QOQ_SQ":22.771077763629,"NET_PROFIT_RATIO_SQ":12.0016753282,"HOLDER_PROFIT_SQ":84174000,"HOLDER_PROFIT_QOQ_SQ":43.566289078318,"ROE_AVG_SQ":9.079073821001,"PE_TTM_SQ":-0.8854343974,"PB_TTM_SQ":0.337110459056,"ROA_SQ":5.268082395227,"START_DATE":"2021-01-01 00:00:00","FISCAL_YEAR":"12-31","CURRENCY":"HKD","IS_CNY_CODE":0,"DPS_HKD_LY":0.08465,"ORG_TYPE":"一般企业","PREMIUM_INCOME":null,"PREMIUM_INCOME_YOY":null,"NET_INTEREST_INCOME":null,"NET_INTEREST_INCOME_YOY":null,"FEE_COMMISSION_INCOME":null,"FEE_COMMISSION_INCOME_YOY":null,"ACCOUNTS_RECE_TDAYS":1.746266156074,"INVENTORY_TDAYS":392.112934362934,"CURRENT_ASSETS_TDAYS":0.602088974534,"TOTAL_ASSETS_TDAYS":0.413693884445,"PREMIUM_EXPENSE":null,"LOAN_DEPOSIT":null,"LOAN_EQUITY":null,"LOAN_ASSETS":null,"DEPOSIT_EQUITY":null,"DEPOSIT_ASSETS":null,"EQUITY_MULTIPLIER":1.662871357267,"EQUITY_RATIO":0.708631465517},{"SECUCODE":"09928.HK","SECURITY_CODE":"09928","SECURITY_NAME_ABBR":"时代邻里","ORG_CODE":"10000052946","STD_REPORT_DATE":"2020-12-31 00:00:00","REPORT_DATE":"2020-12-31 00:00:00","DATE_TYPE_CODE":"001","REPORT_TYPE":"2020年年报","PER_NETCASH_OPERATE":0.088681563192,"PER_OI":1.783986627765,"BPS":1.745338912165,"BASIC_EPS":0.25,"DILUTED_EPS":0.25,"OPERATE_INCOME":1758427000,"OPERATE_INCOME_YOY":62.6154006923,"GROSS_PROFIT":531048000,"GROSS_PROFIT_YOY":73.944716128884,"HOLDER_PROFIT":232606000,"HOLDER_PROFIT_YOY":141.5104918339,"GROSS_PROFIT_RATIO":30.200173223,"EPS_TTM":0.235987046114,"OPERATE_INCOME_QOQ":32.454160747348,"NET_PROFIT_RATIO":13.4707895181,"ROE_AVG":17.781124286929,"GROSS_PROFIT_QOQ":39.075324348814,"ROA":11.210216745347,"HOLDER_PROFIT_QOQ":68.222284900161,"ROE_YEARLY":17.781124286929,"ROIC_YEARLY":22.297952782475,"TOTAL_ASSETS":2648951000,"TOTAL_LIABILITIES":887254000,"TAX_EBT":25.214766732231,"OCF_SALES":4.970976901515,"TOTAL_PARENT_EQUITY":1720333000,"DEBT_ASSET_RATIO":33.4945418016,"OPERATE_PROFIT":322959000,"PRETAX_PROFIT":316739000,"NETCASH_OPERATE":87411000,"NETCASH_INVEST":-632305000,"NETCASH_FINANCE":646914000,"END_CASH":1047739000,"DIVI_RATIO":0.099843276942,"DIVIDEND_RATE":5.777777777778,"CURRENT_RATIO":2.243551171393,"COMMON_ACS":2000000000,"CURRENTDEBT_DEBT":95.975898671632,"ISSUED_COMMON_SHARES":985672747,"HK_COMMON_SHARES":985672747,"PER_SHARES":1000,"TOTAL_MARKET_CAP":443552736.15,"HKSK_MARKET_CAP":443552736.15,"PE_TTM":5.142993379947,"PB_TTM":0.29584509834,"REPORT_DATE_SQ":"2019-12-31 00:00:00","REPORT_TYPE_SQ":"2019年年报","OPERATE_INCOME_SQ":1081341000,"DPS_HKD":0.026,"OPERATE_INCOME_QOQ_SQ":28.142075531397,"NET_PROFIT_RATIO_SQ":8.8153505693,"HOLDER_PROFIT_SQ":96313000,"HOLDER_PROFIT_QOQ_SQ":23.384875542859,"ROE_AVG_SQ":19.277829485293,"PE_TTM_SQ":-0.8854343974,"PB_TTM_SQ":0.337110459056,"ROA_SQ":3.742234842303,"START_DATE":"2020-01-01 00:00:00","FISCAL_YEAR":"12-31","CURRENCY":"HKD","IS_CNY_CODE":0,"DPS_HKD_LY":0.036965,"ORG_TYPE":"一般企业","PREMIUM_INCOME":null,"PREMIUM_INCOME_YOY":null,"NET_INTEREST_INCOME":null,"NET_INTEREST_INCOME_YOY":null,"FEE_COMMISSION_INCOME":null,"FEE_COMMISSION_INCOME_YOY":null,"ACCOUNTS_RECE_TDAYS":4.465483440076,"INVENTORY_TDAYS":412.079570253483,"CURRENT_ASSETS_TDAYS":1.110332902168,"TOTAL_ASSETS_TDAYS":0.84745654888,"PREMIUM_EXPENSE":null,"LOAN_DEPOSIT":null,"LOAN_EQUITY":null,"LOAN_ASSETS":null,"DEPOSIT_EQUITY":null,"DEPOSIT_ASSETS":null,"EQUITY_MULTIPLIER":1.503635982804,"EQUITY_RATIO":0.51574549811},{"SECUCODE":"09928.HK","SECURITY_CODE":"09928","SECURITY_NAME_ABBR":"时代邻里","ORG_CODE":"10000052946","STD_REPORT_DATE":"2020-06-30 00:00:00","REPORT_DATE":"2020-06-30 00:00:00","DATE_TYPE_CODE":"002","REPORT_TYPE":"2020年中报","PER_NETCASH_OPERATE":0.040076034106,"PER_OI":0.772502534403,"BPS":0.972178649472,"BASIC_EPS":0.09,"DILUTED_EPS":0.09,"OPERATE_INCOME":701952000,"OPERATE_INCOME_YOY":54.0317608,"GROSS_PROFIT":199099000,"GROSS_PROFIT_YOY":62.458181699496,"HOLDER_PROFIT":84174000,"HOLDER_PROFIT_YOY":99.3983038802,"GROSS_PROFIT_RATIO":28.363620304522,"EPS_TTM":0.152170295034,"OPERATE_INCOME_QOQ":22.771077763629,"NET_PROFIT_RATIO":12.0016753282,"ROE_AVG":9.079073821001,"GROSS_PROFIT_QOQ":25.072306639109,"ROA":5.268082395227,"HOLDER_PROFIT_QOQ":43.566289078318,"ROE_YEARLY":18.158147642001,"ROIC_YEARLY":27.117300834066,"TOTAL_ASSETS":1694680000,"TOTAL_LIABILITIES":733119000,"TAX_EBT":29.098391698437,"OCF_SALES":5.187819110139,"TOTAL_PARENT_EQUITY":958250000,"DEBT_ASSET_RATIO":43.2600254915,"OPERATE_PROFIT":127654000,"PRETAX_PROFIT":118821000,"NETCASH_OPERATE":36416000,"NETCASH_INVEST":-37275000,"NETCASH_FINANCE":-4661000,"END_CASH":976237000,"DIVI_RATIO":0.154837841346,"DIVIDEND_RATE":5.777777777778,"CURRENT_RATIO":1.993725181292,"COMMON_ACS":2000000000,"CURRENTDEBT_DEBT":96.626468554218,"ISSUED_COMMON_SHARES":985672747,"HK_COMMON_SHARES":985672747,"PER_SHARES":1000,"TOTAL_MARKET_CAP":443552736.15,"HKSK_MARKET_CAP":443552736.15,"PE_TTM":5.142993379947,"PB_TTM":0.29584509834,"REPORT_DATE_SQ":"2019-06-30 00:00:00","REPORT_TYPE_SQ":"2019年中报","OPERATE_INCOME_SQ":455719000,"DPS_HKD":0.026,"OPERATE_INCOME_QOQ_SQ":21.287613977394,"NET_PROFIT_RATIO_SQ":9.182193413,"HOLDER_PROFIT_SQ":42214000,"HOLDER_PROFIT_QOQ_SQ":22.881115798753,"ROE_AVG_SQ":33.955100826074,"PE_TTM_SQ":-0.8854343974,"PB_TTM_SQ":0.337110459056,"ROA_SQ":1.400593495439,"START_DATE":"2020-01-01 00:00:00","FISCAL_YEAR":"12-31","CURRENCY":"HKD","IS_CNY_CODE":0,"DPS_HKD_LY":0.036965,"ORG_TYPE":"一般企业","PREMIUM_INCOME":null,"PREMIUM_INCOME_YOY":null,"NET_INTEREST_INCOME":null,"NET_INTEREST_INCOME_YOY":null,"FEE_COMMISSION_INCOME":null,"FEE_COMMISSION_INCOME_YOY":null,"ACCOUNTS_RECE_TDAYS":2.483717622332,"INVENTORY_TDAYS":159.915089839402,"CURRENT_ASSETS_TDAYS":0.525960392924,"TOTAL_ASSETS_TDAYS":0.439321046106,"PREMIUM_EXPENSE":null,"LOAN_DEPOSIT":null,"LOAN_EQUITY":null,"LOAN_ASSETS":null,"DEPOSIT_EQUITY":null,"DEPOSIT_ASSETS":null,"EQUITY_MULTIPLIER":1.762425888736,"EQUITY_RATIO":0.76506026611}],"count":15},"success":true,"message":"ok","code":0}