{"version":"176dca20993a76f3c0985c5d77f3533f","result":{"pages":2,"data":[{"SECUCODE":"09929.HK","SECURITY_CODE":"09929","SECURITY_NAME_ABBR":"澳达控股","ORG_CODE":"10000033194","STD_REPORT_DATE":"2024-06-30 00:00:00","REPORT_DATE":"2024-06-30 00:00:00","DATE_TYPE_CODE":"002","REPORT_TYPE":"2024年中报","PER_NETCASH_OPERATE":0.00394460296,"PER_OI":0.02322268626,"BPS":0.09204560336,"BASIC_EPS":-0.003376916,"DILUTED_EPS":null,"OPERATE_INCOME":46445372.52,"OPERATE_INCOME_YOY":-61.2840644543,"GROSS_PROFIT":1829923.4,"GROSS_PROFIT_YOY":-85.582045680216,"HOLDER_PROFIT":-6788513.84,"HOLDER_PROFIT_YOY":-265.5832591273,"GROSS_PROFIT_RATIO":3.939947729372,"EPS_TTM":-0.0090763107,"OPERATE_INCOME_QOQ":-31.857105431902,"NET_PROFIT_RATIO":-14.6161252923,"ROE_AVG":-3.620821427007,"GROSS_PROFIT_QOQ":-61.429431866211,"ROA":-2.960792782321,"HOLDER_PROFIT_QOQ":-151.331767704846,"ROE_YEARLY":-7.241642854013,"ROIC_YEARLY":-7.786728642243,"TOTAL_ASSETS":221344066.28,"TOTAL_LIABILITIES":37252859.56,"TAX_EBT":0.375033485133,"OCF_SALES":16.985989113561,"TOTAL_PARENT_EQUITY":184091206.72,"DEBT_ASSET_RATIO":16.8302951085,"OPERATE_PROFIT":-6696333.16,"PRETAX_PROFIT":-6814068.88,"NETCASH_OPERATE":7889205.92,"NETCASH_INVEST":-548520.68,"NETCASH_FINANCE":-807721.8,"END_CASH":39286310.6,"DIVI_RATIO":null,"DIVIDEND_RATE":null,"CURRENT_RATIO":6.041811747246,"COMMON_ACS":5000000000,"CURRENTDEBT_DEBT":85.84168361222,"ISSUED_COMMON_SHARES":2000000000,"HK_COMMON_SHARES":2000000000,"PER_SHARES":10000,"TOTAL_MARKET_CAP":128000000,"HKSK_MARKET_CAP":128000000,"PE_TTM":-6.43216080402,"PB_TTM":0.634593265379,"REPORT_DATE_SQ":"2023-06-30 00:00:00","REPORT_TYPE_SQ":"2023年中报","OPERATE_INCOME_SQ":121186895.16,"DPS_HKD":null,"OPERATE_INCOME_QOQ_SQ":6.213543631433,"NET_PROFIT_RATIO_SQ":3.4178578277,"HOLDER_PROFIT_SQ":4141534.16,"HOLDER_PROFIT_QOQ_SQ":88.676895583043,"ROE_AVG_SQ":2.079439619293,"PE_TTM_SQ":-129.939473845318,"PB_TTM_SQ":0.496801300064,"ROA_SQ":1.656026144772,"START_DATE":"2024-01-01 00:00:00","FISCAL_YEAR":"12-31","CURRENCY":"HKD","IS_CNY_CODE":0,"DPS_HKD_LY":null,"ORG_TYPE":"一般企业","PREMIUM_INCOME":null,"PREMIUM_INCOME_YOY":null,"NET_INTEREST_INCOME":null,"NET_INTEREST_INCOME_YOY":null,"FEE_COMMISSION_INCOME":null,"FEE_COMMISSION_INCOME_YOY":null,"ACCOUNTS_RECE_TDAYS":2.579008716805,"INVENTORY_TDAYS":null,"CURRENT_ASSETS_TDAYS":0.231208541572,"TOTAL_ASSETS_TDAYS":0.202570292954,"PREMIUM_EXPENSE":null,"LOAN_DEPOSIT":null,"LOAN_EQUITY":null,"LOAN_ASSETS":null,"DEPOSIT_EQUITY":null,"DEPOSIT_ASSETS":null,"EQUITY_MULTIPLIER":1.202360885258,"EQUITY_RATIO":0.202360885258},{"SECUCODE":"09929.HK","SECURITY_CODE":"09929","SECURITY_NAME_ABBR":"澳达控股","ORG_CODE":"10000033194","STD_REPORT_DATE":"2023-12-31 00:00:00","REPORT_DATE":"2023-12-31 00:00:00","DATE_TYPE_CODE":"001","REPORT_TYPE":"2023年年报","PER_NETCASH_OPERATE":0.00683969545,"PER_OI":0.11730746034,"BPS":0.09476433162,"BASIC_EPS":-0.00362488,"DILUTED_EPS":null,"OPERATE_INCOME":234614920.68,"OPERATE_INCOME_YOY":-7.9759573175,"GROSS_PROFIT":17682164.64,"GROSS_PROFIT_YOY":-14.492996767452,"HOLDER_PROFIT":-7222573.4,"HOLDER_PROFIT_YOY":-18.3721966434,"GROSS_PROFIT_RATIO":7.536675241605,"EPS_TTM":-0.0036112867,"OPERATE_INCOME_QOQ":-12.008756963863,"NET_PROFIT_RATIO":-3.0784799957,"ROE_AVG":-3.739554350223,"GROSS_PROFIT_QOQ":-24.267948360883,"ROA":-2.969315827906,"HOLDER_PROFIT_QOQ":-961.714748858048,"ROE_YEARLY":-3.739554350223,"ROIC_YEARLY":-3.633570176458,"TOTAL_ASSETS":235537452.64,"TOTAL_LIABILITIES":46008789.4,"TAX_EBT":2.66243282853,"OCF_SALES":5.830571585282,"TOTAL_PARENT_EQUITY":189528663.24,"DEBT_ASSET_RATIO":19.533534427,"OPERATE_PROFIT":-7171825.08,"PRETAX_PROFIT":-7420129.36,"NETCASH_OPERATE":13679390.9,"NETCASH_INVEST":2758533.68,"NETCASH_FINANCE":-1810627.56,"END_CASH":32521517.14,"DIVI_RATIO":null,"DIVIDEND_RATE":null,"CURRENT_RATIO":5.063081627227,"COMMON_ACS":5000000000,"CURRENTDEBT_DEBT":88.895016742171,"ISSUED_COMMON_SHARES":2000000000,"HK_COMMON_SHARES":2000000000,"PER_SHARES":10000,"TOTAL_MARKET_CAP":92000000,"HKSK_MARKET_CAP":92000000,"PE_TTM":-4.623115577889,"PB_TTM":0.456113909491,"REPORT_DATE_SQ":"2022-12-31 00:00:00","REPORT_TYPE_SQ":"2022年年报","OPERATE_INCOME_SQ":251306328.91,"DPS_HKD":null,"OPERATE_INCOME_QOQ_SQ":31.951030527543,"NET_PROFIT_RATIO_SQ":-2.3932183532,"HOLDER_PROFIT_SQ":-6014386.91,"HOLDER_PROFIT_QOQ_SQ":-75.929454032194,"ROE_AVG_SQ":-3.053774126245,"PE_TTM_SQ":-101.589043188157,"PB_TTM_SQ":0.388408289141,"ROA_SQ":-2.523972285367,"START_DATE":"2023-01-01 00:00:00","FISCAL_YEAR":"12-31","CURRENCY":"HKD","IS_CNY_CODE":0,"DPS_HKD_LY":null,"ORG_TYPE":"一般企业","PREMIUM_INCOME":null,"PREMIUM_INCOME_YOY":null,"NET_INTEREST_INCOME":null,"NET_INTEREST_INCOME_YOY":null,"FEE_COMMISSION_INCOME":null,"FEE_COMMISSION_INCOME_YOY":null,"ACCOUNTS_RECE_TDAYS":6.433907403265,"INVENTORY_TDAYS":null,"CURRENT_ASSETS_TDAYS":1.106108088363,"TOTAL_ASSETS_TDAYS":0.964539588394,"PREMIUM_EXPENSE":null,"LOAN_DEPOSIT":null,"LOAN_EQUITY":null,"LOAN_ASSETS":null,"DEPOSIT_EQUITY":null,"DEPOSIT_ASSETS":null,"EQUITY_MULTIPLIER":1.242753727132,"EQUITY_RATIO":0.242753727133},{"SECUCODE":"09929.HK","SECURITY_CODE":"09929","SECURITY_NAME_ABBR":"澳达控股","ORG_CODE":"10000033194","STD_REPORT_DATE":"2023-06-30 00:00:00","REPORT_DATE":"2023-06-30 00:00:00","DATE_TYPE_CODE":"002","REPORT_TYPE":"2023年中报","PER_NETCASH_OPERATE":-0.001163218947,"PER_OI":0.06059344758,"BPS":0.102070788093,"BASIC_EPS":0.002028356,"DILUTED_EPS":null,"OPERATE_INCOME":121186895.16,"OPERATE_INCOME_YOY":6.6550243074,"GROSS_PROFIT":12691976.68,"GROSS_PROFIT_YOY":27.058272327147,"HOLDER_PROFIT":4141534.16,"HOLDER_PROFIT_YOY":423.3775296581,"GROSS_PROFIT_RATIO":10.472629110059,"EPS_TTM":-0.000340137189,"OPERATE_INCOME_QOQ":6.213543631433,"NET_PROFIT_RATIO":3.4178578277,"ROE_AVG":2.079439619293,"GROSS_PROFIT_QOQ":13.029868080191,"ROA":1.656026144772,"HOLDER_PROFIT_QOQ":88.676895583043,"ROE_YEARLY":4.158879238586,"ROIC_YEARLY":3.880056517871,"TOTAL_ASSETS":252506478.52017,"TOTAL_LIABILITIES":48364902.33372,"TAX_EBT":16.068759342302,"OCF_SALES":-1.921346491422,"TOTAL_PARENT_EQUITY":204141576.18645,"DEBT_ASSET_RATIO":19.1539253239,"OPERATE_PROFIT":5057060.3,"PRETAX_PROFIT":4934436.96,"NETCASH_OPERATE":-2330765.44,"NETCASH_INVEST":1477933.94,"NETCASH_FINANCE":-1066730.86,"END_CASH":16288620.66,"DIVI_RATIO":null,"DIVIDEND_RATE":null,"CURRENT_RATIO":5.173066431659,"COMMON_ACS":5000000000,"CURRENTDEBT_DEBT":88.001329492577,"ISSUED_COMMON_SHARES":2000000000,"HK_COMMON_SHARES":2000000000,"PER_SHARES":10000,"TOTAL_MARKET_CAP":92000000,"HKSK_MARKET_CAP":92000000,"PE_TTM":-4.623115577889,"PB_TTM":0.456113909491,"REPORT_DATE_SQ":"2022-06-30 00:00:00","REPORT_TYPE_SQ":"2022年中报","OPERATE_INCOME_SQ":105485483.47206,"DPS_HKD":null,"OPERATE_INCOME_QOQ_SQ":31.675956299343,"NET_PROFIT_RATIO_SQ":-1.1272635736,"HOLDER_PROFIT_SQ":-1189099.43059,"HOLDER_PROFIT_QOQ_SQ":13.381544354173,"ROE_AVG_SQ":-0.622557612646,"PE_TTM_SQ":-101.589043188157,"PB_TTM_SQ":0.388408289141,"ROA_SQ":-0.513129931445,"START_DATE":"2023-01-01 00:00:00","FISCAL_YEAR":"12-31","CURRENCY":"HKD","IS_CNY_CODE":0,"DPS_HKD_LY":null,"ORG_TYPE":"一般企业","PREMIUM_INCOME":null,"PREMIUM_INCOME_YOY":null,"NET_INTEREST_INCOME":null,"NET_INTEREST_INCOME_YOY":null,"FEE_COMMISSION_INCOME":null,"FEE_COMMISSION_INCOME_YOY":null,"ACCOUNTS_RECE_TDAYS":2.119570738629,"INVENTORY_TDAYS":null,"CURRENT_ASSETS_TDAYS":0.557780758123,"TOTAL_ASSETS_TDAYS":0.484521658957,"PREMIUM_EXPENSE":null,"LOAN_DEPOSIT":null,"LOAN_EQUITY":null,"LOAN_ASSETS":null,"DEPOSIT_EQUITY":null,"DEPOSIT_ASSETS":null,"EQUITY_MULTIPLIER":1.236918432968,"EQUITY_RATIO":0.236918432968},{"SECUCODE":"09929.HK","SECURITY_CODE":"09929","SECURITY_NAME_ABBR":"澳达控股","ORG_CODE":"10000033194","STD_REPORT_DATE":"2022-12-31 00:00:00","REPORT_DATE":"2022-12-31 00:00:00","DATE_TYPE_CODE":"001","REPORT_TYPE":"2022年年报","PER_NETCASH_OPERATE":-0.002311440961,"PER_OI":0.125653164455,"BPS":0.096865552904,"BASIC_EPS":-0.003037118,"DILUTED_EPS":null,"OPERATE_INCOME":251306328.91,"OPERATE_INCOME_YOY":59.2937598806,"GROSS_PROFIT":20679200.5,"GROSS_PROFIT_YOY":21.415665435771,"HOLDER_PROFIT":-6014386.91,"HOLDER_PROFIT_YOY":-39.7103198552,"GROSS_PROFIT_RATIO":8.228604903599,"EPS_TTM":-0.003003921683,"OPERATE_INCOME_QOQ":31.951030527543,"NET_PROFIT_RATIO":-2.3932183532,"ROE_AVG":-3.053774126245,"GROSS_PROFIT_QOQ":7.218943273015,"ROA":-2.523972285367,"HOLDER_PROFIT_QOQ":-75.929454032194,"ROE_YEARLY":-3.053774126245,"ROIC_YEARLY":-3.158462017732,"TOTAL_ASSETS":239803691.12,"TOTAL_LIABILITIES":45864054.88,"TAX_EBT":-20.749641319943,"OCF_SALES":-1.841520357001,"TOTAL_PARENT_EQUITY":193939636.24,"DEBT_ASSET_RATIO":19.1255705784,"OPERATE_PROFIT":-4756662.75,"PRETAX_PROFIT":-4980873.52,"NETCASH_OPERATE":-4627138.6,"NETCASH_INVEST":-10775516.01,"NETCASH_FINANCE":-1836563.12,"END_CASH":17638509.42,"DIVI_RATIO":null,"DIVIDEND_RATE":null,"CURRENT_RATIO":5.21117877338,"COMMON_ACS":5000000000,"CURRENTDEBT_DEBT":86.816375818012,"ISSUED_COMMON_SHARES":2000000000,"HK_COMMON_SHARES":2000000000,"PER_SHARES":10000,"TOTAL_MARKET_CAP":92000000,"HKSK_MARKET_CAP":92000000,"PE_TTM":-4.623115577889,"PB_TTM":0.456113909491,"REPORT_DATE_SQ":"2021-12-31 00:00:00","REPORT_TYPE_SQ":"2021年年报","OPERATE_INCOME_SQ":144483086.04416,"DPS_HKD":null,"OPERATE_INCOME_QOQ_SQ":86.843086790919,"NET_PROFIT_RATIO_SQ":-2.7286799578,"HOLDER_PROFIT_SQ":-3942481.01136,"HOLDER_PROFIT_QOQ_SQ":68.469941393877,"ROE_AVG_SQ":-2.129988880867,"PE_TTM_SQ":-101.589043188157,"PB_TTM_SQ":0.388408289141,"ROA_SQ":-1.822477961435,"START_DATE":"2022-01-01 00:00:00","FISCAL_YEAR":"12-31","CURRENCY":"HKD","IS_CNY_CODE":0,"DPS_HKD_LY":null,"ORG_TYPE":"一般企业","PREMIUM_INCOME":null,"PREMIUM_INCOME_YOY":null,"NET_INTEREST_INCOME":null,"NET_INTEREST_INCOME_YOY":null,"FEE_COMMISSION_INCOME":null,"FEE_COMMISSION_INCOME_YOY":null,"ACCOUNTS_RECE_TDAYS":4.976042449702,"INVENTORY_TDAYS":null,"CURRENT_ASSETS_TDAYS":1.226049997676,"TOTAL_ASSETS_TDAYS":1.054635186972,"PREMIUM_EXPENSE":null,"LOAN_DEPOSIT":null,"LOAN_EQUITY":null,"LOAN_ASSETS":null,"DEPOSIT_EQUITY":null,"DEPOSIT_ASSETS":null,"EQUITY_MULTIPLIER":1.236484766757,"EQUITY_RATIO":0.236486237518},{"SECUCODE":"09929.HK","SECURITY_CODE":"09929","SECURITY_NAME_ABBR":"澳达控股","ORG_CODE":"10000033194","STD_REPORT_DATE":"2022-06-30 00:00:00","REPORT_DATE":"2022-06-30 00:00:00","DATE_TYPE_CODE":"002","REPORT_TYPE":"2022年中报","PER_NETCASH_OPERATE":-0.002625893334,"PER_OI":0.052742741736,"BPS":0.095203880894,"BASIC_EPS":-0.000580858061,"DILUTED_EPS":null,"OPERATE_INCOME":105485483.47206,"OPERATE_INCOME_YOY":71.8817182493,"GROSS_PROFIT":9989099.05474,"GROSS_PROFIT_YOY":28.810735219522,"HOLDER_PROFIT":-1189099.43059,"HOLDER_PROFIT_YOY":32.5964252117,"GROSS_PROFIT_RATIO":9.469643334749,"EPS_TTM":-0.001707458083,"OPERATE_INCOME_QOQ":31.675956299343,"NET_PROFIT_RATIO":-1.1272635736,"ROE_AVG":-0.622557612646,"GROSS_PROFIT_QOQ":13.118059070286,"ROA":-0.513129931445,"HOLDER_PROFIT_QOQ":13.381544354173,"ROE_YEARLY":-1.245115225292,"ROIC_YEARLY":-1.279118809429,"TOTAL_ASSETS":236593445.81206,"TOTAL_LIABILITIES":46185684.02457,"TAX_EBT":-50.842105263158,"OCF_SALES":-4.978681896131,"TOTAL_PARENT_EQUITY":190407761.78749,"DEBT_ASSET_RATIO":19.5211172761,"OPERATE_PROFIT":-657199.40616,"PRETAX_PROFIT":-788307.3685,"NETCASH_OPERATE":-5251786.66867,"NETCASH_INVEST":6796039.3137,"NETCASH_FINANCE":-1042225.32088,"END_CASH":33922110.7624,"DIVI_RATIO":null,"DIVIDEND_RATE":null,"CURRENT_RATIO":5.087014891464,"COMMON_ACS":5000000000,"CURRENTDEBT_DEBT":86.988627176198,"ISSUED_COMMON_SHARES":2000000000,"HK_COMMON_SHARES":2000000000,"PER_SHARES":10000,"TOTAL_MARKET_CAP":92000000,"HKSK_MARKET_CAP":92000000,"PE_TTM":-4.623115577889,"PB_TTM":0.456113909491,"REPORT_DATE_SQ":"2021-06-30 00:00:00","REPORT_TYPE_SQ":"2021年中报","OPERATE_INCOME_SQ":59719084.27677,"DPS_HKD":null,"OPERATE_INCOME_QOQ_SQ":34.763250880416,"NET_PROFIT_RATIO_SQ":-2.8745656377,"HOLDER_PROFIT_SQ":-1716664.27578,"HOLDER_PROFIT_QOQ_SQ":24.285177314119,"ROE_AVG_SQ":-0.905436023236,"PE_TTM_SQ":-101.589043188157,"PB_TTM_SQ":0.388408289141,"ROA_SQ":-0.766123365321,"START_DATE":"2022-01-01 00:00:00","FISCAL_YEAR":"12-31","CURRENCY":"HKD","IS_CNY_CODE":0,"DPS_HKD_LY":null,"ORG_TYPE":"一般企业","PREMIUM_INCOME":null,"PREMIUM_INCOME_YOY":null,"NET_INTEREST_INCOME":null,"NET_INTEREST_INCOME_YOY":null,"FEE_COMMISSION_INCOME":null,"FEE_COMMISSION_INCOME_YOY":null,"ACCOUNTS_RECE_TDAYS":1.938027396007,"INVENTORY_TDAYS":null,"CURRENT_ASSETS_TDAYS":0.529597766992,"TOTAL_ASSETS_TDAYS":0.455199603246,"PREMIUM_EXPENSE":null,"LOAN_DEPOSIT":null,"LOAN_EQUITY":null,"LOAN_ASSETS":null,"DEPOSIT_EQUITY":null,"DEPOSIT_ASSETS":null,"EQUITY_MULTIPLIER":1.24256198167,"EQUITY_RATIO":0.24256198167},{"SECUCODE":"09929.HK","SECURITY_CODE":"09929","SECURITY_NAME_ABBR":"澳达控股","ORG_CODE":"10000033194","STD_REPORT_DATE":"2021-12-31 00:00:00","REPORT_DATE":"2021-12-31 00:00:00","DATE_TYPE_CODE":"001","REPORT_TYPE":"2021年年报","PER_NETCASH_OPERATE":-0.017297823798,"PER_OI":0.072241543022,"BPS":0.09156136548,"BASIC_EPS":-0.0019827404,"DILUTED_EPS":null,"OPERATE_INCOME":144483086.04416,"OPERATE_INCOME_YOY":159.3658793548,"GROSS_PROFIT":17031740.036,"GROSS_PROFIT_YOY":96.885573194815,"HOLDER_PROFIT":-3942481.01136,"HOLDER_PROFIT_YOY":75.409349493,"GROSS_PROFIT_RATIO":11.788051115405,"EPS_TTM":-0.001971240506,"OPERATE_INCOME_QOQ":86.843086790919,"NET_PROFIT_RATIO":-2.7286799578,"ROE_AVG":-2.129988880867,"GROSS_PROFIT_QOQ":143.626506979828,"ROA":-1.822477961435,"HOLDER_PROFIT_QOQ":68.469941393877,"ROE_YEARLY":-2.129988880867,"ROIC_YEARLY":-2.722463196635,"TOTAL_ASSETS":216841214.20176,"TOTAL_LIABILITIES":33718483.2424,"TAX_EBT":-0.282428888441,"OCF_SALES":-23.944427366942,"TOTAL_PARENT_EQUITY":183122730.95936,"DEBT_ASSET_RATIO":15.5498498597,"OPERATE_PROFIT":-3732310.52896,"PRETAX_PROFIT":-3931377.66512,"NETCASH_OPERATE":-34595647.59536,"NETCASH_INVEST":-22314553.55776,"NETCASH_FINANCE":5264572.31008,"END_CASH":31941947.844,"DIVI_RATIO":null,"DIVIDEND_RATE":null,"CURRENT_RATIO":6.631265424219,"COMMON_ACS":5000000000,"CURRENTDEBT_DEBT":82.918969775373,"ISSUED_COMMON_SHARES":2000000000,"HK_COMMON_SHARES":2000000000,"PER_SHARES":10000,"TOTAL_MARKET_CAP":92000000,"HKSK_MARKET_CAP":92000000,"PE_TTM":-4.623115577889,"PB_TTM":0.456113909491,"REPORT_DATE_SQ":"2020-12-31 00:00:00","REPORT_TYPE_SQ":"2020年年报","OPERATE_INCOME_SQ":57381050.76717,"DPS_HKD":null,"OPERATE_INCOME_QOQ_SQ":-59.172364081346,"NET_PROFIT_RATIO_SQ":-28.7803072367,"HOLDER_PROFIT_SQ":-16514442.70645,"HOLDER_PROFIT_QOQ_SQ":-361.422517170551,"ROE_AVG_SQ":-10.439637052836,"PE_TTM_SQ":-101.589043188157,"PB_TTM_SQ":0.388408289141,"ROA_SQ":-8.432702114746,"START_DATE":"2021-01-01 00:00:00","FISCAL_YEAR":"12-31","CURRENCY":"HKD","IS_CNY_CODE":0,"DPS_HKD_LY":null,"ORG_TYPE":"一般企业","PREMIUM_INCOME":null,"PREMIUM_INCOME_YOY":null,"NET_INTEREST_INCOME":null,"NET_INTEREST_INCOME_YOY":null,"FEE_COMMISSION_INCOME":null,"FEE_COMMISSION_INCOME_YOY":null,"ACCOUNTS_RECE_TDAYS":3.55181220877,"INVENTORY_TDAYS":null,"CURRENT_ASSETS_TDAYS":0.743557300638,"TOTAL_ASSETS_TDAYS":0.667897294513,"PREMIUM_EXPENSE":null,"LOAN_DEPOSIT":null,"LOAN_EQUITY":null,"LOAN_ASSETS":null,"DEPOSIT_EQUITY":null,"DEPOSIT_ASSETS":null,"EQUITY_MULTIPLIER":1.184130517635,"EQUITY_RATIO":0.184130517636},{"SECUCODE":"09929.HK","SECURITY_CODE":"09929","SECURITY_NAME_ABBR":"澳达控股","ORG_CODE":"10000033194","STD_REPORT_DATE":"2021-06-30 00:00:00","REPORT_DATE":"2021-06-30 00:00:00","DATE_TYPE_CODE":"002","REPORT_TYPE":"2021年中报","PER_NETCASH_OPERATE":-0.009373422975,"PER_OI":0.029859542138,"BPS":0.094368491177,"BASIC_EPS":-0.000888208233,"DILUTED_EPS":null,"OPERATE_INCOME":59719084.27677,"OPERATE_INCOME_YOY":64.7891089771,"GROSS_PROFIT":7754865.33612,"GROSS_PROFIT_YOY":-17.62867805162,"HOLDER_PROFIT":-1716664.27578,"HOLDER_PROFIT_YOY":67.1050595699,"GROSS_PROFIT_RATIO":12.985573087792,"EPS_TTM":-0.006251940506,"OPERATE_INCOME_QOQ":34.763250880416,"NET_PROFIT_RATIO":-2.8745656377,"ROE_AVG":-0.905436023236,"GROSS_PROFIT_QOQ":-19.185487804446,"ROA":-0.766123365321,"HOLDER_PROFIT_QOQ":24.285177314119,"ROE_YEARLY":-1.810872046473,"ROIC_YEARLY":-2.315847378468,"TOTAL_ASSETS":228424548.59076,"TOTAL_LIABILITIES":39687566.23653,"TAX_EBT":-24.109748978401,"OCF_SALES":-31.39171703241,"TOTAL_PARENT_EQUITY":188736982.35423,"DEBT_ASSET_RATIO":17.3744750647,"OPERATE_PROFIT":-1325045.19123,"PRETAX_PROFIT":-1383182.45739,"NETCASH_OPERATE":-18746845.95051,"NETCASH_INVEST":-33024389.56497,"NETCASH_FINANCE":6087456.24417,"END_CASH":39417873.91851,"DIVI_RATIO":null,"DIVIDEND_RATE":null,"CURRENT_RATIO":5.980725403676,"COMMON_ACS":5000000000,"CURRENTDEBT_DEBT":83.916909116803,"ISSUED_COMMON_SHARES":2000000000,"HK_COMMON_SHARES":2000000000,"PER_SHARES":10000,"TOTAL_MARKET_CAP":92000000,"HKSK_MARKET_CAP":92000000,"PE_TTM":-4.623115577889,"PB_TTM":0.456113909491,"REPORT_DATE_SQ":"2020-06-30 00:00:00","REPORT_TYPE_SQ":"2020年中报","OPERATE_INCOME_SQ":39771565.64076,"DPS_HKD":null,"OPERATE_INCOME_QOQ_SQ":-19.980035430463,"NET_PROFIT_RATIO_SQ":-14.4003030236,"HOLDER_PROFIT_SQ":-5727225.96948,"HOLDER_PROFIT_QOQ_SQ":-63.958929786343,"ROE_AVG_SQ":-3.223232408871,"PE_TTM_SQ":-101.589043188157,"PB_TTM_SQ":0.388408289141,"ROA_SQ":-2.572200100691,"START_DATE":"2021-01-01 00:00:00","FISCAL_YEAR":"12-31","CURRENCY":"HKD","IS_CNY_CODE":0,"DPS_HKD_LY":null,"ORG_TYPE":"一般企业","PREMIUM_INCOME":null,"PREMIUM_INCOME_YOY":null,"NET_INTEREST_INCOME":null,"NET_INTEREST_INCOME_YOY":null,"FEE_COMMISSION_INCOME":null,"FEE_COMMISSION_INCOME_YOY":null,"ACCOUNTS_RECE_TDAYS":1.532844899947,"INVENTORY_TDAYS":null,"CURRENT_ASSETS_TDAYS":0.294117764023,"TOTAL_ASSETS_TDAYS":0.266517958494,"PREMIUM_EXPENSE":null,"LOAN_DEPOSIT":null,"LOAN_EQUITY":null,"LOAN_ASSETS":null,"DEPOSIT_EQUITY":null,"DEPOSIT_ASSETS":null,"EQUITY_MULTIPLIER":1.210279754087,"EQUITY_RATIO":0.210279754087},{"SECUCODE":"09929.HK","SECURITY_CODE":"09929","SECURITY_NAME_ABBR":"澳达控股","ORG_CODE":"10000033194","STD_REPORT_DATE":"2020-12-31 00:00:00","REPORT_DATE":"2020-12-31 00:00:00","DATE_TYPE_CODE":"001","REPORT_TYPE":"2020年年报","PER_NETCASH_OPERATE":-0.020948793189,"PER_OI":0.028690525384,"BPS":0.096344597028,"BASIC_EPS":-0.008496176312,"DILUTED_EPS":null,"OPERATE_INCOME":57381050.76717,"OPERATE_INCOME_YOY":-65.4143298192,"GROSS_PROFIT":8650577.97767,"GROSS_PROFIT_YOY":-82.145930237072,"HOLDER_PROFIT":-16514442.70645,"HOLDER_PROFIT_YOY":-199.7434252726,"GROSS_PROFIT_RATIO":15.075670211706,"EPS_TTM":-0.008257221353,"OPERATE_INCOME_QOQ":-59.172364081346,"NET_PROFIT_RATIO":-28.7803072367,"ROE_AVG":-10.439637052836,"GROSS_PROFIT_QOQ":-76.235223056636,"ROA":-8.432702114746,"HOLDER_PROFIT_QOQ":-361.422517170551,"ROE_YEARLY":-10.439637052836,"ROIC_YEARLY":-12.365124415845,"TOTAL_ASSETS":222297551.5633,"TOTAL_LIABILITIES":29608357.50729,"TAX_EBT":-4.152712659076,"OCF_SALES":-73.016415381768,"TOTAL_PARENT_EQUITY":192689194.05601,"DEBT_ASSET_RATIO":13.3192458932,"OPERATE_PROFIT":-15777562.79939,"PRETAX_PROFIT":-15855989.04227,"NETCASH_OPERATE":-41897586.37858,"NETCASH_INVEST":13068589.65991,"NETCASH_FINANCE":87519602.35393,"END_CASH":86100577.52182,"DIVI_RATIO":null,"DIVIDEND_RATE":null,"CURRENT_RATIO":7.085107559586,"COMMON_ACS":5000000000,"CURRENTDEBT_DEBT":99.787545181138,"ISSUED_COMMON_SHARES":2000000000,"HK_COMMON_SHARES":2000000000,"PER_SHARES":10000,"TOTAL_MARKET_CAP":92000000,"HKSK_MARKET_CAP":92000000,"PE_TTM":-4.623115577889,"PB_TTM":0.456113909491,"REPORT_DATE_SQ":"2019-12-31 00:00:00","REPORT_TYPE_SQ":"2019年年报","OPERATE_INCOME_SQ":175636958.88635,"DPS_HKD":null,"OPERATE_INCOME_QOQ_SQ":8.701239994851,"NET_PROFIT_RATIO_SQ":9.979466928,"HOLDER_PROFIT_SQ":17527632.22535,"HOLDER_PROFIT_QOQ_SQ":-52.596882786901,"ROE_AVG_SQ":14.345931827271,"PE_TTM_SQ":-101.589043188157,"PB_TTM_SQ":0.388408289141,"ROA_SQ":10.626795864007,"START_DATE":"2020-01-01 00:00:00","FISCAL_YEAR":"12-31","CURRENCY":"HKD","IS_CNY_CODE":0,"DPS_HKD_LY":null,"ORG_TYPE":"一般企业","PREMIUM_INCOME":null,"PREMIUM_INCOME_YOY":null,"NET_INTEREST_INCOME":null,"NET_INTEREST_INCOME_YOY":null,"FEE_COMMISSION_INCOME":null,"FEE_COMMISSION_INCOME_YOY":null,"ACCOUNTS_RECE_TDAYS":1.484277925701,"INVENTORY_TDAYS":null,"CURRENT_ASSETS_TDAYS":0.313631370728,"TOTAL_ASSETS_TDAYS":0.29300250499,"PREMIUM_EXPENSE":null,"LOAN_DEPOSIT":null,"LOAN_EQUITY":null,"LOAN_ASSETS":null,"DEPOSIT_EQUITY":null,"DEPOSIT_ASSETS":null,"EQUITY_MULTIPLIER":1.153658629651,"EQUITY_RATIO":0.153658629651},{"SECUCODE":"09929.HK","SECURITY_CODE":"09929","SECURITY_NAME_ABBR":"澳达控股","ORG_CODE":"10000033194","STD_REPORT_DATE":"2020-06-30 00:00:00","REPORT_DATE":"2020-06-30 00:00:00","DATE_TYPE_CODE":"002","REPORT_TYPE":"2020年中报","PER_NETCASH_OPERATE":-0.013666297215,"PER_OI":0.01988578282,"BPS":0.11060068229,"BASIC_EPS":-0.003012930264,"DILUTED_EPS":-0.003012930264,"OPERATE_INCOME":39771565.64076,"OPERATE_INCOME_YOY":-49.0116107337,"GROSS_PROFIT":9414520.91904,"GROSS_PROFIT_YOY":-56.140657367048,"HOLDER_PROFIT":-5727225.96948,"HOLDER_PROFIT_YOY":-200.2481774469,"GROSS_PROFIT_RATIO":23.671486820704,"EPS_TTM":0.003158573119,"OPERATE_INCOME_QOQ":-19.980035430463,"NET_PROFIT_RATIO":-14.4003030236,"ROE_AVG":-3.223232408871,"GROSS_PROFIT_QOQ":-24.871713269274,"ROA":-2.572200100691,"HOLDER_PROFIT_QOQ":-63.958929786343,"ROE_YEARLY":-6.446464817742,"ROIC_YEARLY":-7.840235340501,"TOTAL_ASSETS":261587922.45624,"TOTAL_LIABILITIES":40386557.877,"TAX_EBT":-10.990898162459,"OCF_SALES":-68.723958913572,"TOTAL_PARENT_EQUITY":221201364.57924,"DEBT_ASSET_RATIO":15.4389994377,"OPERATE_PROFIT":-5108689.1094,"PRETAX_PROFIT":-5160086.15508,"NETCASH_OPERATE":-27332594.43024,"NETCASH_INVEST":-81461658.93492,"NETCASH_FINANCE":96484660.9248,"END_CASH":17422712.32956,"DIVI_RATIO":null,"DIVIDEND_RATE":null,"CURRENT_RATIO":6.143203188655,"COMMON_ACS":5000000000,"CURRENTDEBT_DEBT":99.640153592979,"ISSUED_COMMON_SHARES":2000000000,"HK_COMMON_SHARES":2000000000,"PER_SHARES":10000,"TOTAL_MARKET_CAP":92000000,"HKSK_MARKET_CAP":92000000,"PE_TTM":-4.623115577889,"PB_TTM":0.456113909491,"REPORT_DATE_SQ":"2019-06-30 00:00:00","REPORT_TYPE_SQ":"2019年中报","OPERATE_INCOME_SQ":74863892.25524,"DPS_HKD":null,"OPERATE_INCOME_QOQ_SQ":0,"NET_PROFIT_RATIO_SQ":7.3243052873,"HOLDER_PROFIT_SQ":5483260.01874,"HOLDER_PROFIT_QOQ_SQ":0,"ROE_AVG_SQ":null,"PE_TTM_SQ":-101.589043188157,"PB_TTM_SQ":0.388408289141,"ROA_SQ":null,"START_DATE":"2020-01-01 00:00:00","FISCAL_YEAR":"12-31","CURRENCY":"HKD","IS_CNY_CODE":0,"DPS_HKD_LY":null,"ORG_TYPE":"一般企业","PREMIUM_INCOME":null,"PREMIUM_INCOME_YOY":null,"NET_INTEREST_INCOME":null,"NET_INTEREST_INCOME_YOY":null,"FEE_COMMISSION_INCOME":null,"FEE_COMMISSION_INCOME_YOY":null,"ACCOUNTS_RECE_TDAYS":1.068150175522,"INVENTORY_TDAYS":null,"CURRENT_ASSETS_TDAYS":0.190724486175,"TOTAL_ASSETS_TDAYS":0.178621248212,"PREMIUM_EXPENSE":null,"LOAN_DEPOSIT":null,"LOAN_EQUITY":null,"LOAN_ASSETS":null,"DEPOSIT_EQUITY":null,"DEPOSIT_ASSETS":null,"EQUITY_MULTIPLIER":1.182578249252,"EQUITY_RATIO":0.182578249252}],"count":16},"success":true,"message":"ok","code":0}