{"version":"f9826a58b15986f43e4e7052047ecb22","result":{"pages":2,"data":[{"SECUCODE":"09923.HK","SECURITY_CODE":"09923","SECURITY_NAME_ABBR":"移卡","ORG_CODE":"10000063841","STD_REPORT_DATE":"2024-06-30 00:00:00","REPORT_DATE":"2024-06-30 00:00:00","DATE_TYPE_CODE":"002","REPORT_TYPE":"2024年中报","PER_NETCASH_OPERATE":-0.116037373054,"PER_OI":3.561342414848,"BPS":5.781952362718,"BASIC_EPS":0.09,"DILUTED_EPS":0.09,"OPERATE_INCOME":1577719000,"OPERATE_INCOME_YOY":-23.4947035619,"GROSS_PROFIT":300219000,"GROSS_PROFIT_YOY":-17.973174936681,"HOLDER_PROFIT":31628000,"HOLDER_PROFIT_YOY":-4.6286524138,"GROSS_PROFIT_RATIO":19.028673673829,"EPS_TTM":0.022780398569,"OPERATE_INCOME_QOQ":-12.264411473238,"NET_PROFIT_RATIO":2.0650065062,"ROE_AVG":1.176034886903,"GROSS_PROFIT_QOQ":-8.91156978666,"ROA":0.395461050406,"HOLDER_PROFIT_QOQ":-13.202029758321,"ROE_YEARLY":2.352069773806,"ROIC_YEARLY":0.866290031728,"TOTAL_ASSETS":7575146000,"TOTAL_LIABILITIES":4993793000,"TAX_EBT":10.44037605146,"OCF_SALES":-3.258248141779,"TOTAL_PARENT_EQUITY":2670876000,"DEBT_ASSET_RATIO":65.9233894634,"OPERATE_PROFIT":56842000,"PRETAX_PROFIT":36378000,"NETCASH_OPERATE":-51406000,"NETCASH_INVEST":67491000,"NETCASH_FINANCE":-222122000,"END_CASH":683711000,"DIVI_RATIO":null,"DIVIDEND_RATE":null,"CURRENT_RATIO":1.163694180276,"COMMON_ACS":1000000000,"CURRENTDEBT_DEBT":97.809560788763,"ISSUED_COMMON_SHARES":461933242,"HK_COMMON_SHARES":461933242,"PER_SHARES":400,"TOTAL_MARKET_CAP":4295979150.6,"HKSK_MARKET_CAP":4295979150.6,"PE_TTM":373.080767411619,"PB_TTM":1.468003101293,"REPORT_DATE_SQ":"2023-06-30 00:00:00","REPORT_TYPE_SQ":"2023年中报","OPERATE_INCOME_SQ":2062235000,"DPS_HKD":null,"OPERATE_INCOME_QOQ_SQ":12.299171892623,"NET_PROFIT_RATIO_SQ":1.4717042432,"HOLDER_PROFIT_SQ":33163000,"HOLDER_PROFIT_QOQ_SQ":-27.247566949494,"ROE_AVG_SQ":1.190034897595,"PE_TTM_SQ":49.059322175661,"PB_TTM_SQ":1.943803402433,"ROA_SQ":0.443582506239,"START_DATE":"2024-01-01 00:00:00","FISCAL_YEAR":"12-31","CURRENCY":"HKD","IS_CNY_CODE":0,"DPS_HKD_LY":null,"ORG_TYPE":"一般企业","PREMIUM_INCOME":null,"PREMIUM_INCOME_YOY":null,"NET_INTEREST_INCOME":null,"NET_INTEREST_INCOME_YOY":null,"FEE_COMMISSION_INCOME":null,"FEE_COMMISSION_INCOME_YOY":null,"ACCOUNTS_RECE_TDAYS":4.104298444485,"INVENTORY_TDAYS":565.515714918105,"CURRENT_ASSETS_TDAYS":0.257998731035,"TOTAL_ASSETS_TDAYS":0.197270270958,"PREMIUM_EXPENSE":null,"LOAN_DEPOSIT":null,"LOAN_EQUITY":null,"LOAN_ASSETS":null,"DEPOSIT_EQUITY":null,"DEPOSIT_ASSETS":null,"EQUITY_MULTIPLIER":2.934564160734,"EQUITY_RATIO":1.869721020369},{"SECUCODE":"09923.HK","SECURITY_CODE":"09923","SECURITY_NAME_ABBR":"移卡","ORG_CODE":"10000063841","STD_REPORT_DATE":"2023-12-31 00:00:00","REPORT_DATE":"2023-12-31 00:00:00","DATE_TYPE_CODE":"001","REPORT_TYPE":"2023年年报","PER_NETCASH_OPERATE":-0.711233387912,"PER_OI":8.857956065582,"BPS":5.862050516815,"BASIC_EPS":0.03,"DILUTED_EPS":0.03,"OPERATE_INCOME":3950585000,"OPERATE_INCOME_YOY":15.5805894322,"GROSS_PROFIT":738164000,"GROSS_PROFIT_YOY":-28.399214700314,"HOLDER_PROFIT":11627000,"HOLDER_PROFIT_YOY":-92.4461740362,"GROSS_PROFIT_RATIO":18.684928940904,"EPS_TTM":0.026069925131,"OPERATE_INCOME_QOQ":2.922031822948,"NET_PROFIT_RATIO":0.2559874044,"ROE_AVG":0.424481641908,"GROSS_PROFIT_QOQ":-14.920131441092,"ROA":0.148016986754,"HOLDER_PROFIT_QOQ":-89.61708131664,"ROE_YEARLY":0.424481641908,"ROIC_YEARLY":0.173401633125,"TOTAL_ASSETS":8420361000,"TOTAL_LIABILITIES":5802960000,"TAX_EBT":71.459615058983,"OCF_SALES":-8.029317177076,"TOTAL_PARENT_EQUITY":2707876000,"DEBT_ASSET_RATIO":68.9158101416,"OPERATE_PROFIT":125014000,"PRETAX_PROFIT":35434000,"NETCASH_OPERATE":-317205000,"NETCASH_INVEST":-321461000,"NETCASH_FINANCE":-72469000,"END_CASH":887909000,"DIVI_RATIO":null,"DIVIDEND_RATE":null,"CURRENT_RATIO":1.237459550672,"COMMON_ACS":1000000000,"CURRENTDEBT_DEBT":91.164871031336,"ISSUED_COMMON_SHARES":461933242,"HK_COMMON_SHARES":461933242,"PER_SHARES":400,"TOTAL_MARKET_CAP":3940290554.26,"HKSK_MARKET_CAP":3940290554.26,"PE_TTM":342.191284518399,"PB_TTM":1.346458758498,"REPORT_DATE_SQ":"2022-12-31 00:00:00","REPORT_TYPE_SQ":"2022年年报","OPERATE_INCOME_SQ":3418035000,"DPS_HKD":null,"OPERATE_INCOME_QOQ_SQ":3.639221555524,"NET_PROFIT_RATIO_SQ":2.8090116105,"HOLDER_PROFIT_SQ":153922000,"HOLDER_PROFIT_QOQ_SQ":-20.36773569385,"ROE_AVG_SQ":5.105558674436,"PE_TTM_SQ":45.602368439145,"PB_TTM_SQ":1.806833747389,"ROA_SQ":2.191719730077,"START_DATE":"2023-01-01 00:00:00","FISCAL_YEAR":"12-31","CURRENCY":"HKD","IS_CNY_CODE":0,"DPS_HKD_LY":null,"ORG_TYPE":"一般企业","PREMIUM_INCOME":null,"PREMIUM_INCOME_YOY":null,"NET_INTEREST_INCOME":null,"NET_INTEREST_INCOME_YOY":null,"FEE_COMMISSION_INCOME":null,"FEE_COMMISSION_INCOME_YOY":null,"ACCOUNTS_RECE_TDAYS":12.547494763388,"INVENTORY_TDAYS":711.105921416713,"CURRENT_ASSETS_TDAYS":0.642135886066,"TOTAL_ASSETS_TDAYS":0.502927399686,"PREMIUM_EXPENSE":null,"LOAN_DEPOSIT":null,"LOAN_EQUITY":null,"LOAN_ASSETS":null,"DEPOSIT_EQUITY":null,"DEPOSIT_ASSETS":null,"EQUITY_MULTIPLIER":3.217069528128,"EQUITY_RATIO":2.142993253753},{"SECUCODE":"09923.HK","SECURITY_CODE":"09923","SECURITY_NAME_ABBR":"移卡","ORG_CODE":"10000063841","STD_REPORT_DATE":"2023-06-30 00:00:00","REPORT_DATE":"2023-06-30 00:00:00","DATE_TYPE_CODE":"002","REPORT_TYPE":"2023年中报","PER_NETCASH_OPERATE":-0.518876040616,"PER_OI":4.623919502278,"BPS":6.068225330274,"BASIC_EPS":0.09,"DILUTED_EPS":0.09,"OPERATE_INCOME":2062235000,"OPERATE_INCOME_YOY":25.6047312627,"GROSS_PROFIT":366001000,"GROSS_PROFIT_YOY":-30.856060090832,"HOLDER_PROFIT":33163000,"HOLDER_PROFIT_YOY":-55.843308523,"GROSS_PROFIT_RATIO":17.747783351558,"EPS_TTM":0.25108474723,"OPERATE_INCOME_QOQ":12.299171892623,"NET_PROFIT_RATIO":1.4717042432,"ROE_AVG":1.190034897595,"GROSS_PROFIT_QOQ":-15.842858583977,"ROA":0.443582506239,"HOLDER_PROFIT_QOQ":-27.247566949494,"ROE_YEARLY":2.38006979519,"ROIC_YEARLY":1.085665268704,"TOTAL_ASSETS":7662350000,"TOTAL_LIABILITIES":4951116000,"TAX_EBT":30.876625595008,"OCF_SALES":-11.221563012945,"TOTAL_PARENT_EQUITY":2803115000,"DEBT_ASSET_RATIO":64.6161556181,"OPERATE_PROFIT":94056000,"PRETAX_PROFIT":43907000,"NETCASH_OPERATE":-231415000,"NETCASH_INVEST":-121544000,"NETCASH_FINANCE":68584000,"END_CASH":1323290000,"DIVI_RATIO":null,"DIVIDEND_RATE":null,"CURRENT_RATIO":1.343288600301,"COMMON_ACS":1000000000,"CURRENTDEBT_DEBT":90.168297410119,"ISSUED_COMMON_SHARES":461933242,"HK_COMMON_SHARES":461933242,"PER_SHARES":400,"TOTAL_MARKET_CAP":3940290554.26,"HKSK_MARKET_CAP":3940290554.26,"PE_TTM":342.191284518399,"PB_TTM":1.346458758498,"REPORT_DATE_SQ":"2022-06-30 00:00:00","REPORT_TYPE_SQ":"2022年中报","OPERATE_INCOME_SQ":1641845000,"DPS_HKD":null,"OPERATE_INCOME_QOQ_SQ":7.826407361199,"NET_PROFIT_RATIO_SQ":1.2943365543,"HOLDER_PROFIT_SQ":75103000,"HOLDER_PROFIT_QOQ_SQ":-54.080449666694,"ROE_AVG_SQ":2.405135062474,"PE_TTM_SQ":45.602368439145,"PB_TTM_SQ":1.806833747389,"ROA_SQ":1.128963776667,"START_DATE":"2023-01-01 00:00:00","FISCAL_YEAR":"12-31","CURRENCY":"HKD","IS_CNY_CODE":0,"DPS_HKD_LY":null,"ORG_TYPE":"一般企业","PREMIUM_INCOME":null,"PREMIUM_INCOME_YOY":null,"NET_INTEREST_INCOME":null,"NET_INTEREST_INCOME_YOY":null,"FEE_COMMISSION_INCOME":null,"FEE_COMMISSION_INCOME_YOY":null,"ACCOUNTS_RECE_TDAYS":7.064142088857,"INVENTORY_TDAYS":313.073827980805,"CURRENT_ASSETS_TDAYS":0.350871715621,"TOTAL_ASSETS_TDAYS":0.275840958223,"PREMIUM_EXPENSE":null,"LOAN_DEPOSIT":null,"LOAN_EQUITY":null,"LOAN_ASSETS":null,"DEPOSIT_EQUITY":null,"DEPOSIT_ASSETS":null,"EQUITY_MULTIPLIER":2.826148536058,"EQUITY_RATIO":1.766290715864},{"SECUCODE":"09923.HK","SECURITY_CODE":"09923","SECURITY_NAME_ABBR":"移卡","ORG_CODE":"10000063841","STD_REPORT_DATE":"2022-12-31 00:00:00","REPORT_DATE":"2022-12-31 00:00:00","DATE_TYPE_CODE":"001","REPORT_TYPE":"2022年年报","PER_NETCASH_OPERATE":0.434190483895,"PER_OI":7.654425410003,"BPS":5.997262695375,"BASIC_EPS":0.39,"DILUTED_EPS":0.38,"OPERATE_INCOME":3418035000,"OPERATE_INCOME_YOY":11.7504492204,"GROSS_PROFIT":1030944000,"GROSS_PROFIT_YOY":26.555203653237,"HOLDER_PROFIT":153922000,"HOLDER_PROFIT_YOY":-63.4332223104,"GROSS_PROFIT_RATIO":30.161891262085,"EPS_TTM":0.34469643171,"OPERATE_INCOME_QOQ":3.639221555524,"NET_PROFIT_RATIO":2.8090116105,"ROE_AVG":5.105558674436,"GROSS_PROFIT_QOQ":3.52579197516,"ROA":2.191719730077,"HOLDER_PROFIT_QOQ":-20.36773569385,"ROE_YEARLY":5.105558674436,"ROIC_YEARLY":2.9196016973,"TOTAL_ASSETS":7289998000,"TOTAL_LIABILITIES":4608731000,"TAX_EBT":21.595159156609,"OCF_SALES":5.672411195321,"TOTAL_PARENT_EQUITY":2770335000,"DEBT_ASSET_RATIO":63.2199213223,"OPERATE_PROFIT":166826000,"PRETAX_PROFIT":122458000,"NETCASH_OPERATE":193885000,"NETCASH_INVEST":-480674000,"NETCASH_FINANCE":-254424000,"END_CASH":1591508000,"DIVI_RATIO":null,"DIVIDEND_RATE":null,"CURRENT_RATIO":1.39074787935,"COMMON_ACS":1000000000,"CURRENTDEBT_DEBT":89.834707211161,"ISSUED_COMMON_SHARES":461933242,"HK_COMMON_SHARES":461933242,"PER_SHARES":400,"TOTAL_MARKET_CAP":3940290554.26,"HKSK_MARKET_CAP":3940290554.26,"PE_TTM":342.191284518399,"PB_TTM":1.346458758498,"REPORT_DATE_SQ":"2021-12-31 00:00:00","REPORT_TYPE_SQ":"2021年年报","OPERATE_INCOME_SQ":3058632000,"DPS_HKD":null,"OPERATE_INCOME_QOQ_SQ":16.818503160666,"NET_PROFIT_RATIO_SQ":12.536944621,"HOLDER_PROFIT_SQ":420934000,"HOLDER_PROFIT_QOQ_SQ":-18.897058256842,"ROE_AVG_SQ":13.197415221138,"PE_TTM_SQ":45.602368439145,"PB_TTM_SQ":1.806833747389,"ROA_SQ":6.800684311043,"START_DATE":"2022-01-01 00:00:00","FISCAL_YEAR":"12-31","CURRENCY":"HKD","IS_CNY_CODE":0,"DPS_HKD_LY":null,"ORG_TYPE":"一般企业","PREMIUM_INCOME":null,"PREMIUM_INCOME_YOY":null,"NET_INTEREST_INCOME":null,"NET_INTEREST_INCOME_YOY":null,"FEE_COMMISSION_INCOME":null,"FEE_COMMISSION_INCOME_YOY":null,"ACCOUNTS_RECE_TDAYS":10.428055391994,"INVENTORY_TDAYS":289.941819506863,"CURRENT_ASSETS_TDAYS":0.60040234274,"TOTAL_ASSETS_TDAYS":0.486699415782,"PREMIUM_EXPENSE":null,"LOAN_DEPOSIT":null,"LOAN_EQUITY":null,"LOAN_ASSETS":null,"DEPOSIT_EQUITY":null,"DEPOSIT_ASSETS":null,"EQUITY_MULTIPLIER":2.718863134478,"EQUITY_RATIO":1.663600611478},{"SECUCODE":"09923.HK","SECURITY_CODE":"09923","SECURITY_NAME_ABBR":"移卡","ORG_CODE":"10000063841","STD_REPORT_DATE":"2022-06-30 00:00:00","REPORT_DATE":"2022-06-30 00:00:00","DATE_TYPE_CODE":"002","REPORT_TYPE":"2022年中报","PER_NETCASH_OPERATE":0.1123294551,"PER_OI":3.633181399643,"BPS":6.464074737449,"BASIC_EPS":0.19,"DILUTED_EPS":0.18,"OPERATE_INCOME":1641845000,"OPERATE_INCOME_YOY":17.0686021174,"GROSS_PROFIT":529332000,"GROSS_PROFIT_YOY":52.054900766692,"HOLDER_PROFIT":75103000,"HOLDER_PROFIT_YOY":-75.1927358248,"GROSS_PROFIT_RATIO":32.240071383109,"EPS_TTM":0.427726896216,"OPERATE_INCOME_QOQ":7.826407361199,"NET_PROFIT_RATIO":1.2943365543,"ROE_AVG":2.405135062474,"GROSS_PROFIT_QOQ":22.245095872922,"ROA":1.128963776667,"HOLDER_PROFIT_QOQ":-54.080449666694,"ROE_YEARLY":4.810270124948,"ROIC_YEARLY":2.992096857199,"TOTAL_ASSETS":6548991000,"TOTAL_LIABILITIES":3648031000,"TAX_EBT":52.831110025969,"OCF_SALES":3.091765666065,"TOTAL_PARENT_EQUITY":2985971000,"DEBT_ASSET_RATIO":55.7037106938,"OPERATE_PROFIT":68156000,"PRETAX_PROFIT":45053000,"NETCASH_OPERATE":50762000,"NETCASH_INVEST":-364969000,"NETCASH_FINANCE":-428824000,"END_CASH":1350302000,"DIVI_RATIO":null,"DIVIDEND_RATE":null,"CURRENT_RATIO":1.419883003056,"COMMON_ACS":1000000000,"CURRENTDEBT_DEBT":96.488242561535,"ISSUED_COMMON_SHARES":461933242,"HK_COMMON_SHARES":461933242,"PER_SHARES":400,"TOTAL_MARKET_CAP":3940290554.26,"HKSK_MARKET_CAP":3940290554.26,"PE_TTM":342.191284518399,"PB_TTM":1.346458758498,"REPORT_DATE_SQ":"2021-06-30 00:00:00","REPORT_TYPE_SQ":"2021年中报","OPERATE_INCOME_SQ":1402464000,"DPS_HKD":null,"OPERATE_INCOME_QOQ_SQ":14.190482545489,"NET_PROFIT_RATIO_SQ":20.754400826,"HOLDER_PROFIT_SQ":302746000,"HOLDER_PROFIT_QOQ_SQ":18.251019008583,"ROE_AVG_SQ":9.107950571229,"PE_TTM_SQ":45.602368439145,"PB_TTM_SQ":1.806833747389,"ROA_SQ":5.311000231126,"START_DATE":"2022-01-01 00:00:00","FISCAL_YEAR":"12-31","CURRENCY":"HKD","IS_CNY_CODE":0,"DPS_HKD_LY":null,"ORG_TYPE":"一般企业","PREMIUM_INCOME":null,"PREMIUM_INCOME_YOY":null,"NET_INTEREST_INCOME":null,"NET_INTEREST_INCOME_YOY":null,"FEE_COMMISSION_INCOME":null,"FEE_COMMISSION_INCOME_YOY":null,"ACCOUNTS_RECE_TDAYS":3.882889785995,"INVENTORY_TDAYS":118.623767126939,"CURRENT_ASSETS_TDAYS":0.309033950923,"TOTAL_ASSETS_TDAYS":0.246805524666,"PREMIUM_EXPENSE":null,"LOAN_DEPOSIT":null,"LOAN_EQUITY":null,"LOAN_ASSETS":null,"DEPOSIT_EQUITY":null,"DEPOSIT_ASSETS":null,"EQUITY_MULTIPLIER":2.257525439857,"EQUITY_RATIO":1.221723519753},{"SECUCODE":"09923.HK","SECURITY_CODE":"09923","SECURITY_NAME_ABBR":"移卡","ORG_CODE":"10000063841","STD_REPORT_DATE":"2021-12-31 00:00:00","REPORT_DATE":"2021-12-31 00:00:00","DATE_TYPE_CODE":"001","REPORT_TYPE":"2021年年报","PER_NETCASH_OPERATE":-0.363184261629,"PER_OI":6.768339819381,"BPS":7.05567320916,"BASIC_EPS":1,"DILUTED_EPS":0.97,"OPERATE_INCOME":3058632000,"OPERATE_INCOME_YOY":33.3956124616,"GROSS_PROFIT":814620000,"GROSS_PROFIT_YOY":9.539196346811,"HOLDER_PROFIT":420934000,"HOLDER_PROFIT_YOY":-4.0949449428,"GROSS_PROFIT_RATIO":26.633475357611,"EPS_TTM":0.931470132246,"OPERATE_INCOME_QOQ":16.818503160666,"NET_PROFIT_RATIO":12.536944621,"ROE_AVG":13.197415221138,"GROSS_PROFIT_QOQ":7.068081062716,"ROA":6.800684311043,"HOLDER_PROFIT_QOQ":-18.897058256842,"ROE_YEARLY":13.197415221138,"ROIC_YEARLY":10.806356314732,"TOTAL_ASSETS":6755776000,"TOTAL_LIABILITIES":3555105000,"TAX_EBT":14.10642086754,"OCF_SALES":-5.365928297356,"TOTAL_PARENT_EQUITY":3259250000,"DEBT_ASSET_RATIO":52.6231923616,"OPERATE_PROFIT":482436000,"PRETAX_PROFIT":446435000,"NETCASH_OPERATE":-164124000,"NETCASH_INVEST":-166053000,"NETCASH_FINANCE":-129672000,"END_CASH":2057872000,"DIVI_RATIO":null,"DIVIDEND_RATE":null,"CURRENT_RATIO":1.649359647115,"COMMON_ACS":1000000000,"CURRENTDEBT_DEBT":95.977559031309,"ISSUED_COMMON_SHARES":461933242,"HK_COMMON_SHARES":461933242,"PER_SHARES":400,"TOTAL_MARKET_CAP":3940290554.26,"HKSK_MARKET_CAP":3940290554.26,"PE_TTM":342.191284518399,"PB_TTM":1.346458758498,"REPORT_DATE_SQ":"2020-12-31 00:00:00","REPORT_TYPE_SQ":"2020年年报","OPERATE_INCOME_SQ":2292903000,"DPS_HKD":null,"OPERATE_INCOME_QOQ_SQ":-0.763542800508,"NET_PROFIT_RATIO_SQ":19.2236653709,"HOLDER_PROFIT_SQ":438907000,"HOLDER_PROFIT_QOQ_SQ":34.653875417239,"ROE_AVG_SQ":34.232230273397,"PE_TTM_SQ":45.602368439145,"PB_TTM_SQ":1.806833747389,"ROA_SQ":11.115191202805,"START_DATE":"2021-01-01 00:00:00","FISCAL_YEAR":"12-31","CURRENCY":"HKD","IS_CNY_CODE":0,"DPS_HKD_LY":null,"ORG_TYPE":"一般企业","PREMIUM_INCOME":null,"PREMIUM_INCOME_YOY":null,"NET_INTEREST_INCOME":null,"NET_INTEREST_INCOME_YOY":null,"FEE_COMMISSION_INCOME":null,"FEE_COMMISSION_INCOME_YOY":null,"ACCOUNTS_RECE_TDAYS":8.571858557126,"INVENTORY_TDAYS":172.060420180954,"CURRENT_ASSETS_TDAYS":0.574835201287,"TOTAL_ASSETS_TDAYS":0.49415800709,"PREMIUM_EXPENSE":null,"LOAN_DEPOSIT":null,"LOAN_EQUITY":null,"LOAN_ASSETS":null,"DEPOSIT_EQUITY":null,"DEPOSIT_ASSETS":null,"EQUITY_MULTIPLIER":2.11073740475,"EQUITY_RATIO":1.090773951062},{"SECUCODE":"09923.HK","SECURITY_CODE":"09923","SECURITY_NAME_ABBR":"移卡","ORG_CODE":"10000063841","STD_REPORT_DATE":"2021-06-30 00:00:00","REPORT_DATE":"2021-06-30 00:00:00","DATE_TYPE_CODE":"002","REPORT_TYPE":"2021年中报","PER_NETCASH_OPERATE":-0.521315597303,"PER_OI":3.103463553788,"BPS":7.637820098689,"BASIC_EPS":0.71,"DILUTED_EPS":0.69,"OPERATE_INCOME":1402464000,"OPERATE_INCOME_YOY":30.2086176643,"GROSS_PROFIT":348119000,"GROSS_PROFIT_YOY":5.186203562418,"HOLDER_PROFIT":302746000,"HOLDER_PROFIT_YOY":35.9794467326,"GROSS_PROFIT_RATIO":24.821956214206,"EPS_TTM":1.148503509522,"OPERATE_INCOME_QOQ":14.190482545489,"NET_PROFIT_RATIO":20.754400826,"ROE_AVG":9.107950571229,"GROSS_PROFIT_QOQ":2.307985031176,"ROA":5.311000231126,"HOLDER_PROFIT_QOQ":18.251019008583,"ROE_YEARLY":18.215901142458,"ROIC_YEARLY":18.097845027794,"TOTAL_ASSETS":5777325000,"TOTAL_LIABILITIES":2255450000,"TAX_EBT":16.349199050471,"OCF_SALES":-16.797864330207,"TOTAL_PARENT_EQUITY":3528163000,"DEBT_ASSET_RATIO":39.039693976,"OPERATE_PROFIT":360701000,"PRETAX_PROFIT":347962000,"NETCASH_OPERATE":-235584000,"NETCASH_INVEST":-193392000,"NETCASH_FINANCE":29096000,"END_CASH":2126303000,"DIVI_RATIO":null,"DIVIDEND_RATE":null,"CURRENT_RATIO":2.248285120796,"COMMON_ACS":1000000000,"CURRENTDEBT_DEBT":95.046975104746,"ISSUED_COMMON_SHARES":461933242,"HK_COMMON_SHARES":461933242,"PER_SHARES":400,"TOTAL_MARKET_CAP":3940290554.26,"HKSK_MARKET_CAP":3940290554.26,"PE_TTM":342.191284518399,"PB_TTM":1.346458758498,"REPORT_DATE_SQ":"2020-06-30 00:00:00","REPORT_TYPE_SQ":"2020年中报","OPERATE_INCOME_SQ":1077090000,"DPS_HKD":null,"OPERATE_INCOME_QOQ_SQ":2.326198318083,"NET_PROFIT_RATIO_SQ":20.6706031994,"HOLDER_PROFIT_SQ":222641000,"HOLDER_PROFIT_QOQ_SQ":284.999350365567,"ROE_AVG_SQ":22.584643850165,"PE_TTM_SQ":45.602368439145,"PB_TTM_SQ":1.806833747389,"ROA_SQ":7.480924802662,"START_DATE":"2021-01-01 00:00:00","FISCAL_YEAR":"12-31","CURRENCY":"HKD","IS_CNY_CODE":0,"DPS_HKD_LY":null,"ORG_TYPE":"一般企业","PREMIUM_INCOME":null,"PREMIUM_INCOME_YOY":null,"NET_INTEREST_INCOME":null,"NET_INTEREST_INCOME_YOY":null,"FEE_COMMISSION_INCOME":null,"FEE_COMMISSION_INCOME_YOY":null,"ACCOUNTS_RECE_TDAYS":4.368856186958,"INVENTORY_TDAYS":98.666011603968,"CURRENT_ASSETS_TDAYS":0.285235786224,"TOTAL_ASSETS_TDAYS":0.246030884905,"PREMIUM_EXPENSE":null,"LOAN_DEPOSIT":null,"LOAN_EQUITY":null,"LOAN_ASSETS":null,"DEPOSIT_EQUITY":null,"DEPOSIT_ASSETS":null,"EQUITY_MULTIPLIER":1.640411712511,"EQUITY_RATIO":0.639270351171},{"SECUCODE":"09923.HK","SECURITY_CODE":"09923","SECURITY_NAME_ABBR":"移卡","ORG_CODE":"10000063841","STD_REPORT_DATE":"2020-12-31 00:00:00","REPORT_DATE":"2020-12-31 00:00:00","DATE_TYPE_CODE":"001","REPORT_TYPE":"2020年年报","PER_NETCASH_OPERATE":-0.01138702145,"PER_OI":5.129535489793,"BPS":6.753761618221,"BASIC_EPS":1.45,"DILUTED_EPS":0.87,"OPERATE_INCOME":2292903000,"OPERATE_INCOME_YOY":1.5448939978,"GROSS_PROFIT":743679000,"GROSS_PROFIT_YOY":14.936440841686,"HOLDER_PROFIT":438907000,"HOLDER_PROFIT_YOY":418.4165455984,"GROSS_PROFIT_RATIO":32.433949451852,"EPS_TTM":0.981894582204,"OPERATE_INCOME_QOQ":-0.763542800508,"NET_PROFIT_RATIO":19.2236653709,"ROE_AVG":34.232230273397,"GROSS_PROFIT_QOQ":7.160519088281,"ROA":11.115191202805,"HOLDER_PROFIT_QOQ":34.653875417239,"ROE_YEARLY":34.232230273397,"ROIC_YEARLY":18.037050362595,"TOTAL_ASSETS":5623390000,"TOTAL_LIABILITIES":2456535000,"TAX_EBT":3.010592744828,"OCF_SALES":-0.221989329684,"TOTAL_PARENT_EQUITY":3119787000,"DEBT_ASSET_RATIO":43.6842367326,"OPERATE_PROFIT":352426000,"PRETAX_PROFIT":454462000,"NETCASH_OPERATE":-5090000,"NETCASH_INVEST":-82471000,"NETCASH_FINANCE":2299254000,"END_CASH":2542316000,"DIVI_RATIO":null,"DIVIDEND_RATE":null,"CURRENT_RATIO":2.157026770185,"COMMON_ACS":1000000000,"CURRENTDEBT_DEBT":94.624705123273,"ISSUED_COMMON_SHARES":461933242,"HK_COMMON_SHARES":461933242,"PER_SHARES":400,"TOTAL_MARKET_CAP":3940290554.26,"HKSK_MARKET_CAP":3940290554.26,"PE_TTM":342.191284518399,"PB_TTM":1.346458758498,"REPORT_DATE_SQ":"2019-12-31 00:00:00","REPORT_TYPE_SQ":"2019年年报","OPERATE_INCOME_SQ":2258019000,"DPS_HKD":null,"OPERATE_INCOME_QOQ_SQ":40.409397525632,"NET_PROFIT_RATIO_SQ":3.7494370065,"HOLDER_PROFIT_SQ":84663000,"HOLDER_PROFIT_QOQ_SQ":168.022078673351,"ROE_AVG_SQ":-12.510602455928,"PE_TTM_SQ":45.602368439145,"PB_TTM_SQ":1.806833747389,"ROA_SQ":4.187941175016,"START_DATE":"2020-01-01 00:00:00","FISCAL_YEAR":"12-31","CURRENCY":"HKD","IS_CNY_CODE":0,"DPS_HKD_LY":null,"ORG_TYPE":"一般企业","PREMIUM_INCOME":null,"PREMIUM_INCOME_YOY":null,"NET_INTEREST_INCOME":null,"NET_INTEREST_INCOME_YOY":null,"FEE_COMMISSION_INCOME":null,"FEE_COMMISSION_INCOME_YOY":null,"ACCOUNTS_RECE_TDAYS":12.187573252115,"INVENTORY_TDAYS":131.837630839929,"CURRENT_ASSETS_TDAYS":0.66710929141,"TOTAL_ASSETS_TDAYS":0.580670967984,"PREMIUM_EXPENSE":null,"LOAN_DEPOSIT":null,"LOAN_EQUITY":null,"LOAN_ASSETS":null,"DEPOSIT_EQUITY":null,"DEPOSIT_ASSETS":null,"EQUITY_MULTIPLIER":1.775701760894,"EQUITY_RATIO":0.787404717053},{"SECUCODE":"09923.HK","SECURITY_CODE":"09923","SECURITY_NAME_ABBR":"移卡","ORG_CODE":"10000063841","STD_REPORT_DATE":"2020-06-30 00:00:00","REPORT_DATE":"2020-06-30 00:00:00","DATE_TYPE_CODE":"002","REPORT_TYPE":"2020年中报","PER_NETCASH_OPERATE":0.031222059225,"PER_OI":2.527163731172,"BPS":5.470725572939,"BASIC_EPS":1.07,"DILUTED_EPS":0.33,"OPERATE_INCOME":1077090000,"OPERATE_INCOME_YOY":5.1266685146,"GROSS_PROFIT":330955000,"GROSS_PROFIT_YOY":16.531809411135,"HOLDER_PROFIT":222641000,"HOLDER_PROFIT_YOY":1293.9135564136,"GROSS_PROFIT_RATIO":30.726773064461,"EPS_TTM":0.764777383973,"OPERATE_INCOME_QOQ":2.326198318083,"NET_PROFIT_RATIO":20.6706031994,"ROE_AVG":22.584643850165,"GROSS_PROFIT_QOQ":7.25633080127,"ROA":7.480924802662,"HOLDER_PROFIT_QOQ":284.999350365567,"ROE_YEARLY":45.169287700331,"ROIC_YEARLY":25.108008836933,"TOTAL_ASSETS":3678196000,"TOTAL_LIABILITIES":1151086000,"TAX_EBT":8.884387149581,"OCF_SALES":1.235458503932,"TOTAL_PARENT_EQUITY":2527110000,"DEBT_ASSET_RATIO":31.2948521503,"OPERATE_PROFIT":127380000,"PRETAX_PROFIT":244350000,"NETCASH_OPERATE":13307000,"NETCASH_INVEST":-39682000,"NETCASH_FINANCE":1549697000,"END_CASH":1963985000,"DIVI_RATIO":null,"DIVIDEND_RATE":null,"CURRENT_RATIO":2.997813149619,"COMMON_ACS":1000000000,"CURRENTDEBT_DEBT":95.659837753217,"ISSUED_COMMON_SHARES":461933242,"HK_COMMON_SHARES":461933242,"PER_SHARES":400,"TOTAL_MARKET_CAP":3940290554.26,"HKSK_MARKET_CAP":3940290554.26,"PE_TTM":342.191284518399,"PB_TTM":1.346458758498,"REPORT_DATE_SQ":"2019-06-30 00:00:00","REPORT_TYPE_SQ":"2019年中报","OPERATE_INCOME_SQ":1024564000,"DPS_HKD":null,"OPERATE_INCOME_QOQ_SQ":61.968232162443,"NET_PROFIT_RATIO_SQ":-1.8200912779,"HOLDER_PROFIT_SQ":-18648000,"HOLDER_PROFIT_QOQ_SQ":31.910237753974,"ROE_AVG_SQ":2.576130044282,"PE_TTM_SQ":45.602368439145,"PB_TTM_SQ":1.806833747389,"ROA_SQ":-0.928000350339,"START_DATE":"2020-01-01 00:00:00","FISCAL_YEAR":"12-31","CURRENCY":"HKD","IS_CNY_CODE":0,"DPS_HKD_LY":null,"ORG_TYPE":"一般企业","PREMIUM_INCOME":null,"PREMIUM_INCOME_YOY":null,"NET_INTEREST_INCOME":null,"NET_INTEREST_INCOME_YOY":null,"FEE_COMMISSION_INCOME":null,"FEE_COMMISSION_INCOME_YOY":null,"ACCOUNTS_RECE_TDAYS":14.895656142389,"INVENTORY_TDAYS":108.088512241055,"CURRENT_ASSETS_TDAYS":0.41738509742,"TOTAL_ASSETS_TDAYS":0.361911296468,"PREMIUM_EXPENSE":null,"LOAN_DEPOSIT":null,"LOAN_EQUITY":null,"LOAN_ASSETS":null,"DEPOSIT_EQUITY":null,"DEPOSIT_ASSETS":null,"EQUITY_MULTIPLIER":1.455495012088,"EQUITY_RATIO":0.455495012089}],"count":15},"success":true,"message":"ok","code":0}