{"version":"32e73dfae8d090e10ee16cdb31b35457","result":{"pages":2,"data":[{"SECUCODE":"09936.HK","SECURITY_CODE":"09936","SECURITY_NAME_ABBR":"稀美资源","ORG_CODE":"10720599","STD_REPORT_DATE":"2024-06-30 00:00:00","REPORT_DATE":"2024-06-30 00:00:00","DATE_TYPE_CODE":"002","REPORT_TYPE":"2024年中报","PER_NETCASH_OPERATE":0.361244444444,"PER_OI":2.507202777778,"BPS":3.039227777778,"BASIC_EPS":0.17,"DILUTED_EPS":0.17,"OPERATE_INCOME":902593000,"OPERATE_INCOME_YOY":42.6670375891,"GROSS_PROFIT":190576000,"GROSS_PROFIT_YOY":27.396335390025,"HOLDER_PROFIT":62266000,"HOLDER_PROFIT_YOY":38.9276869185,"GROSS_PROFIT_RATIO":21.114278528639,"EPS_TTM":0.290525,"OPERATE_INCOME_QOQ":19.237597181808,"NET_PROFIT_RATIO":6.9489792188,"ROE_AVG":5.86272968227,"GROSS_PROFIT_QOQ":13.202265288766,"ROA":3.15697757398,"HOLDER_PROFIT_QOQ":20.021344472241,"ROE_YEARLY":11.72545936454,"ROIC_YEARLY":7.233970127024,"TOTAL_ASSETS":2016430000,"TOTAL_LIABILITIES":845681000,"TAX_EBT":17.13983750578,"OCF_SALES":14.408265962621,"TOTAL_PARENT_EQUITY":1094122000,"DEBT_ASSET_RATIO":41.9395168689,"OPERATE_PROFIT":91229000,"PRETAX_PROFIT":75695000,"NETCASH_OPERATE":130048000,"NETCASH_INVEST":-14835000,"NETCASH_FINANCE":304000,"END_CASH":233335000,"DIVI_RATIO":null,"DIVIDEND_RATE":null,"CURRENT_RATIO":2.11511552768,"COMMON_ACS":1000000000,"CURRENTDEBT_DEBT":80.333009728255,"ISSUED_COMMON_SHARES":360000000,"HK_COMMON_SHARES":360000000,"PER_SHARES":2500,"TOTAL_MARKET_CAP":1098000000,"HKSK_MARKET_CAP":1098000000,"PE_TTM":9.484204073416,"PB_TTM":0.915914897973,"REPORT_DATE_SQ":"2023-06-30 00:00:00","REPORT_TYPE_SQ":"2023年中报","OPERATE_INCOME_SQ":632657000,"DPS_HKD":null,"OPERATE_INCOME_QOQ_SQ":15.980580619851,"NET_PROFIT_RATIO_SQ":7.7171358256,"HOLDER_PROFIT_SQ":44819000,"HOLDER_PROFIT_QOQ_SQ":-16.501804571581,"ROE_AVG_SQ":4.640822651282,"PE_TTM_SQ":12.934117777897,"PB_TTM_SQ":1.122354758088,"ROA_SQ":2.57455135345,"START_DATE":"2024-01-01 00:00:00","FISCAL_YEAR":"12-31","CURRENCY":"HKD","IS_CNY_CODE":0,"DPS_HKD_LY":null,"ORG_TYPE":"一般企业","PREMIUM_INCOME":null,"PREMIUM_INCOME_YOY":null,"NET_INTEREST_INCOME":null,"NET_INTEREST_INCOME_YOY":null,"FEE_COMMISSION_INCOME":null,"FEE_COMMISSION_INCOME_YOY":null,"ACCOUNTS_RECE_TDAYS":2.308779235662,"INVENTORY_TDAYS":1.127803899859,"CURRENT_ASSETS_TDAYS":0.643141398861,"TOTAL_ASSETS_TDAYS":0.457627896353,"PREMIUM_EXPENSE":null,"LOAN_DEPOSIT":null,"LOAN_EQUITY":null,"LOAN_ASSETS":null,"DEPOSIT_EQUITY":null,"DEPOSIT_ASSETS":null,"EQUITY_MULTIPLIER":1.722341851242,"EQUITY_RATIO":0.772931172209},{"SECUCODE":"09936.HK","SECURITY_CODE":"09936","SECURITY_NAME_ABBR":"稀美资源","ORG_CODE":"10720599","STD_REPORT_DATE":"2023-12-31 00:00:00","REPORT_DATE":"2023-12-31 00:00:00","DATE_TYPE_CODE":"001","REPORT_TYPE":"2023年年报","PER_NETCASH_OPERATE":-0.663152777778,"PER_OI":3.897691666667,"BPS":2.861133333333,"BASIC_EPS":0.24,"DILUTED_EPS":0.24,"OPERATE_INCOME":1403169000,"OPERATE_INCOME_YOY":37.6195566889,"GROSS_PROFIT":310424000,"GROSS_PROFIT_YOY":1.478914677999,"HOLDER_PROFIT":87142000,"HOLDER_PROFIT_YOY":-16.7968377031,"GROSS_PROFIT_RATIO":22.123065717672,"EPS_TTM":0.242061111111,"OPERATE_INCOME_QOQ":18.657413123299,"NET_PROFIT_RATIO":7.3787975647,"ROE_AVG":8.843191208564,"GROSS_PROFIT_QOQ":6.30048797192,"ROA":4.804771358177,"HOLDER_PROFIT_QOQ":-0.353340727951,"ROE_YEARLY":8.843191208564,"ROIC_YEARLY":5.716307995268,"TOTAL_ASSETS":1928229000,"TOTAL_LIABILITIES":822049000,"TAX_EBT":12.037619152804,"OCF_SALES":-17.013987623729,"TOTAL_PARENT_EQUITY":1030008000,"DEBT_ASSET_RATIO":42.6323325705,"OPERATE_PROFIT":144032000,"PRETAX_PROFIT":117706000,"NETCASH_OPERATE":-238735000,"NETCASH_INVEST":-84322000,"NETCASH_FINANCE":113364000,"END_CASH":115547000,"DIVI_RATIO":null,"DIVIDEND_RATE":null,"CURRENT_RATIO":1.91342710283,"COMMON_ACS":1000000000,"CURRENTDEBT_DEBT":87.092131977534,"ISSUED_COMMON_SHARES":360000000,"HK_COMMON_SHARES":360000000,"PER_SHARES":2500,"TOTAL_MARKET_CAP":1090800000,"HKSK_MARKET_CAP":1090800000,"PE_TTM":9.422012571295,"PB_TTM":0.909908898642,"REPORT_DATE_SQ":"2022-12-31 00:00:00","REPORT_TYPE_SQ":"2022年年报","OPERATE_INCOME_SQ":1019600000,"DPS_HKD":null,"OPERATE_INCOME_QOQ_SQ":14.956654486252,"NET_PROFIT_RATIO_SQ":10.5401137701,"HOLDER_PROFIT_SQ":104734000,"HOLDER_PROFIT_QOQ_SQ":-8.960997192354,"ROE_AVG_SQ":13.396555120376,"PE_TTM_SQ":16.25451816267,"PB_TTM_SQ":1.410481651209,"ROA_SQ":7.530873207819,"START_DATE":"2023-01-01 00:00:00","FISCAL_YEAR":"12-31","CURRENCY":"HKD","IS_CNY_CODE":0,"DPS_HKD_LY":null,"ORG_TYPE":"一般企业","PREMIUM_INCOME":null,"PREMIUM_INCOME_YOY":null,"NET_INTEREST_INCOME":null,"NET_INTEREST_INCOME_YOY":null,"FEE_COMMISSION_INCOME":null,"FEE_COMMISSION_INCOME_YOY":null,"ACCOUNTS_RECE_TDAYS":4.423567872939,"INVENTORY_TDAYS":1.831909486242,"CURRENT_ASSETS_TDAYS":1.094024910824,"TOTAL_ASSETS_TDAYS":0.773668979583,"PREMIUM_EXPENSE":null,"LOAN_DEPOSIT":null,"LOAN_EQUITY":null,"LOAN_ASSETS":null,"DEPOSIT_EQUITY":null,"DEPOSIT_ASSETS":null,"EQUITY_MULTIPLIER":1.743142164929,"EQUITY_RATIO":0.798099626411},{"SECUCODE":"09936.HK","SECURITY_CODE":"09936","SECURITY_NAME_ABBR":"稀美资源","ORG_CODE":"10720599","STD_REPORT_DATE":"2023-06-30 00:00:00","REPORT_DATE":"2023-06-30 00:00:00","DATE_TYPE_CODE":"002","REPORT_TYPE":"2023年中报","PER_NETCASH_OPERATE":-0.121294444444,"PER_OI":1.757380555556,"BPS":2.751922222222,"BASIC_EPS":0.12,"DILUTED_EPS":0.12,"OPERATE_INCOME":632657000,"OPERATE_INCOME_YOY":34.6883988086,"GROSS_PROFIT":149593000,"GROSS_PROFIT_YOY":-8.487899772433,"HOLDER_PROFIT":44819000,"HOLDER_PROFIT_YOY":-27.8300215774,"GROSS_PROFIT_RATIO":23.645197950864,"EPS_TTM":0.242919444444,"OPERATE_INCOME_QOQ":15.980580619851,"NET_PROFIT_RATIO":7.7171358256,"ROE_AVG":4.640822651282,"GROSS_PROFIT_QOQ":-4.535796011769,"ROA":2.57455135345,"HOLDER_PROFIT_QOQ":-16.501804571581,"ROE_YEARLY":9.281645302564,"ROIC_YEARLY":6.270470071898,"TOTAL_ASSETS":1782612000,"TOTAL_LIABILITIES":726629000,"TAX_EBT":18.580838822647,"OCF_SALES":-6.902002190761,"TOTAL_PARENT_EQUITY":990692000,"DEBT_ASSET_RATIO":40.7620390752,"OPERATE_PROFIT":72129000,"PRETAX_PROFIT":59965000,"NETCASH_OPERATE":-43666000,"NETCASH_INVEST":-53582000,"NETCASH_FINANCE":-55888000,"END_CASH":170650000,"DIVI_RATIO":null,"DIVIDEND_RATE":null,"CURRENT_RATIO":2.444566785342,"COMMON_ACS":1000000000,"CURRENTDEBT_DEBT":71.743902321542,"ISSUED_COMMON_SHARES":360000000,"HK_COMMON_SHARES":360000000,"PER_SHARES":2500,"TOTAL_MARKET_CAP":1090800000,"HKSK_MARKET_CAP":1090800000,"PE_TTM":9.422012571295,"PB_TTM":0.909908898642,"REPORT_DATE_SQ":"2022-06-30 00:00:00","REPORT_TYPE_SQ":"2022年中报","OPERATE_INCOME_SQ":469719000,"DPS_HKD":null,"OPERATE_INCOME_QOQ_SQ":16.13381780091,"NET_PROFIT_RATIO_SQ":13.342445164,"HOLDER_PROFIT_SQ":62102000,"HOLDER_PROFIT_QOQ_SQ":12.715426443933,"ROE_AVG_SQ":9.476895279865,"PE_TTM_SQ":16.25451816267,"PB_TTM_SQ":1.410481651209,"ROA_SQ":4.96768111554,"START_DATE":"2023-01-01 00:00:00","FISCAL_YEAR":"12-31","CURRENCY":"HKD","IS_CNY_CODE":0,"DPS_HKD_LY":null,"ORG_TYPE":"一般企业","PREMIUM_INCOME":null,"PREMIUM_INCOME_YOY":null,"NET_INTEREST_INCOME":null,"NET_INTEREST_INCOME_YOY":null,"FEE_COMMISSION_INCOME":null,"FEE_COMMISSION_INCOME_YOY":null,"ACCOUNTS_RECE_TDAYS":2.156151857665,"INVENTORY_TDAYS":0.923054581031,"CURRENT_ASSETS_TDAYS":0.512349000843,"TOTAL_ASSETS_TDAYS":0.363419071291,"PREMIUM_EXPENSE":null,"LOAN_DEPOSIT":null,"LOAN_EQUITY":null,"LOAN_ASSETS":null,"DEPOSIT_EQUITY":null,"DEPOSIT_ASSETS":null,"EQUITY_MULTIPLIER":1.688106721414,"EQUITY_RATIO":0.733456008527},{"SECUCODE":"09936.HK","SECURITY_CODE":"09936","SECURITY_NAME_ABBR":"稀美资源","ORG_CODE":"10720599","STD_REPORT_DATE":"2022-12-31 00:00:00","REPORT_DATE":"2022-12-31 00:00:00","DATE_TYPE_CODE":"001","REPORT_TYPE":"2022年年报","PER_NETCASH_OPERATE":-0.117433333333,"PER_OI":2.832222222222,"BPS":2.613386111111,"BASIC_EPS":0.32,"DILUTED_EPS":0.32,"OPERATE_INCOME":1019600000,"OPERATE_INCOME_YOY":33.5035516711,"GROSS_PROFIT":305900000,"GROSS_PROFIT_YOY":48.841961852861,"HOLDER_PROFIT":104734000,"HOLDER_PROFIT_YOY":2.6150002449,"GROSS_PROFIT_RATIO":30.00196155355,"EPS_TTM":0.290927777778,"OPERATE_INCOME_QOQ":14.956654486252,"NET_PROFIT_RATIO":10.5401137701,"ROE_AVG":13.396555120376,"GROSS_PROFIT_QOQ":5.241067066668,"ROA":7.530873207819,"HOLDER_PROFIT_QOQ":-8.960997192354,"ROE_YEARLY":13.396555120376,"ROIC_YEARLY":9.415066497604,"TOTAL_ASSETS":1699082000,"TOTAL_LIABILITIES":696976000,"TAX_EBT":13.426619620732,"OCF_SALES":-4.146331894861,"TOTAL_PARENT_EQUITY":940819000,"DEBT_ASSET_RATIO":41.0207394346,"OPERATE_PROFIT":147348000,"PRETAX_PROFIT":124134000,"NETCASH_OPERATE":-42276000,"NETCASH_INVEST":-168425000,"NETCASH_FINANCE":355679000,"END_CASH":325414000,"DIVI_RATIO":null,"DIVIDEND_RATE":null,"CURRENT_RATIO":2.307594736314,"COMMON_ACS":1000000000,"CURRENTDEBT_DEBT":74.315901838801,"ISSUED_COMMON_SHARES":360000000,"HK_COMMON_SHARES":360000000,"PER_SHARES":2500,"TOTAL_MARKET_CAP":1090800000,"HKSK_MARKET_CAP":1090800000,"PE_TTM":9.422012571295,"PB_TTM":0.909908898642,"REPORT_DATE_SQ":"2021-12-31 00:00:00","REPORT_TYPE_SQ":"2021年年报","OPERATE_INCOME_SQ":763725000,"DPS_HKD":null,"OPERATE_INCOME_QOQ_SQ":21.080701442869,"NET_PROFIT_RATIO_SQ":13.3641035713,"HOLDER_PROFIT_SQ":102065000,"HOLDER_PROFIT_QOQ_SQ":21.246139225469,"ROE_AVG_SQ":17.835128379199,"PE_TTM_SQ":16.25451816267,"PB_TTM_SQ":1.410481651209,"ROA_SQ":10.543714344007,"START_DATE":"2022-01-01 00:00:00","FISCAL_YEAR":"12-31","CURRENCY":"HKD","IS_CNY_CODE":0,"DPS_HKD_LY":null,"ORG_TYPE":"一般企业","PREMIUM_INCOME":null,"PREMIUM_INCOME_YOY":null,"NET_INTEREST_INCOME":null,"NET_INTEREST_INCOME_YOY":null,"FEE_COMMISSION_INCOME":null,"FEE_COMMISSION_INCOME_YOY":null,"ACCOUNTS_RECE_TDAYS":5.561707350334,"INVENTORY_TDAYS":1.861424666681,"CURRENT_ASSETS_TDAYS":1.048077847226,"TOTAL_ASSETS_TDAYS":0.733140940162,"PREMIUM_EXPENSE":null,"LOAN_DEPOSIT":null,"LOAN_EQUITY":null,"LOAN_ASSETS":null,"DEPOSIT_EQUITY":null,"DEPOSIT_ASSETS":null,"EQUITY_MULTIPLIER":1.695511253301,"EQUITY_RATIO":0.740818372078},{"SECUCODE":"09936.HK","SECURITY_CODE":"09936","SECURITY_NAME_ABBR":"稀美资源","ORG_CODE":"10720599","STD_REPORT_DATE":"2022-06-30 00:00:00","REPORT_DATE":"2022-06-30 00:00:00","DATE_TYPE_CODE":"002","REPORT_TYPE":"2022年中报","PER_NETCASH_OPERATE":-0.556196666667,"PER_OI":1.56573,"BPS":1.910613888889,"BASIC_EPS":0.21,"DILUTED_EPS":0.21,"OPERATE_INCOME":469719000,"OPERATE_INCOME_YOY":35.5606477326,"GROSS_PROFIT":163468000,"GROSS_PROFIT_YOY":108.712749929777,"HOLDER_PROFIT":62102000,"HOLDER_PROFIT_YOY":26.4188583992,"GROSS_PROFIT_RATIO":34.801232226076,"EPS_TTM":0.383476666667,"OPERATE_INCOME_QOQ":16.13381780091,"NET_PROFIT_RATIO":13.342445164,"ROE_AVG":9.476895279865,"GROSS_PROFIT_QOQ":41.429544569872,"ROA":4.96768111554,"HOLDER_PROFIT_QOQ":12.715426443933,"ROE_YEARLY":18.953790559729,"ROIC_YEARLY":11.69349163288,"TOTAL_ASSETS":1417866000,"TOTAL_LIABILITIES":670921000,"TAX_EBT":19.83935126562,"OCF_SALES":-35.523153204363,"TOTAL_PARENT_EQUITY":687821000,"DEBT_ASSET_RATIO":47.3190696441,"OPERATE_PROFIT":86819000,"PRETAX_PROFIT":78183000,"NETCASH_OPERATE":-166859000,"NETCASH_INVEST":-56005000,"NETCASH_FINANCE":201944000,"END_CASH":146851000,"DIVI_RATIO":null,"DIVIDEND_RATE":null,"CURRENT_RATIO":1.73150752819,"COMMON_ACS":1000000000,"CURRENTDEBT_DEBT":93.836234072268,"ISSUED_COMMON_SHARES":360000000,"HK_COMMON_SHARES":360000000,"PER_SHARES":2500,"TOTAL_MARKET_CAP":1090800000,"HKSK_MARKET_CAP":1090800000,"PE_TTM":9.422012571295,"PB_TTM":0.909908898642,"REPORT_DATE_SQ":"2021-06-30 00:00:00","REPORT_TYPE_SQ":"2021年中报","OPERATE_INCOME_SQ":346501000,"DPS_HKD":null,"OPERATE_INCOME_QOQ_SQ":4.837514044664,"NET_PROFIT_RATIO_SQ":14.1771596619,"HOLDER_PROFIT_SQ":49124000,"HOLDER_PROFIT_QOQ_SQ":19.72862649163,"ROE_AVG_SQ":8.993783406979,"PE_TTM_SQ":16.25451816267,"PB_TTM_SQ":1.410481651209,"ROA_SQ":5.607020074967,"START_DATE":"2022-01-01 00:00:00","FISCAL_YEAR":"12-31","CURRENCY":"HKD","IS_CNY_CODE":0,"DPS_HKD_LY":null,"ORG_TYPE":"一般企业","PREMIUM_INCOME":null,"PREMIUM_INCOME_YOY":null,"NET_INTEREST_INCOME":null,"NET_INTEREST_INCOME_YOY":null,"FEE_COMMISSION_INCOME":null,"FEE_COMMISSION_INCOME_YOY":null,"ACCOUNTS_RECE_TDAYS":2.934789943268,"INVENTORY_TDAYS":0.834329303593,"CURRENT_ASSETS_TDAYS":0.5104237639,"TOTAL_ASSETS_TDAYS":0.375738978762,"PREMIUM_EXPENSE":null,"LOAN_DEPOSIT":null,"LOAN_EQUITY":null,"LOAN_ASSETS":null,"DEPOSIT_EQUITY":null,"DEPOSIT_ASSETS":null,"EQUITY_MULTIPLIER":1.898220083139,"EQUITY_RATIO":0.975429653936},{"SECUCODE":"09936.HK","SECURITY_CODE":"09936","SECURITY_NAME_ABBR":"稀美资源","ORG_CODE":"10720599","STD_REPORT_DATE":"2021-12-31 00:00:00","REPORT_DATE":"2021-12-31 00:00:00","DATE_TYPE_CODE":"001","REPORT_TYPE":"2021年年报","PER_NETCASH_OPERATE":0.373226666667,"PER_OI":2.54575,"BPS":1.729936111111,"BASIC_EPS":0.34,"DILUTED_EPS":null,"OPERATE_INCOME":763725000,"OPERATE_INCOME_YOY":26.9379973805,"GROSS_PROFIT":205520000,"GROSS_PROFIT_YOY":19.038517231393,"HOLDER_PROFIT":102065000,"HOLDER_PROFIT_YOY":45.1663371688,"GROSS_PROFIT_RATIO":26.910209826836,"EPS_TTM":0.340216666667,"OPERATE_INCOME_QOQ":21.080701442869,"NET_PROFIT_RATIO":13.3641035713,"ROE_AVG":17.835128379199,"GROSS_PROFIT_QOQ":31.362973947281,"ROA":10.543714344007,"HOLDER_PROFIT_QOQ":21.246139225469,"ROE_YEARLY":17.835128379199,"ROIC_YEARLY":12.921926571705,"TOTAL_ASSETS":1082375000,"TOTAL_LIABILITIES":459598000,"TAX_EBT":13.905525094897,"OCF_SALES":14.660774493437,"TOTAL_PARENT_EQUITY":622777000,"DEBT_ASSET_RATIO":42.4619933018,"OPERATE_PROFIT":130332000,"PRETAX_PROFIT":118550000,"NETCASH_OPERATE":111968000,"NETCASH_INVEST":-185473000,"NETCASH_FINANCE":61809000,"END_CASH":169939000,"DIVI_RATIO":null,"DIVIDEND_RATE":null,"CURRENT_RATIO":1.77614250684,"COMMON_ACS":1000000000,"CURRENTDEBT_DEBT":91.926422656321,"ISSUED_COMMON_SHARES":360000000,"HK_COMMON_SHARES":360000000,"PER_SHARES":2500,"TOTAL_MARKET_CAP":1090800000,"HKSK_MARKET_CAP":1090800000,"PE_TTM":9.422012571295,"PB_TTM":0.909908898642,"REPORT_DATE_SQ":"2020-12-31 00:00:00","REPORT_TYPE_SQ":"2020年年报","OPERATE_INCOME_SQ":601652000,"DPS_HKD":null,"OPERATE_INCOME_QOQ_SQ":-2.099249373122,"NET_PROFIT_RATIO_SQ":11.6859912375,"HOLDER_PROFIT_SQ":70309000,"HOLDER_PROFIT_QOQ_SQ":9.348657812063,"ROE_AVG_SQ":16.693298130732,"PE_TTM_SQ":16.25451816267,"PB_TTM_SQ":1.410481651209,"ROA_SQ":10.18318700195,"START_DATE":"2021-01-01 00:00:00","FISCAL_YEAR":"12-31","CURRENCY":"HKD","IS_CNY_CODE":0,"DPS_HKD_LY":null,"ORG_TYPE":"一般企业","PREMIUM_INCOME":null,"PREMIUM_INCOME_YOY":null,"NET_INTEREST_INCOME":null,"NET_INTEREST_INCOME_YOY":null,"FEE_COMMISSION_INCOME":null,"FEE_COMMISSION_INCOME_YOY":null,"ACCOUNTS_RECE_TDAYS":5.443688500344,"INVENTORY_TDAYS":2.126535743538,"CURRENT_ASSETS_TDAYS":1.038481856397,"TOTAL_ASSETS_TDAYS":0.788957844254,"PREMIUM_EXPENSE":null,"LOAN_DEPOSIT":null,"LOAN_EQUITY":null,"LOAN_ASSETS":null,"DEPOSIT_EQUITY":null,"DEPOSIT_ASSETS":null,"EQUITY_MULTIPLIER":1.737981653145,"EQUITY_RATIO":0.737981653144},{"SECUCODE":"09936.HK","SECURITY_CODE":"09936","SECURITY_NAME_ABBR":"稀美资源","ORG_CODE":"10720599","STD_REPORT_DATE":"2021-06-30 00:00:00","REPORT_DATE":"2021-06-30 00:00:00","DATE_TYPE_CODE":"002","REPORT_TYPE":"2021年中报","PER_NETCASH_OPERATE":0.20836,"PER_OI":1.155003333333,"BPS":1.585102777778,"BASIC_EPS":0.16,"DILUTED_EPS":null,"OPERATE_INCOME":346501000,"OPERATE_INCOME_YOY":9.1699328284,"GROSS_PROFIT":78322000,"GROSS_PROFIT_YOY":-17.137113838341,"HOLDER_PROFIT":49124000,"HOLDER_PROFIT_YOY":39.3470059286,"GROSS_PROFIT_RATIO":22.603686569447,"EPS_TTM":0.2806,"OPERATE_INCOME_QOQ":4.837514044664,"NET_PROFIT_RATIO":14.1771596619,"ROE_AVG":8.993783406979,"GROSS_PROFIT_QOQ":-9.381986678251,"ROA":5.607020074967,"HOLDER_PROFIT_QOQ":19.72862649163,"ROE_YEARLY":17.987566813957,"ROIC_YEARLY":14.182992477448,"TOTAL_ASSETS":898572000,"TOTAL_LIABILITIES":327935000,"TAX_EBT":12.481738820595,"OCF_SALES":18.039774776985,"TOTAL_PARENT_EQUITY":570637000,"DEBT_ASSET_RATIO":36.495127825,"OPERATE_PROFIT":60368000,"PRETAX_PROFIT":56130000,"NETCASH_OPERATE":62508000,"NETCASH_INVEST":-28718000,"NETCASH_FINANCE":-40189000,"END_CASH":180420000,"DIVI_RATIO":null,"DIVIDEND_RATE":null,"CURRENT_RATIO":2.409013522306,"COMMON_ACS":1000000000,"CURRENTDEBT_DEBT":90.45115647918,"ISSUED_COMMON_SHARES":360000000,"HK_COMMON_SHARES":360000000,"PER_SHARES":2500,"TOTAL_MARKET_CAP":1090800000,"HKSK_MARKET_CAP":1090800000,"PE_TTM":9.422012571295,"PB_TTM":0.909908898642,"REPORT_DATE_SQ":"2020-06-30 00:00:00","REPORT_TYPE_SQ":"2020年中报","OPERATE_INCOME_SQ":317396000,"DPS_HKD":null,"OPERATE_INCOME_QOQ_SQ":2.315681168879,"NET_PROFIT_RATIO_SQ":11.1069452671,"HOLDER_PROFIT_SQ":35253000,"HOLDER_PROFIT_QOQ_SQ":-7.686785734796,"ROE_AVG_SQ":8.71769318557,"PE_TTM_SQ":16.25451816267,"PB_TTM_SQ":1.410481651209,"ROA_SQ":5.315647179629,"START_DATE":"2021-01-01 00:00:00","FISCAL_YEAR":"12-31","CURRENCY":"HKD","IS_CNY_CODE":0,"DPS_HKD_LY":null,"ORG_TYPE":"一般企业","PREMIUM_INCOME":null,"PREMIUM_INCOME_YOY":null,"NET_INTEREST_INCOME":null,"NET_INTEREST_INCOME_YOY":null,"FEE_COMMISSION_INCOME":null,"FEE_COMMISSION_INCOME_YOY":null,"ACCOUNTS_RECE_TDAYS":1.976899158465,"INVENTORY_TDAYS":1.141690063496,"CURRENT_ASSETS_TDAYS":0.482925867261,"TOTAL_ASSETS_TDAYS":0.395496715047,"PREMIUM_EXPENSE":null,"LOAN_DEPOSIT":null,"LOAN_EQUITY":null,"LOAN_ASSETS":null,"DEPOSIT_EQUITY":null,"DEPOSIT_ASSETS":null,"EQUITY_MULTIPLIER":1.574682328695,"EQUITY_RATIO":0.574682328696},{"SECUCODE":"09936.HK","SECURITY_CODE":"09936","SECURITY_NAME_ABBR":"稀美资源","ORG_CODE":"10720599","STD_REPORT_DATE":"2020-12-31 00:00:00","REPORT_DATE":"2020-12-31 00:00:00","DATE_TYPE_CODE":"001","REPORT_TYPE":"2020年年报","PER_NETCASH_OPERATE":-0.31437,"PER_OI":2.005506666667,"BPS":1.449338888889,"BASIC_EPS":0.25,"DILUTED_EPS":null,"OPERATE_INCOME":601652000,"OPERATE_INCOME_YOY":0.1678198733,"GROSS_PROFIT":172650000,"GROSS_PROFIT_YOY":8.582174033358,"HOLDER_PROFIT":70309000,"HOLDER_PROFIT_YOY":0.9432607822,"GROSS_PROFIT_RATIO":28.695990373173,"EPS_TTM":0.234363333333,"OPERATE_INCOME_QOQ":-2.099249373122,"NET_PROFIT_RATIO":11.6859912375,"ROE_AVG":16.693298130732,"GROSS_PROFIT_QOQ":1.625776982483,"ROA":10.18318700195,"HOLDER_PROFIT_QOQ":9.348657812063,"ROE_YEARLY":16.693298130732,"ROIC_YEARLY":12.378007290294,"TOTAL_ASSETS":853660000,"TOTAL_LIABILITIES":331898000,"TAX_EBT":19.337111651599,"OCF_SALES":-15.675340562318,"TOTAL_PARENT_EQUITY":521762000,"DEBT_ASSET_RATIO":38.8794133496,"OPERATE_PROFIT":95186000,"PRETAX_PROFIT":87164000,"NETCASH_OPERATE":-93149000,"NETCASH_INVEST":-16335000,"NETCASH_FINANCE":242307000,"END_CASH":186378000,"DIVI_RATIO":null,"DIVIDEND_RATE":null,"CURRENT_RATIO":2.400212554721,"COMMON_ACS":1000000000,"CURRENTDEBT_DEBT":90.436820951015,"ISSUED_COMMON_SHARES":360000000,"HK_COMMON_SHARES":360000000,"PER_SHARES":2500,"TOTAL_MARKET_CAP":1090800000,"HKSK_MARKET_CAP":1090800000,"PE_TTM":9.422012571295,"PB_TTM":0.909908898642,"REPORT_DATE_SQ":"2019-12-31 00:00:00","REPORT_TYPE_SQ":"2019年年报","OPERATE_INCOME_SQ":600644000,"DPS_HKD":null,"OPERATE_INCOME_QOQ_SQ":16.693801265936,"NET_PROFIT_RATIO_SQ":11.5962200571,"HOLDER_PROFIT_SQ":69652000,"HOLDER_PROFIT_QOQ_SQ":-9.626188838863,"ROE_AVG_SQ":24.348652909694,"PE_TTM_SQ":16.25451816267,"PB_TTM_SQ":1.410481651209,"ROA_SQ":13.926138601588,"START_DATE":"2020-01-01 00:00:00","FISCAL_YEAR":"12-31","CURRENCY":"HKD","IS_CNY_CODE":0,"DPS_HKD_LY":null,"ORG_TYPE":"一般企业","PREMIUM_INCOME":null,"PREMIUM_INCOME_YOY":null,"NET_INTEREST_INCOME":null,"NET_INTEREST_INCOME_YOY":null,"FEE_COMMISSION_INCOME":null,"FEE_COMMISSION_INCOME_YOY":null,"ACCOUNTS_RECE_TDAYS":3.764713243875,"INVENTORY_TDAYS":2.150186574177,"CURRENT_ASSETS_TDAYS":1.074231823688,"TOTAL_ASSETS_TDAYS":0.87140121835,"PREMIUM_EXPENSE":null,"LOAN_DEPOSIT":null,"LOAN_EQUITY":null,"LOAN_ASSETS":null,"DEPOSIT_EQUITY":null,"DEPOSIT_ASSETS":null,"EQUITY_MULTIPLIER":1.636109950514,"EQUITY_RATIO":0.636109950514},{"SECUCODE":"09936.HK","SECURITY_CODE":"09936","SECURITY_NAME_ABBR":"稀美资源","ORG_CODE":"10720599","STD_REPORT_DATE":"2020-06-30 00:00:00","REPORT_DATE":"2020-06-30 00:00:00","DATE_TYPE_CODE":"002","REPORT_TYPE":"2020年中报","PER_NETCASH_OPERATE":-0.278033333333,"PER_OI":1.057986666667,"BPS":1.356025,"BASIC_EPS":0.13,"DILUTED_EPS":null,"OPERATE_INCOME":317396000,"OPERATE_INCOME_YOY":4.583062866,"GROSS_PROFIT":94520000,"GROSS_PROFIT_YOY":13.013534841456,"HOLDER_PROFIT":35253000,"HOLDER_PROFIT_YOY":-13.1849188564,"GROSS_PROFIT_RATIO":29.779833394246,"EPS_TTM":0.214326666667,"OPERATE_INCOME_QOQ":2.315681168879,"NET_PROFIT_RATIO":11.1069452671,"ROE_AVG":8.71769318557,"GROSS_PROFIT_QOQ":6.845110814822,"ROA":5.315647179629,"HOLDER_PROFIT_QOQ":-7.686785734796,"ROE_YEARLY":17.435386371139,"ROIC_YEARLY":13.128545453022,"TOTAL_ASSETS":799162000,"TOTAL_LIABILITIES":310993000,"TAX_EBT":19.923223696166,"OCF_SALES":-26.279474221477,"TOTAL_PARENT_EQUITY":488169000,"DEBT_ASSET_RATIO":38.9148883455,"OPERATE_PROFIT":47943000,"PRETAX_PROFIT":44024000,"NETCASH_OPERATE":-83410000,"NETCASH_INVEST":-7374000,"NETCASH_FINANCE":225216000,"END_CASH":193824000,"DIVI_RATIO":null,"DIVIDEND_RATE":null,"CURRENT_RATIO":2.456513792322,"COMMON_ACS":1000000000,"CURRENTDEBT_DEBT":87.962751573187,"ISSUED_COMMON_SHARES":360000000,"HK_COMMON_SHARES":360000000,"PER_SHARES":2500,"TOTAL_MARKET_CAP":1090800000,"HKSK_MARKET_CAP":1090800000,"PE_TTM":9.422012571295,"PB_TTM":0.909908898642,"REPORT_DATE_SQ":"2019-06-30 00:00:00","REPORT_TYPE_SQ":"2019年中报","OPERATE_INCOME_SQ":303487000,"DPS_HKD":null,"OPERATE_INCOME_QOQ_SQ":0,"NET_PROFIT_RATIO_SQ":13.3801447838,"HOLDER_PROFIT_SQ":40607000,"HOLDER_PROFIT_QOQ_SQ":0,"ROE_AVG_SQ":null,"PE_TTM_SQ":16.25451816267,"PB_TTM_SQ":1.410481651209,"ROA_SQ":null,"START_DATE":"2020-01-01 00:00:00","FISCAL_YEAR":"12-31","CURRENCY":"HKD","IS_CNY_CODE":0,"DPS_HKD_LY":null,"ORG_TYPE":"一般企业","PREMIUM_INCOME":null,"PREMIUM_INCOME_YOY":null,"NET_INTEREST_INCOME":null,"NET_INTEREST_INCOME_YOY":null,"FEE_COMMISSION_INCOME":null,"FEE_COMMISSION_INCOME_YOY":null,"ACCOUNTS_RECE_TDAYS":1.705288664308,"INVENTORY_TDAYS":1.419723477646,"CURRENT_ASSETS_TDAYS":0.592317504099,"TOTAL_ASSETS_TDAYS":0.478587681112,"PREMIUM_EXPENSE":null,"LOAN_DEPOSIT":null,"LOAN_EQUITY":null,"LOAN_ASSETS":null,"DEPOSIT_EQUITY":null,"DEPOSIT_ASSETS":null,"EQUITY_MULTIPLIER":1.637060116475,"EQUITY_RATIO":0.637060116476}],"count":18},"success":true,"message":"ok","code":0}