{"version":"7ce804b8e56f5e47a2fda41707dc7cdd","result":{"pages":2,"data":[{"SECUCODE":"09938.HK","SECURITY_CODE":"09938","SECURITY_NAME_ABBR":"华和控股","ORG_CODE":"10000050747","STD_REPORT_DATE":"2024-06-30 00:00:00","REPORT_DATE":"2024-09-30 00:00:00","DATE_TYPE_CODE":"002","REPORT_TYPE":"2024年中报","PER_NETCASH_OPERATE":0.02656492982,"PER_OI":0.21857946736,"BPS":0.17300570613,"BASIC_EPS":0.001082148,"DILUTED_EPS":0.001082148,"OPERATE_INCOME":218579467.36,"OPERATE_INCOME_YOY":202.4054296836,"GROSS_PROFIT":19035885.11,"GROSS_PROFIT_YOY":112.112672912819,"HOLDER_PROFIT":1106496.33,"HOLDER_PROFIT_YOY":175.9752321981,"GROSS_PROFIT_RATIO":8.708908178758,"EPS_TTM":-0.0499563443,"OPERATE_INCOME_QOQ":0,"NET_PROFIT_RATIO":0.5062215328,"ROE_AVG":0.641608885263,"GROSS_PROFIT_QOQ":0,"ROA":0.4066253082,"HOLDER_PROFIT_QOQ":0,"ROE_YEARLY":1.283217770527,"ROIC_YEARLY":0.920882531189,"TOTAL_ASSETS":300956180.28,"TOTAL_LIABILITIES":127950474.15,"TAX_EBT":20.633893919793,"OCF_SALES":12.15344247145,"TOTAL_PARENT_EQUITY":173005706.13,"DEBT_ASSET_RATIO":42.5146524756,"OPERATE_PROFIT":1781035.25,"PRETAX_PROFIT":1394167.34,"NETCASH_OPERATE":26564929.82,"NETCASH_INVEST":-24116569.97,"NETCASH_FINANCE":-695280.09,"END_CASH":29428113.07,"DIVI_RATIO":null,"DIVIDEND_RATE":null,"CURRENT_RATIO":1.335942320109,"COMMON_ACS":10000000000,"CURRENTDEBT_DEBT":98.241533636396,"ISSUED_COMMON_SHARES":1000000000,"HK_COMMON_SHARES":1000000000,"PER_SHARES":5000,"TOTAL_MARKET_CAP":92000000,"HKSK_MARKET_CAP":92000000,"PE_TTM":-1.760293892546,"PB_TTM":0.479548807122,"REPORT_DATE_SQ":"2023-06-30 00:00:00","REPORT_TYPE_SQ":"2023年中报","OPERATE_INCOME_SQ":73549879.76,"DPS_HKD":null,"OPERATE_INCOME_QOQ_SQ":0,"NET_PROFIT_RATIO_SQ":-2.0149216489,"HOLDER_PROFIT_SQ":-1481972.45,"HOLDER_PROFIT_QOQ_SQ":0,"ROE_AVG_SQ":-0.659373411533,"PE_TTM_SQ":-31.50912106136,"PB_TTM_SQ":0.389162440499,"ROA_SQ":-0.570585689428,"START_DATE":"2024-04-01 00:00:00","FISCAL_YEAR":"3-31","CURRENCY":"HKD","IS_CNY_CODE":0,"DPS_HKD_LY":null,"ORG_TYPE":"一般企业","PREMIUM_INCOME":null,"PREMIUM_INCOME_YOY":null,"NET_INTEREST_INCOME":null,"NET_INTEREST_INCOME_YOY":null,"FEE_COMMISSION_INCOME":null,"FEE_COMMISSION_INCOME_YOY":null,"ACCOUNTS_RECE_TDAYS":9.446538184227,"INVENTORY_TDAYS":null,"CURRENT_ASSETS_TDAYS":1.581273975105,"TOTAL_ASSETS_TDAYS":0.803255653649,"PREMIUM_EXPENSE":null,"LOAN_DEPOSIT":null,"LOAN_EQUITY":null,"LOAN_ASSETS":null,"DEPOSIT_EQUITY":null,"DEPOSIT_ASSETS":null,"EQUITY_MULTIPLIER":1.739573722809,"EQUITY_RATIO":0.73957372281},{"SECUCODE":"09938.HK","SECURITY_CODE":"09938","SECURITY_NAME_ABBR":"华和控股","ORG_CODE":"10000050747","STD_REPORT_DATE":"2023-12-31 00:00:00","REPORT_DATE":"2024-03-31 00:00:00","DATE_TYPE_CODE":"001","REPORT_TYPE":"2023年年报","PER_NETCASH_OPERATE":-0.0090237987,"PER_OI":0.21614418375,"BPS":0.17281471995,"BASIC_EPS":-0.049950905,"DILUTED_EPS":-0.049950905,"OPERATE_INCOME":216144183.75,"OPERATE_INCOME_YOY":14.4348452124,"GROSS_PROFIT":19264187.5,"GROSS_PROFIT_YOY":-12.892756409244,"HOLDER_PROFIT":-49956344.3,"HOLDER_PROFIT_YOY":-2032.1879382889,"GROSS_PROFIT_RATIO":8.91265597148,"EPS_TTM":-0.00283098201,"OPERATE_INCOME_QOQ":0,"NET_PROFIT_RATIO":-23.1125091748,"ROE_AVG":-25.256316829142,"GROSS_PROFIT_QOQ":0,"ROA":-19.988936548385,"HOLDER_PROFIT_QOQ":0,"ROE_YEARLY":-25.256316829142,"ROIC_YEARLY":-24.110818934777,"TOTAL_ASSETS":244561806.6,"TOTAL_LIABILITIES":71747086.65,"TAX_EBT":11.051926460381,"OCF_SALES":-4.174897766593,"TOTAL_PARENT_EQUITY":172814719.95,"DEBT_ASSET_RATIO":29.3369956852,"OPERATE_PROFIT":-55850732.4,"PRETAX_PROFIT":-56163492.15,"NETCASH_OPERATE":-9023798.7,"NETCASH_INVEST":-25931862.75,"NETCASH_FINANCE":5180026.7,"END_CASH":27834711.2,"DIVI_RATIO":null,"DIVIDEND_RATE":null,"CURRENT_RATIO":1.575955582909,"COMMON_ACS":10000000000,"CURRENTDEBT_DEBT":96.492425103926,"ISSUED_COMMON_SHARES":1000000000,"HK_COMMON_SHARES":1000000000,"PER_SHARES":5000,"TOTAL_MARKET_CAP":80000000,"HKSK_MARKET_CAP":80000000,"PE_TTM":-1.530690341344,"PB_TTM":0.416998962715,"REPORT_DATE_SQ":"2022-12-31 00:00:00","REPORT_TYPE_SQ":"2022年年报","OPERATE_INCOME_SQ":182391673.5,"DPS_HKD":null,"OPERATE_INCOME_QOQ_SQ":0,"NET_PROFIT_RATIO_SQ":1.368850492,"HOLDER_PROFIT_SQ":2496669.32,"HOLDER_PROFIT_QOQ_SQ":0,"ROE_AVG_SQ":1.167326323372,"PE_TTM_SQ":32.959326788219,"PB_TTM_SQ":0.385065993757,"ROA_SQ":1.038329352828,"START_DATE":"2023-04-01 00:00:00","FISCAL_YEAR":"3-31","CURRENCY":"HKD","IS_CNY_CODE":0,"DPS_HKD_LY":null,"ORG_TYPE":"一般企业","PREMIUM_INCOME":null,"PREMIUM_INCOME_YOY":null,"NET_INTEREST_INCOME":null,"NET_INTEREST_INCOME_YOY":null,"FEE_COMMISSION_INCOME":null,"FEE_COMMISSION_INCOME_YOY":null,"ACCOUNTS_RECE_TDAYS":12.214708368555,"INVENTORY_TDAYS":null,"CURRENT_ASSETS_TDAYS":1.809801049028,"TOTAL_ASSETS_TDAYS":0.864853590634,"PREMIUM_EXPENSE":null,"LOAN_DEPOSIT":null,"LOAN_EQUITY":null,"LOAN_ASSETS":null,"DEPOSIT_EQUITY":null,"DEPOSIT_ASSETS":null,"EQUITY_MULTIPLIER":1.415167681726,"EQUITY_RATIO":0.415167681727},{"SECUCODE":"09938.HK","SECURITY_CODE":"09938","SECURITY_NAME_ABBR":"华和控股","ORG_CODE":"10000050747","STD_REPORT_DATE":"2023-06-30 00:00:00","REPORT_DATE":"2023-09-30 00:00:00","DATE_TYPE_CODE":"002","REPORT_TYPE":"2023年中报","PER_NETCASH_OPERATE":-0.01887931962,"PER_OI":0.07354987976,"BPS":0.22400632982,"BASIC_EPS":-0.001468208,"DILUTED_EPS":-0.001468208,"OPERATE_INCOME":73549879.76,"OPERATE_INCOME_YOY":-21.3818402958,"GROSS_PROFIT":8974421.4,"GROSS_PROFIT_YOY":-15.902807836849,"HOLDER_PROFIT":-1481972.45,"HOLDER_PROFIT_YOY":-137.9821260583,"GROSS_PROFIT_RATIO":12.201816548558,"EPS_TTM":0.00249666932,"OPERATE_INCOME_QOQ":0,"NET_PROFIT_RATIO":-2.0149216489,"ROE_AVG":-0.659373411533,"GROSS_PROFIT_QOQ":0,"ROA":-0.570585689428,"HOLDER_PROFIT_QOQ":0,"ROE_YEARLY":-1.318746823065,"ROIC_YEARLY":-1.369024029974,"TOTAL_ASSETS":261058393.96,"TOTAL_LIABILITIES":37052064.14,"TAX_EBT":-14.539007092199,"OCF_SALES":-25.668729414113,"TOTAL_PARENT_EQUITY":224006329.82,"DEBT_ASSET_RATIO":14.1930177298,"OPERATE_PROFIT":-1249812.06,"PRETAX_PROFIT":-1293858.3,"NETCASH_OPERATE":-18879319.62,"NETCASH_INVEST":-18978423.66,"NETCASH_FINANCE":5639753.98,"END_CASH":26098314.83,"DIVI_RATIO":null,"DIVIDEND_RATE":null,"CURRENT_RATIO":3.569592803791,"COMMON_ACS":10000000000,"CURRENTDEBT_DEBT":92.508296597157,"ISSUED_COMMON_SHARES":1000000000,"HK_COMMON_SHARES":1000000000,"PER_SHARES":5000,"TOTAL_MARKET_CAP":80000000,"HKSK_MARKET_CAP":80000000,"PE_TTM":-1.530690341344,"PB_TTM":0.416998962715,"REPORT_DATE_SQ":"2022-06-30 00:00:00","REPORT_TYPE_SQ":"2022年中报","OPERATE_INCOME_SQ":92208562.44,"DPS_HKD":null,"OPERATE_INCOME_QOQ_SQ":0,"NET_PROFIT_RATIO_SQ":4.1793215974,"HOLDER_PROFIT_SQ":3845678.88,"HOLDER_PROFIT_QOQ_SQ":0,"ROE_AVG_SQ":1.735375623931,"PE_TTM_SQ":32.959326788219,"PB_TTM_SQ":0.385065993757,"ROA_SQ":1.549602212884,"START_DATE":"2023-04-01 00:00:00","FISCAL_YEAR":"3-31","CURRENCY":"HKD","IS_CNY_CODE":0,"DPS_HKD_LY":null,"ORG_TYPE":"一般企业","PREMIUM_INCOME":null,"PREMIUM_INCOME_YOY":null,"NET_INTEREST_INCOME":null,"NET_INTEREST_INCOME_YOY":null,"FEE_COMMISSION_INCOME":null,"FEE_COMMISSION_INCOME_YOY":null,"ACCOUNTS_RECE_TDAYS":3.818853181504,"INVENTORY_TDAYS":null,"CURRENT_ASSETS_TDAYS":0.579832601477,"TOTAL_ASSETS_TDAYS":0.283180087796,"PREMIUM_EXPENSE":null,"LOAN_DEPOSIT":null,"LOAN_EQUITY":null,"LOAN_ASSETS":null,"DEPOSIT_EQUITY":null,"DEPOSIT_ASSETS":null,"EQUITY_MULTIPLIER":1.165406326552,"EQUITY_RATIO":0.165406326552},{"SECUCODE":"09938.HK","SECURITY_CODE":"09938","SECURITY_NAME_ABBR":"华和控股","ORG_CODE":"10000050747","STD_REPORT_DATE":"2022-12-31 00:00:00","REPORT_DATE":"2023-03-31 00:00:00","DATE_TYPE_CODE":"001","REPORT_TYPE":"2022年年报","PER_NETCASH_OPERATE":0.03995808945,"PER_OI":0.1823916735,"BPS":0.21512763045,"BASIC_EPS":0.002538689,"DILUTED_EPS":0.002538689,"OPERATE_INCOME":182391673.5,"OPERATE_INCOME_YOY":-6.6515528952,"GROSS_PROFIT":22115482.83,"GROSS_PROFIT_YOY":67.069372976202,"HOLDER_PROFIT":2496669.32,"HOLDER_PROFIT_YOY":100.2808988764,"GROSS_PROFIT_RATIO":12.125269978402,"EPS_TTM":-0.00187552012,"OPERATE_INCOME_QOQ":0,"NET_PROFIT_RATIO":1.368850492,"ROE_AVG":1.167326323372,"GROSS_PROFIT_QOQ":0,"ROA":1.038329352828,"HOLDER_PROFIT_QOQ":0,"ROE_YEARLY":1.167326323372,"ROIC_YEARLY":1.425347903334,"TOTAL_ASSETS":246509328.13,"TOTAL_LIABILITIES":31381697.68,"TAX_EBT":29.684418145957,"OCF_SALES":21.90784737221,"TOTAL_PARENT_EQUITY":215127630.45,"DEBT_ASSET_RATIO":12.7304300888,"OPERATE_PROFIT":3579551.49,"PRETAX_PROFIT":3550662.96,"NETCASH_OPERATE":39958089.45,"NETCASH_INVEST":-38152994.03,"NETCASH_FINANCE":-1127528.08,"END_CASH":55636682.55,"DIVI_RATIO":null,"DIVIDEND_RATE":null,"CURRENT_RATIO":3.995059591928,"COMMON_ACS":10000000000,"CURRENTDEBT_DEBT":99.941419326043,"ISSUED_COMMON_SHARES":1000000000,"HK_COMMON_SHARES":1000000000,"PER_SHARES":5000,"TOTAL_MARKET_CAP":75000000,"HKSK_MARKET_CAP":75000000,"PE_TTM":-1.43502219501,"PB_TTM":0.390936527545,"REPORT_DATE_SQ":"2021-12-31 00:00:00","REPORT_TYPE_SQ":"2021年年报","OPERATE_INCOME_SQ":181014187.96,"DPS_HKD":null,"OPERATE_INCOME_QOQ_SQ":0,"NET_PROFIT_RATIO_SQ":0.6383989814,"HOLDER_PROFIT_SQ":1154878.24,"HOLDER_PROFIT_QOQ_SQ":0,"ROE_AVG_SQ":0.587989974441,"PE_TTM_SQ":29.803646563815,"PB_TTM_SQ":0.348197973078,"ROA_SQ":0.533373286388,"START_DATE":"2022-04-01 00:00:00","FISCAL_YEAR":"3-31","CURRENCY":"HKD","IS_CNY_CODE":0,"DPS_HKD_LY":null,"ORG_TYPE":"一般企业","PREMIUM_INCOME":null,"PREMIUM_INCOME_YOY":null,"NET_INTEREST_INCOME":null,"NET_INTEREST_INCOME_YOY":null,"FEE_COMMISSION_INCOME":null,"FEE_COMMISSION_INCOME_YOY":null,"ACCOUNTS_RECE_TDAYS":9.227805212924,"INVENTORY_TDAYS":null,"CURRENT_ASSETS_TDAYS":1.29873772791,"TOTAL_ASSETS_TDAYS":0.758541096289,"PREMIUM_EXPENSE":null,"LOAN_DEPOSIT":null,"LOAN_EQUITY":null,"LOAN_ASSETS":null,"DEPOSIT_EQUITY":null,"DEPOSIT_ASSETS":null,"EQUITY_MULTIPLIER":1.145874788907,"EQUITY_RATIO":0.145874788907},{"SECUCODE":"09938.HK","SECURITY_CODE":"09938","SECURITY_NAME_ABBR":"华和控股","ORG_CODE":"10000050747","STD_REPORT_DATE":"2022-06-30 00:00:00","REPORT_DATE":"2022-09-30 00:00:00","DATE_TYPE_CODE":"002","REPORT_TYPE":"2022年中报","PER_NETCASH_OPERATE":-0.00770673324,"PER_OI":0.09220856244,"BPS":0.2235278238,"BASIC_EPS":0.003889092,"DILUTED_EPS":0.003889092,"OPERATE_INCOME":92208562.44,"OPERATE_INCOME_YOY":-28.6937811451,"GROSS_PROFIT":10671487.56,"GROSS_PROFIT_YOY":-21.140194855619,"HOLDER_PROFIT":3845678.88,"HOLDER_PROFIT_YOY":-48.4855827478,"GROSS_PROFIT_RATIO":11.537365218844,"EPS_TTM":0.00115487824,"OPERATE_INCOME_QOQ":0,"NET_PROFIT_RATIO":4.1793215974,"ROE_AVG":1.735375623931,"GROSS_PROFIT_QOQ":0,"ROA":1.549602212884,"HOLDER_PROFIT_QOQ":0,"ROE_YEARLY":3.470751247862,"ROIC_YEARLY":4.146755349236,"TOTAL_ASSETS":254179295.4,"TOTAL_LIABILITIES":30651471.6,"TAX_EBT":12.11244315833,"OCF_SALES":-8.375352617973,"TOTAL_PARENT_EQUITY":223527823.8,"DEBT_ASSET_RATIO":12.0589962104,"OPERATE_PROFIT":4395578.4,"PRETAX_PROFIT":4375680.72,"NETCASH_OPERATE":-7706733.24,"NETCASH_INVEST":-517339.68,"NETCASH_FINANCE":-596930.4,"END_CASH":47960644.32,"DIVI_RATIO":null,"DIVIDEND_RATE":null,"CURRENT_RATIO":5.20528179404,"COMMON_ACS":10000000000,"CURRENTDEBT_DEBT":100,"ISSUED_COMMON_SHARES":1000000000,"HK_COMMON_SHARES":1000000000,"PER_SHARES":5000,"TOTAL_MARKET_CAP":75000000,"HKSK_MARKET_CAP":75000000,"PE_TTM":-1.43502219501,"PB_TTM":0.390936527545,"REPORT_DATE_SQ":"2021-06-30 00:00:00","REPORT_TYPE_SQ":"2021年中报","OPERATE_INCOME_SQ":118860167.74,"DPS_HKD":null,"OPERATE_INCOME_QOQ_SQ":0,"NET_PROFIT_RATIO_SQ":5.7850139123,"HOLDER_PROFIT_SQ":6876077.24,"HOLDER_PROFIT_QOQ_SQ":0,"ROE_AVG_SQ":3.360803921888,"PE_TTM_SQ":29.803646563815,"PB_TTM_SQ":0.348197973078,"ROA_SQ":3.016597866746,"START_DATE":"2022-04-01 00:00:00","FISCAL_YEAR":"3-31","CURRENCY":"HKD","IS_CNY_CODE":0,"DPS_HKD_LY":null,"ORG_TYPE":"一般企业","PREMIUM_INCOME":null,"PREMIUM_INCOME_YOY":null,"NET_INTEREST_INCOME":null,"NET_INTEREST_INCOME_YOY":null,"FEE_COMMISSION_INCOME":null,"FEE_COMMISSION_INCOME_YOY":null,"ACCOUNTS_RECE_TDAYS":3.504614908647,"INVENTORY_TDAYS":null,"CURRENT_ASSETS_TDAYS":0.574592094339,"TOTAL_ASSETS_TDAYS":0.37077840907,"PREMIUM_EXPENSE":null,"LOAN_DEPOSIT":null,"LOAN_EQUITY":null,"LOAN_ASSETS":null,"DEPOSIT_EQUITY":null,"DEPOSIT_ASSETS":null,"EQUITY_MULTIPLIER":1.137125978676,"EQUITY_RATIO":0.137125978676},{"SECUCODE":"09938.HK","SECURITY_CODE":"09938","SECURITY_NAME_ABBR":"华和控股","ORG_CODE":"10000050747","STD_REPORT_DATE":"2021-12-31 00:00:00","REPORT_DATE":"2022-03-31 00:00:00","DATE_TYPE_CODE":"001","REPORT_TYPE":"2021年年报","PER_NETCASH_OPERATE":0.04493644208,"PER_OI":0.18101418796,"BPS":0.19698865193,"BASIC_EPS":0.001135414,"DILUTED_EPS":0.001135414,"OPERATE_INCOME":181014187.96,"OPERATE_INCOME_YOY":-36.4229991991,"GROSS_PROFIT":13237305.22,"GROSS_PROFIT_YOY":-26.747515755752,"HOLDER_PROFIT":1154878.24,"HOLDER_PROFIT_YOY":-76.0752688172,"GROSS_PROFIT_RATIO":7.340691658672,"EPS_TTM":0.0038970558,"OPERATE_INCOME_QOQ":0,"NET_PROFIT_RATIO":0.6383989814,"ROE_AVG":0.587989974441,"GROSS_PROFIT_QOQ":0,"ROA":0.533373286388,"HOLDER_PROFIT_QOQ":0,"ROE_YEARLY":0.587989974441,"ROIC_YEARLY":0.78345285941,"TOTAL_ASSETS":217148738.51,"TOTAL_LIABILITIES":20160086.58,"TAX_EBT":24.174653887114,"OCF_SALES":24.840176097697,"TOTAL_PARENT_EQUITY":196988651.93,"DEBT_ASSET_RATIO":9.2839989393,"OPERATE_PROFIT":1585524.55,"PRETAX_PROFIT":1523076.78,"NETCASH_OPERATE":44936442.08,"NETCASH_INVEST":-53475566.37,"NETCASH_FINANCE":-1236790.25,"END_CASH":50916018.81,"DIVI_RATIO":null,"DIVIDEND_RATE":null,"CURRENT_RATIO":7.277302321772,"COMMON_ACS":10000000000,"CURRENTDEBT_DEBT":98.242014643173,"ISSUED_COMMON_SHARES":1000000000,"HK_COMMON_SHARES":1000000000,"PER_SHARES":5000,"TOTAL_MARKET_CAP":75000000,"HKSK_MARKET_CAP":75000000,"PE_TTM":-1.43502219501,"PB_TTM":0.390936527545,"REPORT_DATE_SQ":"2020-12-31 00:00:00","REPORT_TYPE_SQ":"2020年年报","OPERATE_INCOME_SQ":296528867.46,"DPS_HKD":null,"OPERATE_INCOME_QOQ_SQ":0,"NET_PROFIT_RATIO_SQ":1.6964659809,"HOLDER_PROFIT_SQ":5030511.36,"HOLDER_PROFIT_QOQ_SQ":0,"ROE_AVG_SQ":2.495670732474,"PE_TTM_SQ":29.803646563815,"PB_TTM_SQ":0.348197973078,"ROA_SQ":2.272666526661,"START_DATE":"2021-04-01 00:00:00","FISCAL_YEAR":"3-31","CURRENCY":"HKD","IS_CNY_CODE":0,"DPS_HKD_LY":null,"ORG_TYPE":"一般企业","PREMIUM_INCOME":null,"PREMIUM_INCOME_YOY":null,"NET_INTEREST_INCOME":null,"NET_INTEREST_INCOME_YOY":null,"FEE_COMMISSION_INCOME":null,"FEE_COMMISSION_INCOME_YOY":null,"ACCOUNTS_RECE_TDAYS":5.30698813515,"INVENTORY_TDAYS":null,"CURRENT_ASSETS_TDAYS":1.028026011974,"TOTAL_ASSETS_TDAYS":0.83548580418,"PREMIUM_EXPENSE":null,"LOAN_DEPOSIT":null,"LOAN_EQUITY":null,"LOAN_ASSETS":null,"DEPOSIT_EQUITY":null,"DEPOSIT_ASSETS":null,"EQUITY_MULTIPLIER":1.102341360187,"EQUITY_RATIO":0.102341360187},{"SECUCODE":"09938.HK","SECURITY_CODE":"09938","SECURITY_NAME_ABBR":"华和控股","ORG_CODE":"10000050747","STD_REPORT_DATE":"2021-06-30 00:00:00","REPORT_DATE":"2021-09-30 00:00:00","DATE_TYPE_CODE":"002","REPORT_TYPE":"2021年中报","PER_NETCASH_OPERATE":0.03896388232,"PER_OI":0.11886016774,"BPS":0.20803424238,"BASIC_EPS":0.006914398,"DILUTED_EPS":0.006914398,"OPERATE_INCOME":118860167.74,"OPERATE_INCOME_YOY":-16.814948694,"GROSS_PROFIT":13532226.64,"GROSS_PROFIT_YOY":4.555164445367,"HOLDER_PROFIT":6876077.24,"HOLDER_PROFIT_YOY":-9.4459681843,"GROSS_PROFIT_RATIO":11.384997091373,"EPS_TTM":0.00503051136,"OPERATE_INCOME_QOQ":0,"NET_PROFIT_RATIO":5.7850139123,"ROE_AVG":3.360803921888,"GROSS_PROFIT_QOQ":0,"ROA":3.016597866746,"HOLDER_PROFIT_QOQ":0,"ROE_YEARLY":6.721607843776,"ROIC_YEARLY":9.114600587469,"TOTAL_ASSETS":234114851.8,"TOTAL_LIABILITIES":26080609.42,"TAX_EBT":15.056087269734,"OCF_SALES":32.781278253983,"TOTAL_PARENT_EQUITY":208034242.38,"DEBT_ASSET_RATIO":11.1400918051,"OPERATE_PROFIT":8132331.72,"PRETAX_PROFIT":8094844.02,"NETCASH_OPERATE":38963882.32,"NETCASH_INVEST":-83750020.98,"NETCASH_FINANCE":-751420.12,"END_CASH":16804486.32,"DIVI_RATIO":null,"DIVIDEND_RATE":null,"CURRENT_RATIO":7.907129580457,"COMMON_ACS":10000000000,"CURRENTDEBT_DEBT":96.234069058038,"ISSUED_COMMON_SHARES":1000000000,"HK_COMMON_SHARES":1000000000,"PER_SHARES":5000,"TOTAL_MARKET_CAP":75000000,"HKSK_MARKET_CAP":75000000,"PE_TTM":-1.43502219501,"PB_TTM":0.390936527545,"REPORT_DATE_SQ":"2020-06-30 00:00:00","REPORT_TYPE_SQ":"2020年中报","OPERATE_INCOME_SQ":150718054.4,"DPS_HKD":null,"OPERATE_INCOME_QOQ_SQ":0,"NET_PROFIT_RATIO_SQ":5.3142490672,"HOLDER_PROFIT_SQ":8009532.8,"HOLDER_PROFIT_QOQ_SQ":0,"ROE_AVG_SQ":3.796738095883,"PE_TTM_SQ":29.803646563815,"PB_TTM_SQ":0.348197973078,"ROA_SQ":3.283578325861,"START_DATE":"2021-04-01 00:00:00","FISCAL_YEAR":"3-31","CURRENCY":"HKD","IS_CNY_CODE":0,"DPS_HKD_LY":null,"ORG_TYPE":"一般企业","PREMIUM_INCOME":null,"PREMIUM_INCOME_YOY":null,"NET_INTEREST_INCOME":null,"NET_INTEREST_INCOME_YOY":null,"FEE_COMMISSION_INCOME":null,"FEE_COMMISSION_INCOME_YOY":null,"ACCOUNTS_RECE_TDAYS":2.65030184824,"INVENTORY_TDAYS":null,"CURRENT_ASSETS_TDAYS":0.577109215894,"TOTAL_ASSETS_TDAYS":0.521450408323,"PREMIUM_EXPENSE":null,"LOAN_DEPOSIT":null,"LOAN_EQUITY":null,"LOAN_ASSETS":null,"DEPOSIT_EQUITY":null,"DEPOSIT_ASSETS":null,"EQUITY_MULTIPLIER":1.125366906532,"EQUITY_RATIO":0.125366906532},{"SECUCODE":"09938.HK","SECURITY_CODE":"09938","SECURITY_NAME_ABBR":"华和控股","ORG_CODE":"10000050747","STD_REPORT_DATE":"2020-12-31 00:00:00","REPORT_DATE":"2021-03-31 00:00:00","DATE_TYPE_CODE":"001","REPORT_TYPE":"2020年年报","PER_NETCASH_OPERATE":-0.05566524516,"PER_OI":0.29652886746,"BPS":0.20408476942,"BASIC_EPS":0.00507108,"DILUTED_EPS":0.00507108,"OPERATE_INCOME":296528867.46,"OPERATE_INCOME_YOY":42.926338431,"GROSS_PROFIT":18070793.58,"GROSS_PROFIT_YOY":-67.535127210362,"HOLDER_PROFIT":5030511.36,"HOLDER_PROFIT_YOY":-78.4737793852,"GROSS_PROFIT_RATIO":6.094109398114,"EPS_TTM":0.01397302983,"OPERATE_INCOME_QOQ":0,"NET_PROFIT_RATIO":1.6964659809,"ROE_AVG":2.495670732474,"GROSS_PROFIT_QOQ":0,"ROA":2.272666526661,"HOLDER_PROFIT_QOQ":0,"ROE_YEARLY":2.495670732474,"ROIC_YEARLY":4.634828179631,"TOTAL_ASSETS":224994522.62,"TOTAL_LIABILITIES":20909753.2,"TAX_EBT":28.375451263538,"OCF_SALES":-18.772285355155,"TOTAL_PARENT_EQUITY":204084769.42,"DEBT_ASSET_RATIO":9.2934498834,"OPERATE_PROFIT":9162596.38,"PRETAX_PROFIT":7023445.8,"NETCASH_OPERATE":-55461556.78,"NETCASH_INVEST":-21781133.78,"NETCASH_FINANCE":-1061546.08,"END_CASH":63249045.3,"DIVI_RATIO":null,"DIVIDEND_RATE":null,"CURRENT_RATIO":11.241828631597,"COMMON_ACS":10000000000,"CURRENTDEBT_DEBT":92.130153597413,"ISSUED_COMMON_SHARES":1000000000,"HK_COMMON_SHARES":1000000000,"PER_SHARES":5000,"TOTAL_MARKET_CAP":75000000,"HKSK_MARKET_CAP":75000000,"PE_TTM":-1.43502219501,"PB_TTM":0.390936527545,"REPORT_DATE_SQ":"2019-12-31 00:00:00","REPORT_TYPE_SQ":"2019年年报","OPERATE_INCOME_SQ":224289593.8,"DPS_HKD":null,"OPERATE_INCOME_QOQ_SQ":0,"NET_PROFIT_RATIO_SQ":11.2639220447,"HOLDER_PROFIT_SQ":25263805,"HOLDER_PROFIT_QOQ_SQ":0,"ROE_AVG_SQ":16.168881481806,"PE_TTM_SQ":29.803646563815,"PB_TTM_SQ":0.348197973078,"ROA_SQ":13.941586517251,"START_DATE":"2020-04-01 00:00:00","FISCAL_YEAR":"3-31","CURRENCY":"HKD","IS_CNY_CODE":0,"DPS_HKD_LY":null,"ORG_TYPE":"一般企业","PREMIUM_INCOME":null,"PREMIUM_INCOME_YOY":null,"NET_INTEREST_INCOME":null,"NET_INTEREST_INCOME_YOY":null,"FEE_COMMISSION_INCOME":null,"FEE_COMMISSION_INCOME_YOY":null,"ACCOUNTS_RECE_TDAYS":10.40456102371,"INVENTORY_TDAYS":null,"CURRENT_ASSETS_TDAYS":1.370338183686,"TOTAL_ASSETS_TDAYS":1.339647568682,"PREMIUM_EXPENSE":null,"LOAN_DEPOSIT":null,"LOAN_EQUITY":null,"LOAN_ASSETS":null,"DEPOSIT_EQUITY":null,"DEPOSIT_ASSETS":null,"EQUITY_MULTIPLIER":1.102456215912,"EQUITY_RATIO":0.102456215912},{"SECUCODE":"09938.HK","SECURITY_CODE":"09938","SECURITY_NAME_ABBR":"华和控股","ORG_CODE":"10000050747","STD_REPORT_DATE":"2020-06-30 00:00:00","REPORT_DATE":"2020-09-30 00:00:00","DATE_TYPE_CODE":"002","REPORT_TYPE":"2020年中报","PER_NETCASH_OPERATE":-0.0473234656,"PER_OI":0.1507180544,"BPS":0.21496303104,"BASIC_EPS":0.007996352,"DILUTED_EPS":0.007996352,"OPERATE_INCOME":150718054.4,"OPERATE_INCOME_YOY":14.2545013689,"GROSS_PROFIT":12942666.88,"GROSS_PROFIT_YOY":-64.143500118203,"HOLDER_PROFIT":8009532.8,"HOLDER_PROFIT_YOY":-57.4005701734,"GROSS_PROFIT_RATIO":8.587336753731,"EPS_TTM":0.025263805,"OPERATE_INCOME_QOQ":0,"NET_PROFIT_RATIO":5.3142490672,"ROE_AVG":3.796738095883,"GROSS_PROFIT_QOQ":0,"ROA":3.283578325861,"HOLDER_PROFIT_QOQ":0,"ROE_YEARLY":7.593476191765,"ROIC_YEARLY":13.794930003784,"TOTAL_ASSETS":261512344.32,"TOTAL_LIABILITIES":46549313.28,"TAX_EBT":14.364900413378,"OCF_SALES":-31.398670708955,"TOTAL_PARENT_EQUITY":214963031.04,"DEBT_ASSET_RATIO":17.8000443539,"OPERATE_PROFIT":9395274.24,"PRETAX_PROFIT":9353095.68,"NETCASH_OPERATE":-47323465.6,"NETCASH_INVEST":-54152877.44,"NETCASH_FINANCE":-405089.92,"END_CASH":45289228.8,"DIVI_RATIO":null,"DIVIDEND_RATE":null,"CURRENT_RATIO":6.052192954483,"COMMON_ACS":10000000000,"CURRENTDEBT_DEBT":88.792615245215,"ISSUED_COMMON_SHARES":1000000000,"HK_COMMON_SHARES":1000000000,"PER_SHARES":5000,"TOTAL_MARKET_CAP":75000000,"HKSK_MARKET_CAP":75000000,"PE_TTM":-1.43502219501,"PB_TTM":0.390936527545,"REPORT_DATE_SQ":"2019-06-30 00:00:00","REPORT_TYPE_SQ":"2019年中报","OPERATE_INCOME_SQ":135410643.21,"DPS_HKD":null,"OPERATE_INCOME_QOQ_SQ":0,"NET_PROFIT_RATIO_SQ":14.2531691103,"HOLDER_PROFIT_SQ":19300307.97,"HOLDER_PROFIT_QOQ_SQ":0,"ROE_AVG_SQ":null,"PE_TTM_SQ":29.803646563815,"PB_TTM_SQ":0.348197973078,"ROA_SQ":null,"START_DATE":"2020-04-01 00:00:00","FISCAL_YEAR":"3-31","CURRENCY":"HKD","IS_CNY_CODE":0,"DPS_HKD_LY":null,"ORG_TYPE":"一般企业","PREMIUM_INCOME":null,"PREMIUM_INCOME_YOY":null,"NET_INTEREST_INCOME":null,"NET_INTEREST_INCOME_YOY":null,"FEE_COMMISSION_INCOME":null,"FEE_COMMISSION_INCOME_YOY":null,"ACCOUNTS_RECE_TDAYS":4.681861607752,"INVENTORY_TDAYS":null,"CURRENT_ASSETS_TDAYS":0.634670426142,"TOTAL_ASSETS_TDAYS":0.617881902854,"PREMIUM_EXPENSE":null,"LOAN_DEPOSIT":null,"LOAN_EQUITY":null,"LOAN_ASSETS":null,"DEPOSIT_EQUITY":null,"DEPOSIT_ASSETS":null,"EQUITY_MULTIPLIER":1.216545668595,"EQUITY_RATIO":0.216545668596}],"count":14},"success":true,"message":"ok","code":0}