{"version":"43a588f8c6a491f4ae160919a652d885","result":{"pages":2,"data":[{"SECUCODE":"09930.HK","SECURITY_CODE":"09930","SECURITY_NAME_ABBR":"宏信建发","ORG_CODE":"10000226143","STD_REPORT_DATE":"2024-06-30 00:00:00","REPORT_DATE":"2024-06-30 00:00:00","DATE_TYPE_CODE":"002","REPORT_TYPE":"2024年中报","PER_NETCASH_OPERATE":0.421773877752,"PER_OI":1.523944059321,"BPS":3.450400407351,"BASIC_EPS":0.08,"DILUTED_EPS":0.08,"OPERATE_INCOME":4872421000,"OPERATE_INCOME_YOY":15.8453303649,"GROSS_PROFIT":1559325000,"GROSS_PROFIT_YOY":8.576599134353,"HOLDER_PROFIT":268228000,"HOLDER_PROFIT_YOY":13.1090785651,"GROSS_PROFIT_RATIO":32.00308429834,"EPS_TTM":0.310734495084,"OPERATE_INCOME_QOQ":6.934544331919,"NET_PROFIT_RATIO":5.50502512,"ROE_AVG":2.45974231616,"GROSS_PROFIT_QOQ":3.274657501287,"ROA":0.806619798789,"HOLDER_PROFIT_QOQ":3.230130287914,"ROE_YEARLY":4.919484632319,"ROIC_YEARLY":1.719210508394,"TOTAL_ASSETS":35269899000,"TOTAL_LIABILITIES":24238127000,"TAX_EBT":34.078497874118,"OCF_SALES":27.676467201828,"TOTAL_PARENT_EQUITY":11031772000,"DEBT_ASSET_RATIO":68.7218497564,"OPERATE_PROFIT":788987000,"PRETAX_PROFIT":406890000,"NETCASH_OPERATE":1348514000,"NETCASH_INVEST":-3108325000,"NETCASH_FINANCE":1535932000,"END_CASH":1932626000,"DIVI_RATIO":0.146858494058,"DIVIDEND_RATE":3.875968992248,"CURRENT_RATIO":1.104523093288,"COMMON_ACS":5000000000,"CURRENTDEBT_DEBT":44.363877621402,"ISSUED_COMMON_SHARES":3197244000,"HK_COMMON_SHARES":3197244000,"PER_SHARES":1000,"TOTAL_MARKET_CAP":4124444760,"HKSK_MARKET_CAP":4124444760,"PE_TTM":3.753987661892,"PB_TTM":0.341223354105,"REPORT_DATE_SQ":"2023-06-30 00:00:00","REPORT_TYPE_SQ":"2023年中报","OPERATE_INCOME_SQ":4205971000,"DPS_HKD":0.05,"OPERATE_INCOME_QOQ_SQ":8.13443508378,"NET_PROFIT_RATIO_SQ":5.6381986466,"HOLDER_PROFIT_SQ":237141000,"HOLDER_PROFIT_QOQ_SQ":11.705887824388,"ROE_AVG_SQ":2.83576122092,"PE_TTM_SQ":9.974812994204,"PB_TTM_SQ":0.747736615844,"ROA_SQ":0.778870297638,"START_DATE":"2024-01-01 00:00:00","FISCAL_YEAR":"12-31","CURRENCY":"HKD","IS_CNY_CODE":0,"DPS_HKD_LY":0.05,"ORG_TYPE":"一般企业","PREMIUM_INCOME":null,"PREMIUM_INCOME_YOY":null,"NET_INTEREST_INCOME":null,"NET_INTEREST_INCOME_YOY":null,"FEE_COMMISSION_INCOME":null,"FEE_COMMISSION_INCOME_YOY":null,"ACCOUNTS_RECE_TDAYS":0.933029154833,"INVENTORY_TDAYS":18.453863892076,"CURRENT_ASSETS_TDAYS":0.423714426543,"TOTAL_ASSETS_TDAYS":0.146524272135,"PREMIUM_EXPENSE":null,"LOAN_DEPOSIT":null,"LOAN_EQUITY":null,"LOAN_ASSETS":null,"DEPOSIT_EQUITY":null,"DEPOSIT_ASSETS":null,"EQUITY_MULTIPLIER":3.197120009373,"EQUITY_RATIO":2.197120009369},{"SECUCODE":"09930.HK","SECURITY_CODE":"09930","SECURITY_NAME_ABBR":"宏信建发","ORG_CODE":"10000226143","STD_REPORT_DATE":"2023-12-31 00:00:00","REPORT_DATE":"2023-12-31 00:00:00","DATE_TYPE_CODE":"001","REPORT_TYPE":"2023年年报","PER_NETCASH_OPERATE":1.235534103747,"PER_OI":3.005895389905,"BPS":3.370924145921,"BASIC_EPS":0.32,"DILUTED_EPS":0.32,"OPERATE_INCOME":9610581000,"OPERATE_INCOME_YOY":21.998132437,"GROSS_PROFIT":3761401000,"GROSS_PROFIT_YOY":20.057254917482,"HOLDER_PROFIT":962407000,"HOLDER_PROFIT_YOY":44.8677248677,"GROSS_PROFIT_RATIO":39.138122866869,"EPS_TTM":0.301011433597,"OPERATE_INCOME_QOQ":12.82079787304,"NET_PROFIT_RATIO":10.0140355718,"ROE_AVG":11.03054185137,"GROSS_PROFIT_QOQ":17.599677846877,"ROA":3.128325640078,"HOLDER_PROFIT_QOQ":29.253453918873,"ROE_YEARLY":11.03054185137,"ROIC_YEARLY":3.364915549241,"TOTAL_ASSETS":31236775000,"TOTAL_LIABILITIES":20459108000,"TAX_EBT":21.533717671825,"OCF_SALES":41.103696020043,"TOTAL_PARENT_EQUITY":10777667000,"DEBT_ASSET_RATIO":65.4968638728,"OPERATE_PROFIT":2060686000,"PRETAX_PROFIT":1226523000,"NETCASH_OPERATE":3950304000,"NETCASH_INVEST":-1831642000,"NETCASH_FINANCE":-2113370000,"END_CASH":2166798000,"DIVI_RATIO":0.151602214755,"DIVIDEND_RATE":3.521126760563,"CURRENT_RATIO":1.198263021387,"COMMON_ACS":5000000000,"CURRENTDEBT_DEBT":45.366195828283,"ISSUED_COMMON_SHARES":3197244000,"HK_COMMON_SHARES":3197244000,"PER_SHARES":1000,"TOTAL_MARKET_CAP":4540086480,"HKSK_MARKET_CAP":4540086480,"PE_TTM":4.132296496036,"PB_TTM":0.375610203743,"REPORT_DATE_SQ":"2022-12-31 00:00:00","REPORT_TYPE_SQ":"2022年年报","OPERATE_INCOME_SQ":7877646000,"DPS_HKD":0.05,"OPERATE_INCOME_QOQ_SQ":8.259507970171,"NET_PROFIT_RATIO_SQ":8.4614363225,"HOLDER_PROFIT_SQ":664335000,"HOLDER_PROFIT_QOQ_SQ":4.950230034545,"ROE_AVG_SQ":10.508461322843,"PE_TTM_SQ":15.842350049618,"PB_TTM_SQ":1.187581683987,"ROA_SQ":2.328503259252,"START_DATE":"2023-01-01 00:00:00","FISCAL_YEAR":"12-31","CURRENCY":"HKD","IS_CNY_CODE":0,"DPS_HKD_LY":null,"ORG_TYPE":"一般企业","PREMIUM_INCOME":null,"PREMIUM_INCOME_YOY":null,"NET_INTEREST_INCOME":null,"NET_INTEREST_INCOME_YOY":null,"FEE_COMMISSION_INCOME":null,"FEE_COMMISSION_INCOME_YOY":null,"ACCOUNTS_RECE_TDAYS":2.019706393214,"INVENTORY_TDAYS":32.821102719203,"CURRENT_ASSETS_TDAYS":0.895605211269,"TOTAL_ASSETS_TDAYS":0.312394101023,"PREMIUM_EXPENSE":null,"LOAN_DEPOSIT":null,"LOAN_EQUITY":null,"LOAN_ASSETS":null,"DEPOSIT_EQUITY":null,"DEPOSIT_ASSETS":null,"EQUITY_MULTIPLIER":2.89828726384,"EQUITY_RATIO":1.898287263839},{"SECUCODE":"09930.HK","SECURITY_CODE":"09930","SECURITY_NAME_ABBR":"宏信建发","ORG_CODE":"10000226143","STD_REPORT_DATE":"2023-06-30 00:00:00","REPORT_DATE":"2023-06-30 00:00:00","DATE_TYPE_CODE":"002","REPORT_TYPE":"2023年中报","PER_NETCASH_OPERATE":0.406263644564,"PER_OI":1.315498910937,"BPS":3.14422077264,"BASIC_EPS":0.08,"DILUTED_EPS":0.08,"OPERATE_INCOME":4205971000,"OPERATE_INCOME_YOY":17.9739585978,"GROSS_PROFIT":1436152000,"GROSS_PROFIT_YOY":4.776683672837,"HOLDER_PROFIT":237141000,"HOLDER_PROFIT_YOY":49.03842528,"GROSS_PROFIT_RATIO":34.145551645506,"EPS_TTM":0.232884634391,"OPERATE_INCOME_QOQ":8.13443508378,"NET_PROFIT_RATIO":5.6381986466,"ROE_AVG":2.83576122092,"GROSS_PROFIT_QOQ":2.089782145326,"ROA":0.778870297638,"HOLDER_PROFIT_QOQ":11.705887824388,"ROE_YEARLY":5.671522441839,"ROIC_YEARLY":1.682739753303,"TOTAL_ASSETS":30601785000,"TOTAL_LIABILITIES":20548944000,"TAX_EBT":29.776781483938,"OCF_SALES":30.882856776711,"TOTAL_PARENT_EQUITY":10052841000,"DEBT_ASSET_RATIO":67.1494947108,"OPERATE_PROFIT":792320000,"PRETAX_PROFIT":337696000,"NETCASH_OPERATE":1298924000,"NETCASH_INVEST":-602450000,"NETCASH_FINANCE":-496102000,"END_CASH":2364040000,"DIVI_RATIO":0.195951098789,"DIVIDEND_RATE":3.521126760563,"CURRENT_RATIO":1.188552294702,"COMMON_ACS":5000000000,"CURRENTDEBT_DEBT":45.536301038146,"ISSUED_COMMON_SHARES":3197244000,"HK_COMMON_SHARES":3197244000,"PER_SHARES":1000,"TOTAL_MARKET_CAP":4540086480,"HKSK_MARKET_CAP":4540086480,"PE_TTM":4.132296496036,"PB_TTM":0.375610203743,"REPORT_DATE_SQ":"2022-06-30 00:00:00","REPORT_TYPE_SQ":"2022年中报","OPERATE_INCOME_SQ":3565169000,"DPS_HKD":0.05,"OPERATE_INCOME_QOQ_SQ":18.489381824435,"NET_PROFIT_RATIO_SQ":4.4630142358,"HOLDER_PROFIT_SQ":159114000,"HOLDER_PROFIT_QOQ_SQ":-10.500565076842,"ROE_AVG_SQ":null,"PE_TTM_SQ":15.842350049618,"PB_TTM_SQ":1.187581683987,"ROA_SQ":null,"START_DATE":"2023-01-01 00:00:00","FISCAL_YEAR":"12-31","CURRENCY":"HKD","IS_CNY_CODE":0,"DPS_HKD_LY":null,"ORG_TYPE":"一般企业","PREMIUM_INCOME":null,"PREMIUM_INCOME_YOY":null,"NET_INTEREST_INCOME":null,"NET_INTEREST_INCOME_YOY":null,"FEE_COMMISSION_INCOME":null,"FEE_COMMISSION_INCOME_YOY":null,"ACCOUNTS_RECE_TDAYS":0.870522179272,"INVENTORY_TDAYS":15.035468654156,"CURRENT_ASSETS_TDAYS":0.391954970903,"TOTAL_ASSETS_TDAYS":0.138141691425,"PREMIUM_EXPENSE":null,"LOAN_DEPOSIT":null,"LOAN_EQUITY":null,"LOAN_ASSETS":null,"DEPOSIT_EQUITY":null,"DEPOSIT_ASSETS":null,"EQUITY_MULTIPLIER":3.04409320708,"EQUITY_RATIO":2.044093207084},{"SECUCODE":"09930.HK","SECURITY_CODE":"09930","SECURITY_NAME_ABBR":"宏信建发","ORG_CODE":"10000226143","STD_REPORT_DATE":"2022-12-31 00:00:00","REPORT_DATE":"2022-12-31 00:00:00","DATE_TYPE_CODE":"001","REPORT_TYPE":"2022年年报","PER_NETCASH_OPERATE":1.062695185092,"PER_OI":2.965656936843,"BPS":2.087809063056,"BASIC_EPS":0.23,"DILUTED_EPS":0.23,"OPERATE_INCOME":7877646000,"OPERATE_INCOME_YOY":28.27602176,"GROSS_PROFIT":3133006000,"GROSS_PROFIT_YOY":10.086976626679,"HOLDER_PROFIT":664335000,"HOLDER_PROFIT_YOY":-6.0701371685,"GROSS_PROFIT_RATIO":39.770840172305,"EPS_TTM":0.250937173254,"OPERATE_INCOME_QOQ":8.259507970171,"NET_PROFIT_RATIO":8.4614363225,"ROE_AVG":10.508461322843,"GROSS_PROFIT_QOQ":-0.621865494982,"ROA":2.328503259252,"HOLDER_PROFIT_QOQ":4.950230034545,"ROE_YEARLY":10.508461322843,"ROIC_YEARLY":2.442241506095,"TOTAL_ASSETS":30288394000,"TOTAL_LIABILITIES":23616202000,"TAX_EBT":25.67330197672,"OCF_SALES":35.833382205801,"TOTAL_PARENT_EQUITY":6672192000,"DEBT_ASSET_RATIO":77.9635534297,"OPERATE_PROFIT":1818622000,"PRETAX_PROFIT":893804000,"NETCASH_OPERATE":2822827000,"NETCASH_INVEST":-3462671000,"NETCASH_FINANCE":2285788000,"END_CASH":2159325000,"DIVI_RATIO":0.181854284115,"DIVIDEND_RATE":3.521126760563,"CURRENT_RATIO":1.26235949919,"COMMON_ACS":5000000000,"CURRENTDEBT_DEBT":34.68367606273,"ISSUED_COMMON_SHARES":3197244000,"HK_COMMON_SHARES":3197244000,"PER_SHARES":1000,"TOTAL_MARKET_CAP":4540086480,"HKSK_MARKET_CAP":4540086480,"PE_TTM":4.132296496036,"PB_TTM":0.375610203743,"REPORT_DATE_SQ":"2021-12-31 00:00:00","REPORT_TYPE_SQ":"2021年年报","OPERATE_INCOME_SQ":6141168000,"DPS_HKD":0.05,"OPERATE_INCOME_QOQ_SQ":30.341565787899,"NET_PROFIT_RATIO_SQ":11.5554239845,"HOLDER_PROFIT_SQ":709638000,"HOLDER_PROFIT_QOQ_SQ":30.120230081908,"ROE_AVG_SQ":12.546325746419,"PE_TTM_SQ":15.842350049618,"PB_TTM_SQ":1.187581683987,"ROA_SQ":3.331648740491,"START_DATE":"2022-01-01 00:00:00","FISCAL_YEAR":"12-31","CURRENCY":"HKD","IS_CNY_CODE":0,"DPS_HKD_LY":null,"ORG_TYPE":"一般企业","PREMIUM_INCOME":null,"PREMIUM_INCOME_YOY":null,"NET_INTEREST_INCOME":null,"NET_INTEREST_INCOME_YOY":null,"FEE_COMMISSION_INCOME":null,"FEE_COMMISSION_INCOME_YOY":null,"ACCOUNTS_RECE_TDAYS":1.814029029453,"INVENTORY_TDAYS":19.869425564615,"CURRENT_ASSETS_TDAYS":0.860375048854,"TOTAL_ASSETS_TDAYS":0.275190070635,"PREMIUM_EXPENSE":null,"LOAN_DEPOSIT":null,"LOAN_EQUITY":null,"LOAN_ASSETS":null,"DEPOSIT_EQUITY":null,"DEPOSIT_ASSETS":null,"EQUITY_MULTIPLIER":4.537936716838,"EQUITY_RATIO":3.539496765081},{"SECUCODE":"09930.HK","SECURITY_CODE":"09930","SECURITY_NAME_ABBR":"宏信建发","ORG_CODE":"10000226143","STD_REPORT_DATE":"2022-06-30 00:00:00","REPORT_DATE":"2022-06-30 00:00:00","DATE_TYPE_CODE":"002","REPORT_TYPE":"2022年中报","PER_NETCASH_OPERATE":null,"PER_OI":null,"BPS":null,"BASIC_EPS":0.06,"DILUTED_EPS":0.06,"OPERATE_INCOME":3565169000,"OPERATE_INCOME_YOY":46.7325868778,"GROSS_PROFIT":1370679000,"GROSS_PROFIT_YOY":28.822608916312,"HOLDER_PROFIT":159114000,"HOLDER_PROFIT_YOY":-31.8948765141,"GROSS_PROFIT_RATIO":38.446396229744,"EPS_TTM":null,"OPERATE_INCOME_QOQ":18.489381824435,"NET_PROFIT_RATIO":4.4630142358,"ROE_AVG":null,"GROSS_PROFIT_QOQ":10.775853435969,"ROA":null,"HOLDER_PROFIT_QOQ":-10.500565076842,"ROE_YEARLY":null,"ROIC_YEARLY":null,"TOTAL_ASSETS":null,"TOTAL_LIABILITIES":null,"TAX_EBT":35.034031659447,"OCF_SALES":39.628556177842,"TOTAL_PARENT_EQUITY":null,"DEBT_ASSET_RATIO":null,"OPERATE_PROFIT":679776000,"PRETAX_PROFIT":244919000,"NETCASH_OPERATE":1412825000,"NETCASH_INVEST":-2385414000,"NETCASH_FINANCE":1585381000,"END_CASH":1120744000,"DIVI_RATIO":null,"DIVIDEND_RATE":3.521126760563,"CURRENT_RATIO":null,"COMMON_ACS":5000000000,"CURRENTDEBT_DEBT":null,"ISSUED_COMMON_SHARES":3197244000,"HK_COMMON_SHARES":3197244000,"PER_SHARES":1000,"TOTAL_MARKET_CAP":4540086480,"HKSK_MARKET_CAP":4540086480,"PE_TTM":4.132296496036,"PB_TTM":0.375610203743,"REPORT_DATE_SQ":"2021-06-30 00:00:00","REPORT_TYPE_SQ":"2021年中报","OPERATE_INCOME_SQ":2429705000,"DPS_HKD":0.05,"OPERATE_INCOME_QOQ_SQ":28.605809321172,"NET_PROFIT_RATIO_SQ":9.6155706145,"HOLDER_PROFIT_SQ":233630000,"HOLDER_PROFIT_QOQ_SQ":21.633327608933,"ROE_AVG_SQ":4.311997959447,"PE_TTM_SQ":15.842350049618,"PB_TTM_SQ":1.187581683987,"ROA_SQ":1.215798827784,"START_DATE":"2022-01-01 00:00:00","FISCAL_YEAR":"12-31","CURRENCY":"HKD","IS_CNY_CODE":0,"DPS_HKD_LY":null,"ORG_TYPE":"一般企业","PREMIUM_INCOME":null,"PREMIUM_INCOME_YOY":null,"NET_INTEREST_INCOME":null,"NET_INTEREST_INCOME_YOY":null,"FEE_COMMISSION_INCOME":null,"FEE_COMMISSION_INCOME_YOY":null,"ACCOUNTS_RECE_TDAYS":null,"INVENTORY_TDAYS":null,"CURRENT_ASSETS_TDAYS":0.894402983577,"TOTAL_ASSETS_TDAYS":0.264472467718,"PREMIUM_EXPENSE":null,"LOAN_DEPOSIT":null,"LOAN_EQUITY":null,"LOAN_ASSETS":null,"DEPOSIT_EQUITY":null,"DEPOSIT_ASSETS":null,"EQUITY_MULTIPLIER":null,"EQUITY_RATIO":null},{"SECUCODE":"09930.HK","SECURITY_CODE":"09930","SECURITY_NAME_ABBR":"宏信建发","ORG_CODE":"10000226143","STD_REPORT_DATE":"2021-12-31 00:00:00","REPORT_DATE":"2021-12-31 00:00:00","DATE_TYPE_CODE":"001","REPORT_TYPE":"2021年年报","PER_NETCASH_OPERATE":0.844133719557,"PER_OI":2.116445665816,"BPS":1.880044500826,"BASIC_EPS":null,"DILUTED_EPS":null,"OPERATE_INCOME":6141168000,"OPERATE_INCOME_YOY":67.6268255634,"GROSS_PROFIT":2845937000,"GROSS_PROFIT_YOY":72.65253181797,"HOLDER_PROFIT":709638000,"HOLDER_PROFIT_YOY":58.269565741,"GROSS_PROFIT_RATIO":46.341949935257,"EPS_TTM":0.244564270086,"OPERATE_INCOME_QOQ":30.341565787899,"NET_PROFIT_RATIO":11.5554239845,"ROE_AVG":12.546325746419,"GROSS_PROFIT_QOQ":35.609859998542,"ROA":3.331648740491,"HOLDER_PROFIT_QOQ":30.120230081908,"ROE_YEARLY":12.546325746419,"ROIC_YEARLY":3.385147582575,"TOTAL_ASSETS":26960606000,"TOTAL_LIABILITIES":20949645000,"TAX_EBT":21.369663567494,"OCF_SALES":39.884497541836,"TOTAL_PARENT_EQUITY":6010961000,"DEBT_ASSET_RATIO":77.7046517426,"OPERATE_PROFIT":1552817000,"PRETAX_PROFIT":902499000,"NETCASH_OPERATE":2449374000,"NETCASH_INVEST":-10470801000,"NETCASH_FINANCE":8370277000,"END_CASH":506991000,"DIVI_RATIO":0.18659307831,"DIVIDEND_RATE":3.521126760563,"CURRENT_RATIO":0.997747233603,"COMMON_ACS":5000000000,"CURRENTDEBT_DEBT":38.139911201359,"ISSUED_COMMON_SHARES":3197244000,"HK_COMMON_SHARES":3197244000,"PER_SHARES":1000,"TOTAL_MARKET_CAP":4540086480,"HKSK_MARKET_CAP":4540086480,"PE_TTM":4.132296496036,"PB_TTM":0.375610203743,"REPORT_DATE_SQ":"2020-12-31 00:00:00","REPORT_TYPE_SQ":"2020年年报","OPERATE_INCOME_SQ":3663595000,"DPS_HKD":0.05,"OPERATE_INCOME_QOQ_SQ":39.70219246867,"NET_PROFIT_RATIO_SQ":13.466608618,"HOLDER_PROFIT_SQ":448373000,"HOLDER_PROFIT_QOQ_SQ":42.984291190183,"ROE_AVG_SQ":16.703432698789,"PE_TTM_SQ":15.842350049618,"PB_TTM_SQ":1.187581683987,"ROA_SQ":3.612005663553,"START_DATE":"2021-01-01 00:00:00","FISCAL_YEAR":"12-31","CURRENCY":"HKD","IS_CNY_CODE":0,"DPS_HKD_LY":null,"ORG_TYPE":"一般企业","PREMIUM_INCOME":null,"PREMIUM_INCOME_YOY":null,"NET_INTEREST_INCOME":null,"NET_INTEREST_INCOME_YOY":null,"FEE_COMMISSION_INCOME":null,"FEE_COMMISSION_INCOME_YOY":null,"ACCOUNTS_RECE_TDAYS":1.825525444739,"INVENTORY_TDAYS":14.417293414012,"CURRENT_ASSETS_TDAYS":0.991008070177,"TOTAL_ASSETS_TDAYS":0.288319039177,"PREMIUM_EXPENSE":null,"LOAN_DEPOSIT":null,"LOAN_EQUITY":null,"LOAN_ASSETS":null,"DEPOSIT_EQUITY":null,"DEPOSIT_ASSETS":null,"EQUITY_MULTIPLIER":4.485240546391,"EQUITY_RATIO":3.485240546395},{"SECUCODE":"09930.HK","SECURITY_CODE":"09930","SECURITY_NAME_ABBR":"宏信建发","ORG_CODE":"10000226143","STD_REPORT_DATE":"2021-06-30 00:00:00","REPORT_DATE":"2021-06-30 00:00:00","DATE_TYPE_CODE":"002","REPORT_TYPE":"2021年中报","PER_NETCASH_OPERATE":0.283741908978,"PER_OI":0.848439852459,"BPS":1.731163777303,"BASIC_EPS":null,"DILUTED_EPS":null,"OPERATE_INCOME":2429705000,"OPERATE_INCOME_YOY":75.8484451084,"GROSS_PROFIT":1064005000,"GROSS_PROFIT_YOY":73.362715785872,"HOLDER_PROFIT":233630000,"HOLDER_PROFIT_YOY":70.9921541074,"GROSS_PROFIT_RATIO":43.791530247499,"EPS_TTM":0.190440605249,"OPERATE_INCOME_QOQ":28.605809321172,"NET_PROFIT_RATIO":9.6155706145,"ROE_AVG":4.311997959447,"GROSS_PROFIT_QOQ":27.315618362725,"ROA":1.215798827784,"HOLDER_PROFIT_QOQ":21.633327608933,"ROE_YEARLY":8.623995918893,"ROIC_YEARLY":2.545196701093,"TOTAL_ASSETS":22793142000,"TOTAL_LIABILITIES":17258189000,"TAX_EBT":23.489554848915,"OCF_SALES":33.442784206313,"TOTAL_PARENT_EQUITY":5534953000,"DEBT_ASSET_RATIO":75.7165861556,"OPERATE_PROFIT":null,"PRETAX_PROFIT":305357000,"NETCASH_OPERATE":812561000,"NETCASH_INVEST":-5258645000,"NETCASH_FINANCE":5829376000,"END_CASH":1549084000,"DIVI_RATIO":0.239623267005,"DIVIDEND_RATE":3.521126760563,"CURRENT_RATIO":1.246467385779,"COMMON_ACS":5000000000,"CURRENTDEBT_DEBT":33.912463237018,"ISSUED_COMMON_SHARES":3197244000,"HK_COMMON_SHARES":3197244000,"PER_SHARES":1000,"TOTAL_MARKET_CAP":4540086480,"HKSK_MARKET_CAP":4540086480,"PE_TTM":4.132296496036,"PB_TTM":0.375610203743,"REPORT_DATE_SQ":"2020-06-30 00:00:00","REPORT_TYPE_SQ":"2020年中报","OPERATE_INCOME_SQ":1381704000,"DPS_HKD":0.05,"OPERATE_INCOME_QOQ_SQ":0,"NET_PROFIT_RATIO_SQ":10.8633976597,"HOLDER_PROFIT_SQ":136632000,"HOLDER_PROFIT_QOQ_SQ":0,"ROE_AVG_SQ":null,"PE_TTM_SQ":15.842350049618,"PB_TTM_SQ":1.187581683987,"ROA_SQ":null,"START_DATE":"2021-01-01 00:00:00","FISCAL_YEAR":"12-31","CURRENCY":"HKD","IS_CNY_CODE":0,"DPS_HKD_LY":null,"ORG_TYPE":"一般企业","PREMIUM_INCOME":null,"PREMIUM_INCOME_YOY":null,"NET_INTEREST_INCOME":null,"NET_INTEREST_INCOME_YOY":null,"FEE_COMMISSION_INCOME":null,"FEE_COMMISSION_INCOME_YOY":null,"ACCOUNTS_RECE_TDAYS":0.879467231525,"INVENTORY_TDAYS":7.033038337449,"CURRENT_ASSETS_TDAYS":0.414739550772,"TOTAL_ASSETS_TDAYS":0.126440632233,"PREMIUM_EXPENSE":null,"LOAN_DEPOSIT":null,"LOAN_EQUITY":null,"LOAN_ASSETS":null,"DEPOSIT_EQUITY":null,"DEPOSIT_ASSETS":null,"EQUITY_MULTIPLIER":4.118037135996,"EQUITY_RATIO":3.118037135997},{"SECUCODE":"09930.HK","SECURITY_CODE":"09930","SECURITY_NAME_ABBR":"宏信建发","ORG_CODE":"10000226143","STD_REPORT_DATE":"2020-12-31 00:00:00","REPORT_DATE":"2020-12-31 00:00:00","DATE_TYPE_CODE":"001","REPORT_TYPE":"2020年年报","PER_NETCASH_OPERATE":0.409973235138,"PER_OI":1.462054496361,"BPS":1.658091468777,"BASIC_EPS":null,"DILUTED_EPS":null,"OPERATE_INCOME":3663595000,"OPERATE_INCOME_YOY":39.7021924687,"GROSS_PROFIT":1648361000,"GROSS_PROFIT_YOY":23.145913130919,"HOLDER_PROFIT":448373000,"HOLDER_PROFIT_YOY":42.9842911902,"GROSS_PROFIT_RATIO":44.99299185636,"EPS_TTM":0.178935106281,"OPERATE_INCOME_QOQ":39.70219246867,"NET_PROFIT_RATIO":13.466608618,"ROE_AVG":16.703432698789,"GROSS_PROFIT_QOQ":23.145913130919,"ROA":3.612005663553,"HOLDER_PROFIT_QOQ":42.984291190183,"ROE_YEARLY":16.703432698789,"ROIC_YEARLY":3.666406879065,"TOTAL_ASSETS":15639203000,"TOTAL_LIABILITIES":10337454000,"TAX_EBT":23.093278795087,"OCF_SALES":28.040899717354,"TOTAL_PARENT_EQUITY":5301323000,"DEBT_ASSET_RATIO":66.0996215728,"OPERATE_PROFIT":945491000,"PRETAX_PROFIT":641507000,"NETCASH_OPERATE":1027305000,"NETCASH_INVEST":-6690791000,"NETCASH_FINANCE":5807677000,"END_CASH":165830000,"DIVI_RATIO":0.255031005085,"DIVIDEND_RATE":3.521126760563,"CURRENT_RATIO":0.941981162524,"COMMON_ACS":5000000000,"CURRENTDEBT_DEBT":45.407128292905,"ISSUED_COMMON_SHARES":3197244000,"HK_COMMON_SHARES":3197244000,"PER_SHARES":1000,"TOTAL_MARKET_CAP":4540086480,"HKSK_MARKET_CAP":4540086480,"PE_TTM":4.132296496036,"PB_TTM":0.375610203743,"REPORT_DATE_SQ":"2019-12-31 00:00:00","REPORT_TYPE_SQ":"2019年年报","OPERATE_INCOME_SQ":2622432000,"DPS_HKD":0.05,"OPERATE_INCOME_QOQ_SQ":37.347133521111,"NET_PROFIT_RATIO_SQ":14.5024542104,"HOLDER_PROFIT_SQ":313582000,"HOLDER_PROFIT_QOQ_SQ":87.71070778661,"ROE_AVG_SQ":76.071146129998,"PE_TTM_SQ":15.842350049618,"PB_TTM_SQ":1.187581683987,"ROA_SQ":3.850183416028,"START_DATE":"2020-01-01 00:00:00","FISCAL_YEAR":"12-31","CURRENCY":"HKD","IS_CNY_CODE":0,"DPS_HKD_LY":null,"ORG_TYPE":"一般企业","PREMIUM_INCOME":null,"PREMIUM_INCOME_YOY":null,"NET_INTEREST_INCOME":null,"NET_INTEREST_INCOME_YOY":null,"FEE_COMMISSION_INCOME":null,"FEE_COMMISSION_INCOME_YOY":null,"ACCOUNTS_RECE_TDAYS":1.776366429654,"INVENTORY_TDAYS":13.033209807079,"CURRENT_ASSETS_TDAYS":0.994522463789,"TOTAL_ASSETS_TDAYS":0.295132086209,"PREMIUM_EXPENSE":null,"LOAN_DEPOSIT":null,"LOAN_EQUITY":null,"LOAN_ASSETS":null,"DEPOSIT_EQUITY":null,"DEPOSIT_ASSETS":null,"EQUITY_MULTIPLIER":2.949819578408,"EQUITY_RATIO":1.949976260643},{"SECUCODE":"09930.HK","SECURITY_CODE":"09930","SECURITY_NAME_ABBR":"宏信建发","ORG_CODE":"10000226143","STD_REPORT_DATE":"2020-06-30 00:00:00","REPORT_DATE":"2020-06-30 00:00:00","DATE_TYPE_CODE":"002","REPORT_TYPE":"2020年中报","PER_NETCASH_OPERATE":null,"PER_OI":null,"BPS":null,"BASIC_EPS":null,"DILUTED_EPS":null,"OPERATE_INCOME":1381704000,"OPERATE_INCOME_YOY":null,"GROSS_PROFIT":613745000,"GROSS_PROFIT_YOY":null,"HOLDER_PROFIT":136632000,"HOLDER_PROFIT_YOY":null,"GROSS_PROFIT_RATIO":44.419427026339,"EPS_TTM":null,"OPERATE_INCOME_QOQ":0,"NET_PROFIT_RATIO":10.8633976597,"ROE_AVG":null,"GROSS_PROFIT_QOQ":0,"ROA":null,"HOLDER_PROFIT_QOQ":0,"ROE_YEARLY":null,"ROIC_YEARLY":null,"TOTAL_ASSETS":null,"TOTAL_LIABILITIES":null,"TAX_EBT":22.915350681231,"OCF_SALES":-33.473956795377,"TOTAL_PARENT_EQUITY":null,"DEBT_ASSET_RATIO":null,"OPERATE_PROFIT":null,"PRETAX_PROFIT":194721000,"NETCASH_OPERATE":-462511000,"NETCASH_INVEST":-3003018000,"NETCASH_FINANCE":3568214000,"END_CASH":125448000,"DIVI_RATIO":null,"DIVIDEND_RATE":3.521126760563,"CURRENT_RATIO":null,"COMMON_ACS":5000000000,"CURRENTDEBT_DEBT":null,"ISSUED_COMMON_SHARES":3197244000,"HK_COMMON_SHARES":3197244000,"PER_SHARES":1000,"TOTAL_MARKET_CAP":4540086480,"HKSK_MARKET_CAP":4540086480,"PE_TTM":4.132296496036,"PB_TTM":0.375610203743,"REPORT_DATE_SQ":"2019-06-30 00:00:00","REPORT_TYPE_SQ":"2019年中报","OPERATE_INCOME_SQ":null,"DPS_HKD":0.05,"OPERATE_INCOME_QOQ_SQ":0,"NET_PROFIT_RATIO_SQ":null,"HOLDER_PROFIT_SQ":null,"HOLDER_PROFIT_QOQ_SQ":0,"ROE_AVG_SQ":null,"PE_TTM_SQ":15.842350049618,"PB_TTM_SQ":1.187581683987,"ROA_SQ":null,"START_DATE":"2020-01-01 00:00:00","FISCAL_YEAR":"12-31","CURRENCY":"HKD","IS_CNY_CODE":0,"DPS_HKD_LY":null,"ORG_TYPE":"一般企业","PREMIUM_INCOME":null,"PREMIUM_INCOME_YOY":null,"NET_INTEREST_INCOME":null,"NET_INTEREST_INCOME_YOY":null,"FEE_COMMISSION_INCOME":null,"FEE_COMMISSION_INCOME_YOY":null,"ACCOUNTS_RECE_TDAYS":null,"INVENTORY_TDAYS":null,"CURRENT_ASSETS_TDAYS":0.938038834437,"TOTAL_ASSETS_TDAYS":0.300775402708,"PREMIUM_EXPENSE":null,"LOAN_DEPOSIT":null,"LOAN_EQUITY":null,"LOAN_ASSETS":null,"DEPOSIT_EQUITY":null,"DEPOSIT_ASSETS":null,"EQUITY_MULTIPLIER":null,"EQUITY_RATIO":null}],"count":11},"success":true,"message":"ok","code":0}