{"version":"5cb126ee625b7fc6ffd47ff58346183e","result":{"pages":2,"data":[{"SECUCODE":"09933.HK","SECURITY_CODE":"09933","SECURITY_NAME_ABBR":"GHW INTL","ORG_CODE":"11002678","STD_REPORT_DATE":"2024-06-30 00:00:00","REPORT_DATE":"2024-06-30 00:00:00","DATE_TYPE_CODE":"002","REPORT_TYPE":"2024年中报","PER_NETCASH_OPERATE":0.039923,"PER_OI":1.790194,"BPS":0.576535908866,"BASIC_EPS":0.005,"DILUTED_EPS":null,"OPERATE_INCOME":1790194000,"OPERATE_INCOME_YOY":21.2781466914,"GROSS_PROFIT":194500000,"GROSS_PROFIT_YOY":16.769828357358,"HOLDER_PROFIT":4447000,"HOLDER_PROFIT_YOY":404.7673098751,"GROSS_PROFIT_RATIO":10.86474426794,"EPS_TTM":0.00629,"OPERATE_INCOME_QOQ":9.761352084382,"NET_PROFIT_RATIO":0.2484088317,"ROE_AVG":0.764463697859,"GROSS_PROFIT_QOQ":8.289215977209,"ROA":0.241164117144,"HOLDER_PROFIT_QOQ":130.910425844347,"ROE_YEARLY":1.528927395718,"ROIC_YEARLY":0.506266427404,"TOTAL_ASSETS":1945583000,"TOTAL_LIABILITIES":1363570000,"TAX_EBT":35.848240046163,"OCF_SALES":2.230093498247,"TOTAL_PARENT_EQUITY":582013000,"DEBT_ASSET_RATIO":70.0854191263,"OPERATE_PROFIT":26834000,"PRETAX_PROFIT":6932000,"NETCASH_OPERATE":39923000,"NETCASH_INVEST":-72363000,"NETCASH_FINANCE":54101000,"END_CASH":96987000,"DIVI_RATIO":null,"DIVIDEND_RATE":null,"CURRENT_RATIO":0.928474163075,"COMMON_ACS":10000000000,"CURRENTDEBT_DEBT":84.23109924683,"ISSUED_COMMON_SHARES":1009500000,"HK_COMMON_SHARES":1009500000,"PER_SHARES":4000,"TOTAL_MARKET_CAP":1907955000,"HKSK_MARKET_CAP":1907955000,"PE_TTM":275.604367256311,"PB_TTM":2.991947549969,"REPORT_DATE_SQ":"2023-06-30 00:00:00","REPORT_TYPE_SQ":"2023年中报","OPERATE_INCOME_SQ":1476106000,"DPS_HKD":null,"OPERATE_INCOME_QOQ_SQ":-3.610700779914,"NET_PROFIT_RATIO_SQ":0.0596840606,"HOLDER_PROFIT_SQ":881000,"HOLDER_PROFIT_QOQ_SQ":-61.874105605057,"ROE_AVG_SQ":0.146229041818,"PE_TTM_SQ":5.613363212545,"PB_TTM_SQ":0.933706434416,"ROA_SQ":0.051468472639,"START_DATE":"2024-01-01 00:00:00","FISCAL_YEAR":"12-31","CURRENCY":"HKD","IS_CNY_CODE":0,"DPS_HKD_LY":null,"ORG_TYPE":"一般企业","PREMIUM_INCOME":null,"PREMIUM_INCOME_YOY":null,"NET_INTEREST_INCOME":null,"NET_INTEREST_INCOME_YOY":null,"FEE_COMMISSION_INCOME":null,"FEE_COMMISSION_INCOME_YOY":null,"ACCOUNTS_RECE_TDAYS":7.477274056253,"INVENTORY_TDAYS":4.147368995591,"CURRENT_ASSETS_TDAYS":1.83025929101,"TOTAL_ASSETS_TDAYS":0.97083551951,"PREMIUM_EXPENSE":null,"LOAN_DEPOSIT":null,"LOAN_EQUITY":null,"LOAN_ASSETS":null,"DEPOSIT_EQUITY":null,"DEPOSIT_ASSETS":null,"EQUITY_MULTIPLIER":3.342851448336,"EQUITY_RATIO":2.342851448335},{"SECUCODE":"09933.HK","SECURITY_CODE":"09933","SECURITY_NAME_ABBR":"GHW INTL","ORG_CODE":"11002678","STD_REPORT_DATE":"2023-12-31 00:00:00","REPORT_DATE":"2023-12-31 00:00:00","DATE_TYPE_CODE":"001","REPORT_TYPE":"2023年年报","PER_NETCASH_OPERATE":0.12007,"PER_OI":3.217669,"BPS":0.575945517583,"BASIC_EPS":0.003,"DILUTED_EPS":null,"OPERATE_INCOME":3217669000,"OPERATE_INCOME_YOY":-4.7662611762,"GROSS_PROFIT":336980000,"GROSS_PROFIT_YOY":-48.779449764402,"HOLDER_PROFIT":2724000,"HOLDER_PROFIT_YOY":-99.0081091808,"GROSS_PROFIT_RATIO":10.472798786948,"EPS_TTM":0.002724,"OPERATE_INCOME_QOQ":-1.198847180838,"NET_PROFIT_RATIO":0.084657558,"ROE_AVG":0.460120756361,"GROSS_PROFIT_QOQ":-24.676839994725,"ROA":0.159251913551,"HOLDER_PROFIT_QOQ":-97.398380195599,"ROE_YEARLY":0.460120756361,"ROIC_YEARLY":0.168126405875,"TOTAL_ASSETS":1742362000,"TOTAL_LIABILITIES":1160945000,"TAX_EBT":140.141467727675,"OCF_SALES":3.731583329423,"TOTAL_PARENT_EQUITY":581417000,"DEBT_ASSET_RATIO":66.6305279844,"OPERATE_PROFIT":33488000,"PRETAX_PROFIT":-6786000,"NETCASH_OPERATE":120070000,"NETCASH_INVEST":-140433000,"NETCASH_FINANCE":-4970000,"END_CASH":77393000,"DIVI_RATIO":null,"DIVIDEND_RATE":null,"CURRENT_RATIO":1.006037445731,"COMMON_ACS":10000000000,"CURRENTDEBT_DEBT":76.186210371723,"ISSUED_COMMON_SHARES":1009500000,"HK_COMMON_SHARES":1009500000,"PER_SHARES":4000,"TOTAL_MARKET_CAP":2907360000,"HKSK_MARKET_CAP":2907360000,"PE_TTM":419.968559628665,"PB_TTM":4.559158171381,"REPORT_DATE_SQ":"2022-12-31 00:00:00","REPORT_TYPE_SQ":"2022年年报","OPERATE_INCOME_SQ":3378707000,"DPS_HKD":null,"OPERATE_INCOME_QOQ_SQ":4.103237216668,"NET_PROFIT_RATIO_SQ":8.1281685568,"HOLDER_PROFIT_SQ":274627000,"HOLDER_PROFIT_QOQ_SQ":0.052826779169,"ROE_AVG_SQ":58.325855713981,"PE_TTM_SQ":5.613363212545,"PB_TTM_SQ":0.933706434416,"ROA_SQ":18.032266441581,"START_DATE":"2023-01-01 00:00:00","FISCAL_YEAR":"12-31","CURRENCY":"HKD","IS_CNY_CODE":0,"DPS_HKD_LY":null,"ORG_TYPE":"一般企业","PREMIUM_INCOME":null,"PREMIUM_INCOME_YOY":null,"NET_INTEREST_INCOME":null,"NET_INTEREST_INCOME_YOY":null,"FEE_COMMISSION_INCOME":null,"FEE_COMMISSION_INCOME_YOY":null,"ACCOUNTS_RECE_TDAYS":14.516105602223,"INVENTORY_TDAYS":8.239308978842,"CURRENT_ASSETS_TDAYS":3.576950419457,"TOTAL_ASSETS_TDAYS":1.881130489814,"PREMIUM_EXPENSE":null,"LOAN_DEPOSIT":null,"LOAN_EQUITY":null,"LOAN_ASSETS":null,"DEPOSIT_EQUITY":null,"DEPOSIT_ASSETS":null,"EQUITY_MULTIPLIER":2.996751040989,"EQUITY_RATIO":1.996751040991},{"SECUCODE":"09933.HK","SECURITY_CODE":"09933","SECURITY_NAME_ABBR":"GHW INTL","ORG_CODE":"11002678","STD_REPORT_DATE":"2023-06-30 00:00:00","REPORT_DATE":"2023-06-30 00:00:00","DATE_TYPE_CODE":"002","REPORT_TYPE":"2023年中报","PER_NETCASH_OPERATE":0.026987,"PER_OI":1.476106,"BPS":0.596670629024,"BASIC_EPS":0.001,"DILUTED_EPS":null,"OPERATE_INCOME":1476106000,"OPERATE_INCOME_YOY":-7.6337478044,"GROSS_PROFIT":166567000,"GROSS_PROFIT_YOY":-55.828082569586,"HOLDER_PROFIT":881000,"HOLDER_PROFIT_YOY":-99.484204117,"GROSS_PROFIT_RATIO":11.284216716144,"EPS_TTM":0.104704,"OPERATE_INCOME_QOQ":-3.610700779914,"NET_PROFIT_RATIO":0.0596840606,"ROE_AVG":0.146229041818,"GROSS_PROFIT_QOQ":-31.998936008512,"ROA":0.051468472639,"HOLDER_PROFIT_QOQ":-61.874105605057,"ROE_YEARLY":0.292458083636,"ROIC_YEARLY":0.109470503229,"TOTAL_ASSETS":1744822000,"TOTAL_LIABILITIES":1142483000,"TAX_EBT":83.005401234568,"OCF_SALES":1.828256236341,"TOTAL_PARENT_EQUITY":602339000,"DEBT_ASSET_RATIO":65.4784843382,"OPERATE_PROFIT":25173000,"PRETAX_PROFIT":5184000,"NETCASH_OPERATE":26987000,"NETCASH_INVEST":-99948000,"NETCASH_FINANCE":68821000,"END_CASH":101140000,"DIVI_RATIO":null,"DIVIDEND_RATE":null,"CURRENT_RATIO":1.000130191664,"COMMON_ACS":10000000000,"CURRENTDEBT_DEBT":80.676736546627,"ISSUED_COMMON_SHARES":1009500000,"HK_COMMON_SHARES":1009500000,"PER_SHARES":4000,"TOTAL_MARKET_CAP":2907360000,"HKSK_MARKET_CAP":2907360000,"PE_TTM":419.968559628665,"PB_TTM":4.559158171381,"REPORT_DATE_SQ":"2022-06-30 00:00:00","REPORT_TYPE_SQ":"2022年中报","OPERATE_INCOME_SQ":1598101000,"DPS_HKD":null,"OPERATE_INCOME_QOQ_SQ":14.550935527455,"NET_PROFIT_RATIO_SQ":10.6879352431,"HOLDER_PROFIT_SQ":170804000,"HOLDER_PROFIT_QOQ_SQ":109.988294966836,"ROE_AVG_SQ":40.369080088678,"PE_TTM_SQ":5.613363212545,"PB_TTM_SQ":0.933706434416,"ROA_SQ":11.278189034661,"START_DATE":"2023-01-01 00:00:00","FISCAL_YEAR":"12-31","CURRENCY":"HKD","IS_CNY_CODE":0,"DPS_HKD_LY":null,"ORG_TYPE":"一般企业","PREMIUM_INCOME":null,"PREMIUM_INCOME_YOY":null,"NET_INTEREST_INCOME":null,"NET_INTEREST_INCOME_YOY":null,"FEE_COMMISSION_INCOME":null,"FEE_COMMISSION_INCOME_YOY":null,"ACCOUNTS_RECE_TDAYS":6.690671580059,"INVENTORY_TDAYS":3.639807383628,"CURRENT_ASSETS_TDAYS":1.612234187505,"TOTAL_ASSETS_TDAYS":0.862348709126,"PREMIUM_EXPENSE":null,"LOAN_DEPOSIT":null,"LOAN_EQUITY":null,"LOAN_ASSETS":null,"DEPOSIT_EQUITY":null,"DEPOSIT_ASSETS":null,"EQUITY_MULTIPLIER":2.896744192221,"EQUITY_RATIO":1.896744192224},{"SECUCODE":"09933.HK","SECURITY_CODE":"09933","SECURITY_NAME_ABBR":"GHW INTL","ORG_CODE":"11002678","STD_REPORT_DATE":"2022-12-31 00:00:00","REPORT_DATE":"2022-12-31 00:00:00","DATE_TYPE_CODE":"001","REPORT_TYPE":"2022年年报","PER_NETCASH_OPERATE":0.234079,"PER_OI":3.378707,"BPS":0.596948984646,"BASIC_EPS":0.275,"DILUTED_EPS":null,"OPERATE_INCOME":3378707000,"OPERATE_INCOME_YOY":19.2512321461,"GROSS_PROFIT":657900000,"GROSS_PROFIT_YOY":38.180901672915,"HOLDER_PROFIT":274627000,"HOLDER_PROFIT_YOY":110.0992250197,"GROSS_PROFIT_RATIO":19.471945924876,"EPS_TTM":0.274627,"OPERATE_INCOME_QOQ":4.103237216668,"NET_PROFIT_RATIO":8.1281685568,"ROE_AVG":58.325855713981,"GROSS_PROFIT_QOQ":-3.164842022838,"ROA":18.032266441581,"HOLDER_PROFIT_QOQ":0.052826779169,"ROE_YEARLY":58.325855713981,"ROIC_YEARLY":19.03996300537,"TOTAL_ASSETS":1678633000,"TOTAL_LIABILITIES":1076013000,"TAX_EBT":10.843494747231,"OCF_SALES":6.928064493311,"TOTAL_PARENT_EQUITY":602620000,"DEBT_ASSET_RATIO":64.1005508649,"OPERATE_PROFIT":345016000,"PRETAX_PROFIT":308028000,"NETCASH_OPERATE":234079000,"NETCASH_INVEST":-197720000,"NETCASH_FINANCE":9071000,"END_CASH":103183000,"DIVI_RATIO":null,"DIVIDEND_RATE":null,"CURRENT_RATIO":1.165273231957,"COMMON_ACS":10000000000,"CURRENTDEBT_DEBT":72.520127544927,"ISSUED_COMMON_SHARES":1009500000,"HK_COMMON_SHARES":1009500000,"PER_SHARES":4000,"TOTAL_MARKET_CAP":2907360000,"HKSK_MARKET_CAP":2907360000,"PE_TTM":419.968559628665,"PB_TTM":4.559158171381,"REPORT_DATE_SQ":"2021-12-31 00:00:00","REPORT_TYPE_SQ":"2021年年报","OPERATE_INCOME_SQ":2833268000,"DPS_HKD":null,"OPERATE_INCOME_QOQ_SQ":18.204085310829,"NET_PROFIT_RATIO_SQ":4.613506382,"HOLDER_PROFIT_SQ":130713000,"HOLDER_PROFIT_QOQ_SQ":479.530037685657,"ROE_AVG_SQ":48.005597035481,"PE_TTM_SQ":5.613363212545,"PB_TTM_SQ":0.933706434416,"ROA_SQ":10.942598093733,"START_DATE":"2022-01-01 00:00:00","FISCAL_YEAR":"12-31","CURRENCY":"HKD","IS_CNY_CODE":0,"DPS_HKD_LY":null,"ORG_TYPE":"一般企业","PREMIUM_INCOME":null,"PREMIUM_INCOME_YOY":null,"NET_INTEREST_INCOME":null,"NET_INTEREST_INCOME_YOY":null,"FEE_COMMISSION_INCOME":null,"FEE_COMMISSION_INCOME_YOY":null,"ACCOUNTS_RECE_TDAYS":15.806335713768,"INVENTORY_TDAYS":8.140255085402,"CURRENT_ASSETS_TDAYS":3.860201515652,"TOTAL_ASSETS_TDAYS":2.218490711111,"PREMIUM_EXPENSE":null,"LOAN_DEPOSIT":null,"LOAN_EQUITY":null,"LOAN_ASSETS":null,"DEPOSIT_EQUITY":null,"DEPOSIT_ASSETS":null,"EQUITY_MULTIPLIER":2.785558063124,"EQUITY_RATIO":1.785558063124},{"SECUCODE":"09933.HK","SECURITY_CODE":"09933","SECURITY_NAME_ABBR":"GHW INTL","ORG_CODE":"11002678","STD_REPORT_DATE":"2022-06-30 00:00:00","REPORT_DATE":"2022-06-30 00:00:00","DATE_TYPE_CODE":"002","REPORT_TYPE":"2022年中报","PER_NETCASH_OPERATE":-0.08655,"PER_OI":1.598101,"BPS":0.502360574542,"BASIC_EPS":0.17,"DILUTED_EPS":null,"OPERATE_INCOME":1598101000,"OPERATE_INCOME_YOY":34.7659959151,"GROSS_PROFIT":377088000,"GROSS_PROFIT_YOY":116.96537994603,"HOLDER_PROFIT":170804000,"HOLDER_PROFIT_YOY":531.7884224154,"GROSS_PROFIT_RATIO":23.596005509039,"EPS_TTM":0.274482,"OPERATE_INCOME_QOQ":14.550935527455,"NET_PROFIT_RATIO":10.6879352431,"ROE_AVG":40.369080088678,"GROSS_PROFIT_QOQ":42.697037480441,"ROA":11.278189034661,"HOLDER_PROFIT_QOQ":109.988294966836,"ROE_YEARLY":80.738160177355,"ROIC_YEARLY":23.559334891965,"TOTAL_ASSETS":1661608000,"TOTAL_LIABILITIES":1154475000,"TAX_EBT":14.202904374645,"OCF_SALES":-5.415802881044,"TOTAL_PARENT_EQUITY":507133000,"DEBT_ASSET_RATIO":69.4793838258,"OPERATE_PROFIT":217251000,"PRETAX_PROFIT":199079000,"NETCASH_OPERATE":-86550000,"NETCASH_INVEST":-104735000,"NETCASH_FINANCE":204617000,"END_CASH":70921000,"DIVI_RATIO":null,"DIVIDEND_RATE":null,"CURRENT_RATIO":1.207272836079,"COMMON_ACS":10000000000,"CURRENTDEBT_DEBT":75.266419801208,"ISSUED_COMMON_SHARES":1009500000,"HK_COMMON_SHARES":1009500000,"PER_SHARES":4000,"TOTAL_MARKET_CAP":2907360000,"HKSK_MARKET_CAP":2907360000,"PE_TTM":419.968559628665,"PB_TTM":4.559158171381,"REPORT_DATE_SQ":"2021-06-30 00:00:00","REPORT_TYPE_SQ":"2021年中报","OPERATE_INCOME_SQ":1185834000,"DPS_HKD":null,"OPERATE_INCOME_QOQ_SQ":13.928870535515,"NET_PROFIT_RATIO_SQ":2.2798300605,"HOLDER_PROFIT_SQ":27035000,"HOLDER_PROFIT_QOQ_SQ":535.845410628019,"ROE_AVG_SQ":12.296852897163,"PE_TTM_SQ":5.613363212545,"PB_TTM_SQ":0.933706434416,"ROA_SQ":2.502682271826,"START_DATE":"2022-01-01 00:00:00","FISCAL_YEAR":"12-31","CURRENCY":"HKD","IS_CNY_CODE":0,"DPS_HKD_LY":null,"ORG_TYPE":"一般企业","PREMIUM_INCOME":null,"PREMIUM_INCOME_YOY":null,"NET_INTEREST_INCOME":null,"NET_INTEREST_INCOME_YOY":null,"FEE_COMMISSION_INCOME":null,"FEE_COMMISSION_INCOME_YOY":null,"ACCOUNTS_RECE_TDAYS":8.552237328317,"INVENTORY_TDAYS":3.187324451034,"CURRENT_ASSETS_TDAYS":1.690862565791,"TOTAL_ASSETS_TDAYS":1.055226175879,"PREMIUM_EXPENSE":null,"LOAN_DEPOSIT":null,"LOAN_EQUITY":null,"LOAN_ASSETS":null,"DEPOSIT_EQUITY":null,"DEPOSIT_ASSETS":null,"EQUITY_MULTIPLIER":3.276473824422,"EQUITY_RATIO":2.276473824421},{"SECUCODE":"09933.HK","SECURITY_CODE":"09933","SECURITY_NAME_ABBR":"GHW INTL","ORG_CODE":"11002678","STD_REPORT_DATE":"2021-12-31 00:00:00","REPORT_DATE":"2021-12-31 00:00:00","DATE_TYPE_CODE":"001","REPORT_TYPE":"2021年年报","PER_NETCASH_OPERATE":-0.122525,"PER_OI":2.833268,"BPS":0.335888063398,"BASIC_EPS":0.131,"DILUTED_EPS":null,"OPERATE_INCOME":2833268000,"OPERATE_INCOME_YOY":34.6685793215,"GROSS_PROFIT":476115000,"GROSS_PROFIT_YOY":74.22878471841,"HOLDER_PROFIT":130713000,"HOLDER_PROFIT_YOY":2625.8550724638,"GROSS_PROFIT_RATIO":16.804446314292,"EPS_TTM":0.130713,"OPERATE_INCOME_QOQ":18.204085310829,"NET_PROFIT_RATIO":4.613506382,"ROE_AVG":48.005597035481,"GROSS_PROFIT_QOQ":45.809152520572,"ROA":10.942598093733,"HOLDER_PROFIT_QOQ":479.530037685657,"ROE_YEARLY":48.005597035481,"ROIC_YEARLY":11.520948942681,"TOTAL_ASSETS":1367318000,"TOTAL_LIABILITIES":1028239000,"TAX_EBT":10.499972611744,"OCF_SALES":-4.324511482853,"TOTAL_PARENT_EQUITY":339079000,"DEBT_ASSET_RATIO":75.2011602275,"OPERATE_PROFIT":175881000,"PRETAX_PROFIT":146048000,"NETCASH_OPERATE":-122525000,"NETCASH_INVEST":-164180000,"NETCASH_FINANCE":284985000,"END_CASH":58025000,"DIVI_RATIO":null,"DIVIDEND_RATE":null,"CURRENT_RATIO":1.079787698311,"COMMON_ACS":10000000000,"CURRENTDEBT_DEBT":75.768376807338,"ISSUED_COMMON_SHARES":1009500000,"HK_COMMON_SHARES":1009500000,"PER_SHARES":4000,"TOTAL_MARKET_CAP":2907360000,"HKSK_MARKET_CAP":2907360000,"PE_TTM":419.968559628665,"PB_TTM":4.559158171381,"REPORT_DATE_SQ":"2020-12-31 00:00:00","REPORT_TYPE_SQ":"2020年年报","OPERATE_INCOME_SQ":2103882000,"DPS_HKD":null,"OPERATE_INCOME_QOQ_SQ":9.373877412248,"NET_PROFIT_RATIO_SQ":-0.2459738712,"HOLDER_PROFIT_SQ":-5175000,"HOLDER_PROFIT_QOQ_SQ":-144.592847910383,"ROE_AVG_SQ":-3.233798979557,"PE_TTM_SQ":5.613363212545,"PB_TTM_SQ":0.933706434416,"ROA_SQ":-0.551415352682,"START_DATE":"2021-01-01 00:00:00","FISCAL_YEAR":"12-31","CURRENCY":"HKD","IS_CNY_CODE":0,"DPS_HKD_LY":null,"ORG_TYPE":"一般企业","PREMIUM_INCOME":null,"PREMIUM_INCOME_YOY":null,"NET_INTEREST_INCOME":null,"NET_INTEREST_INCOME_YOY":null,"FEE_COMMISSION_INCOME":null,"FEE_COMMISSION_INCOME_YOY":null,"ACCOUNTS_RECE_TDAYS":15.474178916582,"INVENTORY_TDAYS":9.314932563001,"CURRENT_ASSETS_TDAYS":3.699940124882,"TOTAL_ASSETS_TDAYS":2.371861484002,"PREMIUM_EXPENSE":null,"LOAN_DEPOSIT":null,"LOAN_EQUITY":null,"LOAN_ASSETS":null,"DEPOSIT_EQUITY":null,"DEPOSIT_ASSETS":null,"EQUITY_MULTIPLIER":4.03244671595,"EQUITY_RATIO":3.032446715957},{"SECUCODE":"09933.HK","SECURITY_CODE":"09933","SECURITY_NAME_ABBR":"GHW INTL","ORG_CODE":"11002678","STD_REPORT_DATE":"2021-06-30 00:00:00","REPORT_DATE":"2021-06-30 00:00:00","DATE_TYPE_CODE":"002","REPORT_TYPE":"2021年中报","PER_NETCASH_OPERATE":-0.160173,"PER_OI":1.185834,"BPS":0.232006934126,"BASIC_EPS":0.027,"DILUTED_EPS":null,"OPERATE_INCOME":1185834000,"OPERATE_INCOME_YOY":32.8238426411,"GROSS_PROFIT":173801000,"GROSS_PROFIT_YOY":44.18772503277,"HOLDER_PROFIT":27035000,"HOLDER_PROFIT_YOY":3989.928057554,"GROSS_PROFIT_RATIO":14.656435892376,"EPS_TTM":0.022555,"OPERATE_INCOME_QOQ":13.928870535515,"NET_PROFIT_RATIO":2.2798300605,"ROE_AVG":12.296852897163,"GROSS_PROFIT_QOQ":19.490979617228,"ROA":2.502682271826,"HOLDER_PROFIT_QOQ":535.845410628019,"ROE_YEARLY":24.593705794326,"ROIC_YEARLY":5.328358753162,"TOTAL_ASSETS":1138733000,"TOTAL_LIABILITIES":904522000,"TAX_EBT":13.967031568228,"OCF_SALES":-13.507202525817,"TOTAL_PARENT_EQUITY":234211000,"DEBT_ASSET_RATIO":79.4323164429,"OPERATE_PROFIT":44418000,"PRETAX_PROFIT":31424000,"NETCASH_OPERATE":-160173000,"NETCASH_INVEST":4993000,"NETCASH_FINANCE":161083000,"END_CASH":69058000,"DIVI_RATIO":null,"DIVIDEND_RATE":null,"CURRENT_RATIO":1.236167260587,"COMMON_ACS":10000000000,"CURRENTDEBT_DEBT":68.28435350384,"ISSUED_COMMON_SHARES":1009500000,"HK_COMMON_SHARES":1009500000,"PER_SHARES":4000,"TOTAL_MARKET_CAP":2907360000,"HKSK_MARKET_CAP":2907360000,"PE_TTM":419.968559628665,"PB_TTM":4.559158171381,"REPORT_DATE_SQ":"2020-06-30 00:00:00","REPORT_TYPE_SQ":"2020年中报","OPERATE_INCOME_SQ":892787000,"DPS_HKD":null,"OPERATE_INCOME_QOQ_SQ":-2.160977185277,"NET_PROFIT_RATIO_SQ":-0.0778461156,"HOLDER_PROFIT_SQ":-695000,"HOLDER_PROFIT_QOQ_SQ":-60.129865668052,"ROE_AVG_SQ":-0.442855686394,"PE_TTM_SQ":5.613363212545,"PB_TTM_SQ":0.933706434416,"ROA_SQ":-0.07230609093,"START_DATE":"2021-01-01 00:00:00","FISCAL_YEAR":"12-31","CURRENCY":"HKD","IS_CNY_CODE":0,"DPS_HKD_LY":null,"ORG_TYPE":"一般企业","PREMIUM_INCOME":null,"PREMIUM_INCOME_YOY":null,"NET_INTEREST_INCOME":null,"NET_INTEREST_INCOME_YOY":null,"FEE_COMMISSION_INCOME":null,"FEE_COMMISSION_INCOME_YOY":null,"ACCOUNTS_RECE_TDAYS":7.169730553313,"INVENTORY_TDAYS":4.233756834659,"CURRENT_ASSETS_TDAYS":1.63136343157,"TOTAL_ASSETS_TDAYS":1.09774948368,"PREMIUM_EXPENSE":null,"LOAN_DEPOSIT":null,"LOAN_EQUITY":null,"LOAN_ASSETS":null,"DEPOSIT_EQUITY":null,"DEPOSIT_ASSETS":null,"EQUITY_MULTIPLIER":4.861996234159,"EQUITY_RATIO":3.861996234165},{"SECUCODE":"09933.HK","SECURITY_CODE":"09933","SECURITY_NAME_ABBR":"GHW INTL","ORG_CODE":"11002678","STD_REPORT_DATE":"2020-12-31 00:00:00","REPORT_DATE":"2020-12-31 00:00:00","DATE_TYPE_CODE":"001","REPORT_TYPE":"2020年年报","PER_NETCASH_OPERATE":0.052254,"PER_OI":2.103882,"BPS":0.203561168895,"BASIC_EPS":-0.005,"DILUTED_EPS":-0.005,"OPERATE_INCOME":2103882000,"OPERATE_INCOME_YOY":7.0103328747,"GROSS_PROFIT":273270000,"GROSS_PROFIT_YOY":11.219643227799,"HOLDER_PROFIT":-5175000,"HOLDER_PROFIT_YOY":-117.7792283643,"GROSS_PROFIT_RATIO":12.988846332637,"EPS_TTM":-0.005175,"OPERATE_INCOME_QOQ":9.373877412248,"NET_PROFIT_RATIO":-0.2459738712,"ROE_AVG":-3.233798979557,"GROSS_PROFIT_QOQ":11.868902925777,"ROA":-0.551415352682,"HOLDER_PROFIT_QOQ":-144.592847910383,"ROE_YEARLY":-3.233798979557,"ROIC_YEARLY":-0.581667852482,"TOTAL_ASSETS":1021749000,"TOTAL_LIABILITIES":816254000,"TAX_EBT":22.086720867209,"OCF_SALES":2.483694427729,"TOTAL_PARENT_EQUITY":205495000,"DEBT_ASSET_RATIO":79.8879176784,"OPERATE_PROFIT":19616000,"PRETAX_PROFIT":-6642000,"NETCASH_OPERATE":-125223000,"NETCASH_INVEST":-150753000,"NETCASH_FINANCE":303336000,"END_CASH":61906000,"DIVI_RATIO":null,"DIVIDEND_RATE":null,"CURRENT_RATIO":1.068141445027,"COMMON_ACS":10000000000,"CURRENTDEBT_DEBT":79.171924425485,"ISSUED_COMMON_SHARES":1009500000,"HK_COMMON_SHARES":1009500000,"PER_SHARES":4000,"TOTAL_MARKET_CAP":2907360000,"HKSK_MARKET_CAP":2907360000,"PE_TTM":419.968559628665,"PB_TTM":4.559158171381,"REPORT_DATE_SQ":"2019-12-31 00:00:00","REPORT_TYPE_SQ":"2019年年报","OPERATE_INCOME_SQ":1966055000,"DPS_HKD":null,"OPERATE_INCOME_QOQ_SQ":-2.346256777457,"NET_PROFIT_RATIO_SQ":1.4804774027,"HOLDER_PROFIT_SQ":29107000,"HOLDER_PROFIT_QOQ_SQ":-3.788054077282,"ROE_AVG_SQ":28.598518343846,"PE_TTM_SQ":5.613363212545,"PB_TTM_SQ":0.933706434416,"ROA_SQ":3.870619422778,"START_DATE":"2020-01-01 00:00:00","FISCAL_YEAR":"12-31","CURRENCY":"HKD","IS_CNY_CODE":0,"DPS_HKD_LY":null,"ORG_TYPE":"一般企业","PREMIUM_INCOME":null,"PREMIUM_INCOME_YOY":null,"NET_INTEREST_INCOME":null,"NET_INTEREST_INCOME_YOY":null,"FEE_COMMISSION_INCOME":null,"FEE_COMMISSION_INCOME_YOY":null,"ACCOUNTS_RECE_TDAYS":13.171613080947,"INVENTORY_TDAYS":10.070563900571,"CURRENT_ASSETS_TDAYS":3.30498178545,"TOTAL_ASSETS_TDAYS":2.241763932428,"PREMIUM_EXPENSE":null,"LOAN_DEPOSIT":null,"LOAN_EQUITY":null,"LOAN_ASSETS":null,"DEPOSIT_EQUITY":null,"DEPOSIT_ASSETS":null,"EQUITY_MULTIPLIER":4.972135575072,"EQUITY_RATIO":3.972135575075},{"SECUCODE":"09933.HK","SECURITY_CODE":"09933","SECURITY_NAME_ABBR":"GHW INTL","ORG_CODE":"11002678","STD_REPORT_DATE":"2020-06-30 00:00:00","REPORT_DATE":"2020-06-30 00:00:00","DATE_TYPE_CODE":"002","REPORT_TYPE":"2020年中报","PER_NETCASH_OPERATE":-0.095629,"PER_OI":0.892787,"BPS":0.197434373452,"BASIC_EPS":-0.0007,"DILUTED_EPS":-0.0007,"OPERATE_INCOME":892787000,"OPERATE_INCOME_YOY":-4.5426308682,"GROSS_PROFIT":120538000,"GROSS_PROFIT_YOY":-1.169197468105,"HOLDER_PROFIT":-695000,"HOLDER_PROFIT_YOY":-104.1351817695,"GROSS_PROFIT_RATIO":13.501316663437,"EPS_TTM":0.011605,"OPERATE_INCOME_QOQ":-2.160977185277,"NET_PROFIT_RATIO":-0.0778461156,"ROE_AVG":-0.442855686394,"GROSS_PROFIT_QOQ":-0.580375493991,"ROA":-0.07230609093,"HOLDER_PROFIT_QOQ":-60.129865668052,"ROE_YEARLY":-0.885711372789,"ROIC_YEARLY":-0.150785712891,"TOTAL_ASSETS":1067144000,"TOTAL_LIABILITIES":867834000,"TAX_EBT":-127.124183006536,"OCF_SALES":-10.711289478902,"TOTAL_PARENT_EQUITY":199310000,"DEBT_ASSET_RATIO":81.3230454372,"OPERATE_PROFIT":13382000,"PRETAX_PROFIT":-306000,"NETCASH_OPERATE":-166211000,"NETCASH_INVEST":-71761000,"NETCASH_FINANCE":245151000,"END_CASH":42991000,"DIVI_RATIO":null,"DIVIDEND_RATE":null,"CURRENT_RATIO":1.1637898335,"COMMON_ACS":10000000000,"CURRENTDEBT_DEBT":78.072419379743,"ISSUED_COMMON_SHARES":1009500000,"HK_COMMON_SHARES":1009500000,"PER_SHARES":4000,"TOTAL_MARKET_CAP":2907360000,"HKSK_MARKET_CAP":2907360000,"PE_TTM":419.968559628665,"PB_TTM":4.559158171381,"REPORT_DATE_SQ":"2019-06-30 00:00:00","REPORT_TYPE_SQ":"2019年中报","OPERATE_INCOME_SQ":935273000,"DPS_HKD":null,"OPERATE_INCOME_QOQ_SQ":-6.486646669262,"NET_PROFIT_RATIO_SQ":1.7970154169,"HOLDER_PROFIT_SQ":16807000,"HOLDER_PROFIT_QOQ_SQ":-59.259059751943,"ROE_AVG_SQ":17.414324569356,"PE_TTM_SQ":5.613363212545,"PB_TTM_SQ":0.933706434416,"ROA_SQ":2.338854953281,"START_DATE":"2020-01-01 00:00:00","FISCAL_YEAR":"12-31","CURRENCY":"HKD","IS_CNY_CODE":0,"DPS_HKD_LY":null,"ORG_TYPE":"一般企业","PREMIUM_INCOME":null,"PREMIUM_INCOME_YOY":null,"NET_INTEREST_INCOME":null,"NET_INTEREST_INCOME_YOY":null,"FEE_COMMISSION_INCOME":null,"FEE_COMMISSION_INCOME_YOY":null,"ACCOUNTS_RECE_TDAYS":5.706149475427,"INVENTORY_TDAYS":3.279968909804,"CURRENT_ASSETS_TDAYS":1.302016711499,"TOTAL_ASSETS_TDAYS":0.928833640331,"PREMIUM_EXPENSE":null,"LOAN_DEPOSIT":null,"LOAN_EQUITY":null,"LOAN_ASSETS":null,"DEPOSIT_EQUITY":null,"DEPOSIT_ASSETS":null,"EQUITY_MULTIPLIER":5.354191962279,"EQUITY_RATIO":4.35419196227}],"count":15},"success":true,"message":"ok","code":0}