{"version":"0f6b272f63805135dbcf14c756c4dbf5","result":{"pages":2,"data":[{"SECUCODE":"09959.HK","SECURITY_CODE":"09959","SECURITY_NAME_ABBR":"联易融科技-W","ORG_CODE":"10000153710","STD_REPORT_DATE":"2024-06-30 00:00:00","REPORT_DATE":"2024-06-30 00:00:00","DATE_TYPE_CODE":"002","REPORT_TYPE":"2024年中报","PER_NETCASH_OPERATE":0.066774210879,"PER_OI":0.180793830242,"BPS":3.714100489602,"BASIC_EPS":-0.11,"DILUTED_EPS":-0.11,"OPERATE_INCOME":413111000,"OPERATE_INCOME_YOY":5.6466111382,"GROSS_PROFIT":292889000,"GROSS_PROFIT_YOY":23.27341293725,"HOLDER_PROFIT":-240801000,"HOLDER_PROFIT_YOY":-41.3997815594,"GROSS_PROFIT_RATIO":70.898378401931,"EPS_TTM":-0.223959122535,"OPERATE_INCOME_QOQ":2.544470616435,"NET_PROFIT_RATIO":-58.4641900119,"ROE_AVG":-2.736028177337,"GROSS_PROFIT_QOQ":10.502264892738,"ROA":-2.501975960558,"HOLDER_PROFIT_QOQ":-15.978379113408,"ROE_YEARLY":-5.472056354675,"ROIC_YEARLY":-10.019965989264,"TOTAL_ASSETS":9518344000,"TOTAL_LIABILITIES":1035113000,"TAX_EBT":-11.893444521659,"OCF_SALES":36.933899121544,"TOTAL_PARENT_EQUITY":8486660000,"DEBT_ASSET_RATIO":10.8749274033,"OPERATE_PROFIT":-186541000,"PRETAX_PROFIT":-215850000,"NETCASH_OPERATE":152578000,"NETCASH_INVEST":91758000,"NETCASH_FINANCE":-25060000,"END_CASH":4923071000,"DIVI_RATIO":-0.404636341554,"DIVIDEND_RATE":4.651162790698,"CURRENT_RATIO":9.012580464639,"COMMON_ACS":6000000000,"CURRENTDEBT_DEBT":92.703212113074,"ISSUED_COMMON_SHARES":2284983948,"HK_COMMON_SHARES":2017357159,"PER_SHARES":500,"TOTAL_MARKET_CAP":4912715488.2,"HKSK_MARKET_CAP":4337317891.85,"PE_TTM":-8.679217091766,"PB_TTM":0.528327654433,"REPORT_DATE_SQ":"2023-06-30 00:00:00","REPORT_TYPE_SQ":"2023年中报","OPERATE_INCOME_SQ":391031000,"DPS_HKD":0.1,"OPERATE_INCOME_QOQ_SQ":-12.923285003246,"NET_PROFIT_RATIO_SQ":-43.8980541185,"HOLDER_PROFIT_SQ":-170298000,"HOLDER_PROFIT_QOQ_SQ":-1585.25783920345,"ROE_AVG_SQ":-1.7595655155,"PE_TTM_SQ":-10.689021595405,"PB_TTM_SQ":0.26223134844,"ROA_SQ":-1.481301008119,"START_DATE":"2024-01-01 00:00:00","FISCAL_YEAR":"12-31","CURRENCY":"HKD","IS_CNY_CODE":0,"DPS_HKD_LY":0.1,"ORG_TYPE":"一般企业","PREMIUM_INCOME":null,"PREMIUM_INCOME_YOY":null,"NET_INTEREST_INCOME":null,"NET_INTEREST_INCOME_YOY":null,"FEE_COMMISSION_INCOME":null,"FEE_COMMISSION_INCOME_YOY":null,"ACCOUNTS_RECE_TDAYS":1.555794908683,"INVENTORY_TDAYS":null,"CURRENT_ASSETS_TDAYS":0.047227002243,"TOTAL_ASSETS_TDAYS":0.04292315194,"PREMIUM_EXPENSE":null,"LOAN_DEPOSIT":null,"LOAN_EQUITY":null,"LOAN_ASSETS":null,"DEPOSIT_EQUITY":null,"DEPOSIT_ASSETS":null,"EQUITY_MULTIPLIER":1.122018721404,"EQUITY_RATIO":0.121969420243},{"SECUCODE":"09959.HK","SECURITY_CODE":"09959","SECURITY_NAME_ABBR":"联易融科技-W","ORG_CODE":"10000153710","STD_REPORT_DATE":"2023-12-31 00:00:00","REPORT_DATE":"2023-12-31 00:00:00","DATE_TYPE_CODE":"001","REPORT_TYPE":"2023年年报","PER_NETCASH_OPERATE":-0.141875394916,"PER_OI":0.379768094546,"BPS":3.989336996428,"BASIC_EPS":-0.208,"DILUTED_EPS":-0.208,"OPERATE_INCOME":867764000,"OPERATE_INCOME_YOY":-6.1064704609,"GROSS_PROFIT":526515000,"GROSS_PROFIT_YOY":-32.021793721394,"HOLDER_PROFIT":-441240000,"HOLDER_PROFIT_YOY":-3178.6446723139,"GROSS_PROFIT_RATIO":60.674907002365,"EPS_TTM":-0.193104201185,"OPERATE_INCOME_QOQ":7.828515973026,"NET_PROFIT_RATIO":-51.0850876506,"ROE_AVG":-4.626886252567,"GROSS_PROFIT_QOQ":-10.47109735672,"ROA":-4.075201901391,"HOLDER_PROFIT_QOQ":-94.548548954595,"ROE_YEARLY":-4.626886252567,"ROIC_YEARLY":-7.873742458992,"TOTAL_ASSETS":9730522000,"TOTAL_LIABILITIES":617731000,"TAX_EBT":-4.580766771806,"OCF_SALES":-37.358429250349,"TOTAL_PARENT_EQUITY":9115571000,"DEBT_ASSET_RATIO":6.3483850096,"OPERATE_PROFIT":-340576000,"PRETAX_PROFIT":-423881000,"NETCASH_OPERATE":-324183000,"NETCASH_INVEST":-155180000,"NETCASH_FINANCE":-535872000,"END_CASH":4719157000,"DIVI_RATIO":-0.469290670238,"DIVIDEND_RATE":5.434782608696,"CURRENT_RATIO":16.474526652178,"COMMON_ACS":6000000000,"CURRENTDEBT_DEBT":86.926671965629,"ISSUED_COMMON_SHARES":2284983948,"HK_COMMON_SHARES":2017357159,"PER_SHARES":500,"TOTAL_MARKET_CAP":4204370464.32,"HKSK_MARKET_CAP":3711937172.56,"PE_TTM":-7.427795092488,"PB_TTM":0.452150178678,"REPORT_DATE_SQ":"2022-12-31 00:00:00","REPORT_TYPE_SQ":"2022年年报","OPERATE_INCOME_SQ":924200000,"DPS_HKD":0.1,"OPERATE_INCOME_QOQ_SQ":-21.804470564147,"NET_PROFIT_RATIO_SQ":-2.3647478901,"HOLDER_PROFIT_SQ":-13458000,"HOLDER_PROFIT_QOQ_SQ":-115.913632654992,"ROE_AVG_SQ":-0.136824767662,"PE_TTM_SQ":-13.612514681328,"PB_TTM_SQ":0.333952742885,"ROA_SQ":-0.113413516358,"START_DATE":"2023-01-01 00:00:00","FISCAL_YEAR":"12-31","CURRENCY":"HKD","IS_CNY_CODE":0,"DPS_HKD_LY":0.25,"ORG_TYPE":"一般企业","PREMIUM_INCOME":null,"PREMIUM_INCOME_YOY":null,"NET_INTEREST_INCOME":null,"NET_INTEREST_INCOME_YOY":null,"FEE_COMMISSION_INCOME":null,"FEE_COMMISSION_INCOME_YOY":null,"ACCOUNTS_RECE_TDAYS":2.741919328363,"INVENTORY_TDAYS":null,"CURRENT_ASSETS_TDAYS":0.087015885119,"TOTAL_ASSETS_TDAYS":0.08014489853,"PREMIUM_EXPENSE":null,"LOAN_DEPOSIT":null,"LOAN_EQUITY":null,"LOAN_ASSETS":null,"DEPOSIT_EQUITY":null,"DEPOSIT_ASSETS":null,"EQUITY_MULTIPLIER":1.067787245423,"EQUITY_RATIO":0.067766572165},{"SECUCODE":"09959.HK","SECURITY_CODE":"09959","SECURITY_NAME_ABBR":"联易融科技-W","ORG_CODE":"10000153710","STD_REPORT_DATE":"2023-06-30 00:00:00","REPORT_DATE":"2023-06-30 00:00:00","DATE_TYPE_CODE":"002","REPORT_TYPE":"2023年中报","PER_NETCASH_OPERATE":-0.194330468006,"PER_OI":0.171130742666,"BPS":4.113606578386,"BASIC_EPS":-0.08,"DILUTED_EPS":-0.08,"OPERATE_INCOME":391031000,"OPERATE_INCOME_YOY":-23.3975489159,"GROSS_PROFIT":237593000,"GROSS_PROFIT_YOY":-43.968276053986,"HOLDER_PROFIT":-170298000,"HOLDER_PROFIT_YOY":-495.6186405241,"GROSS_PROFIT_RATIO":60.760655804783,"EPS_TTM":-0.099257590058,"OPERATE_INCOME_QOQ":-12.923285003246,"NET_PROFIT_RATIO":-43.8980541185,"ROE_AVG":-1.7595655155,"GROSS_PROFIT_QOQ":-24.071216923703,"ROA":-1.481301008119,"HOLDER_PROFIT_QOQ":-1585.25783920345,"ROE_YEARLY":-3.519131031,"ROIC_YEARLY":-5.958942647915,"TOTAL_ASSETS":11068675000,"TOTAL_LIABILITIES":1671063000,"TAX_EBT":8.179367303927,"OCF_SALES":-113.556725681596,"TOTAL_PARENT_EQUITY":9399525000,"DEBT_ASSET_RATIO":15.0972270845,"OPERATE_PROFIT":-144367000,"PRETAX_PROFIT":-186946000,"NETCASH_OPERATE":-444042000,"NETCASH_INVEST":-37162000,"NETCASH_FINANCE":584508000,"END_CASH":5832904000,"DIVI_RATIO":-0.912998189327,"DIVIDEND_RATE":5.434782608696,"CURRENT_RATIO":6.181972428806,"COMMON_ACS":6000000000,"CURRENTDEBT_DEBT":98.577911185874,"ISSUED_COMMON_SHARES":2284983948,"HK_COMMON_SHARES":2017357159,"PER_SHARES":500,"TOTAL_MARKET_CAP":4204370464.32,"HKSK_MARKET_CAP":3711937172.56,"PE_TTM":-7.427795092488,"PB_TTM":0.452150178678,"REPORT_DATE_SQ":"2022-06-30 00:00:00","REPORT_TYPE_SQ":"2022年中报","OPERATE_INCOME_SQ":510468000,"DPS_HKD":0.1,"OPERATE_INCOME_QOQ_SQ":-1.34422581391,"NET_PROFIT_RATIO_SQ":6.8946535336,"HOLDER_PROFIT_SQ":43046000,"HOLDER_PROFIT_QOQ_SQ":100.650941864054,"ROE_AVG_SQ":0.438631619342,"PE_TTM_SQ":-13.612514681328,"PB_TTM_SQ":0.333952742885,"ROA_SQ":0.330264693579,"START_DATE":"2023-01-01 00:00:00","FISCAL_YEAR":"12-31","CURRENCY":"HKD","IS_CNY_CODE":0,"DPS_HKD_LY":0.25,"ORG_TYPE":"一般企业","PREMIUM_INCOME":null,"PREMIUM_INCOME_YOY":null,"NET_INTEREST_INCOME":null,"NET_INTEREST_INCOME_YOY":null,"FEE_COMMISSION_INCOME":null,"FEE_COMMISSION_INCOME_YOY":null,"ACCOUNTS_RECE_TDAYS":1.32954222832,"INVENTORY_TDAYS":null,"CURRENT_ASSETS_TDAYS":0.036747343559,"TOTAL_ASSETS_TDAYS":0.034013001592,"PREMIUM_EXPENSE":null,"LOAN_DEPOSIT":null,"LOAN_EQUITY":null,"LOAN_ASSETS":null,"DEPOSIT_EQUITY":null,"DEPOSIT_ASSETS":null,"EQUITY_MULTIPLIER":1.17781783287,"EQUITY_RATIO":0.177781643221},{"SECUCODE":"09959.HK","SECURITY_CODE":"09959","SECURITY_NAME_ABBR":"联易融科技-W","ORG_CODE":"10000153710","STD_REPORT_DATE":"2022-12-31 00:00:00","REPORT_DATE":"2022-12-31 00:00:00","DATE_TYPE_CODE":"001","REPORT_TYPE":"2022年年报","PER_NETCASH_OPERATE":0.813847292725,"PER_OI":0.404466736324,"BPS":4.357710700207,"BASIC_EPS":-0.006,"DILUTED_EPS":-0.006,"OPERATE_INCOME":924200000,"OPERATE_INCOME_YOY":-22.8555950561,"GROSS_PROFIT":774535000,"GROSS_PROFIT_YOY":-16.469668374225,"HOLDER_PROFIT":-13458000,"HOLDER_PROFIT_YOY":99.896411503,"GROSS_PROFIT_RATIO":83.805994373512,"EPS_TTM":-0.005889756911,"OPERATE_INCOME_QOQ":-21.804470564147,"NET_PROFIT_RATIO":-2.3647478901,"ROE_AVG":-0.136824767662,"GROSS_PROFIT_QOQ":-17.986465466397,"ROA":-0.113413516358,"HOLDER_PROFIT_QOQ":-115.913632654992,"ROE_YEARLY":-0.136824767662,"ROIC_YEARLY":-0.205990988774,"TOTAL_ASSETS":11924356000,"TOTAL_LIABILITIES":1967828000,"TAX_EBT":221.809162858098,"OCF_SALES":201.214888552261,"TOTAL_PARENT_EQUITY":9957299000,"DEBT_ASSET_RATIO":16.5025935153,"OPERATE_PROFIT":109115000,"PRETAX_PROFIT":17942000,"NETCASH_OPERATE":1859628000,"NETCASH_INVEST":-274578000,"NETCASH_FINANCE":-774277000,"END_CASH":5731387000,"DIVI_RATIO":-15.386373557412,"DIVIDEND_RATE":5.434782608696,"CURRENT_RATIO":5.727279529581,"COMMON_ACS":6000000000,"CURRENTDEBT_DEBT":98.476340411865,"ISSUED_COMMON_SHARES":2284983948,"HK_COMMON_SHARES":2017357159,"PER_SHARES":500,"TOTAL_MARKET_CAP":4204370464.32,"HKSK_MARKET_CAP":3711937172.56,"PE_TTM":-7.427795092488,"PB_TTM":0.452150178678,"REPORT_DATE_SQ":"2021-12-31 00:00:00","REPORT_TYPE_SQ":"2021年年报","OPERATE_INCOME_SQ":1198013000,"DPS_HKD":0.1,"OPERATE_INCOME_QOQ_SQ":16.660223482728,"NET_PROFIT_RATIO_SQ":-1084.3515888392,"HOLDER_PROFIT_SQ":-12991790000,"HOLDER_PROFIT_QOQ_SQ":3.490252112763,"ROE_AVG_SQ":-406.967807455256,"PE_TTM_SQ":-13.612514681328,"PB_TTM_SQ":0.333952742885,"ROA_SQ":-144.795104705092,"START_DATE":"2022-01-01 00:00:00","FISCAL_YEAR":"12-31","CURRENCY":"HKD","IS_CNY_CODE":0,"DPS_HKD_LY":null,"ORG_TYPE":"一般企业","PREMIUM_INCOME":null,"PREMIUM_INCOME_YOY":null,"NET_INTEREST_INCOME":null,"NET_INTEREST_INCOME_YOY":null,"FEE_COMMISSION_INCOME":null,"FEE_COMMISSION_INCOME_YOY":null,"ACCOUNTS_RECE_TDAYS":3.100359114308,"INVENTORY_TDAYS":null,"CURRENT_ASSETS_TDAYS":0.082820236043,"TOTAL_ASSETS_TDAYS":0.077884360097,"PREMIUM_EXPENSE":null,"LOAN_DEPOSIT":null,"LOAN_EQUITY":null,"LOAN_ASSETS":null,"DEPOSIT_EQUITY":null,"DEPOSIT_ASSETS":null,"EQUITY_MULTIPLIER":1.197641989255,"EQUITY_RATIO":0.197626685711},{"SECUCODE":"09959.HK","SECURITY_CODE":"09959","SECURITY_NAME_ABBR":"联易融科技-W","ORG_CODE":"10000153710","STD_REPORT_DATE":"2022-06-30 00:00:00","REPORT_DATE":"2022-06-30 00:00:00","DATE_TYPE_CODE":"002","REPORT_TYPE":"2022年中报","PER_NETCASH_OPERATE":0.04071900767,"PER_OI":0.222062865585,"BPS":4.338247543785,"BASIC_EPS":0.02,"DILUTED_EPS":0.02,"OPERATE_INCOME":510468000,"OPERATE_INCOME_YOY":-3.0582712336,"GROSS_PROFIT":424033000,"GROSS_PROFIT_YOY":4.214714758998,"HOLDER_PROFIT":43046000,"HOLDER_PROFIT_YOY":100.3302767301,"GROSS_PROFIT_RATIO":83.067498844198,"EPS_TTM":0.036789053339,"OPERATE_INCOME_QOQ":-1.34422581391,"NET_PROFIT_RATIO":6.8946535336,"ROE_AVG":0.438631619342,"GROSS_PROFIT_QOQ":1.849447290375,"ROA":0.330264693579,"HOLDER_PROFIT_QOQ":100.650941864054,"ROE_YEARLY":0.877263238684,"ROIC_YEARLY":1.086521389928,"TOTAL_ASSETS":14259311000,"TOTAL_LIABILITIES":4346997000,"TAX_EBT":33.963149204443,"OCF_SALES":18.336702790381,"TOTAL_PARENT_EQUITY":9912826000,"DEBT_ASSET_RATIO":30.4853228883,"OPERATE_PROFIT":90814000,"PRETAX_PROFIT":53296000,"NETCASH_OPERATE":93603000,"NETCASH_INVEST":-179444000,"NETCASH_FINANCE":443625000,"END_CASH":5285402000,"DIVI_RATIO":2.463287086127,"DIVIDEND_RATE":5.434782608696,"CURRENT_RATIO":3.149558003729,"COMMON_ACS":6000000000,"CURRENTDEBT_DEBT":98.786978688966,"ISSUED_COMMON_SHARES":2284983948,"HK_COMMON_SHARES":2017357159,"PER_SHARES":500,"TOTAL_MARKET_CAP":4204370464.32,"HKSK_MARKET_CAP":3711937172.56,"PE_TTM":-7.427795092488,"PB_TTM":0.452150178678,"REPORT_DATE_SQ":"2021-06-30 00:00:00","REPORT_TYPE_SQ":"2021年中报","OPERATE_INCOME_SQ":526572000,"DPS_HKD":0.1,"OPERATE_INCOME_QOQ_SQ":-0.157115759119,"NET_PROFIT_RATIO_SQ":-2475.0541236526,"HOLDER_PROFIT_SQ":-13033313000,"HOLDER_PROFIT_QOQ_SQ":-1777.34779431453,"ROE_AVG_SQ":-400.39245690155,"PE_TTM_SQ":-13.612514681328,"PB_TTM_SQ":0.333952742885,"ROA_SQ":-143.572977753553,"START_DATE":"2022-01-01 00:00:00","FISCAL_YEAR":"12-31","CURRENCY":"HKD","IS_CNY_CODE":0,"DPS_HKD_LY":null,"ORG_TYPE":"一般企业","PREMIUM_INCOME":null,"PREMIUM_INCOME_YOY":null,"NET_INTEREST_INCOME":null,"NET_INTEREST_INCOME_YOY":null,"FEE_COMMISSION_INCOME":null,"FEE_COMMISSION_INCOME_YOY":null,"ACCOUNTS_RECE_TDAYS":1.895276178171,"INVENTORY_TDAYS":null,"CURRENT_ASSETS_TDAYS":0.041258807954,"TOTAL_ASSETS_TDAYS":0.039164976444,"PREMIUM_EXPENSE":null,"LOAN_DEPOSIT":null,"LOAN_EQUITY":null,"LOAN_ASSETS":null,"DEPOSIT_EQUITY":null,"DEPOSIT_ASSETS":null,"EQUITY_MULTIPLIER":1.438545126798,"EQUITY_RATIO":0.438522475831},{"SECUCODE":"09959.HK","SECURITY_CODE":"09959","SECURITY_NAME_ABBR":"联易融科技-W","ORG_CODE":"10000153710","STD_REPORT_DATE":"2021-12-31 00:00:00","REPORT_DATE":"2021-12-31 00:00:00","DATE_TYPE_CODE":"001","REPORT_TYPE":"2021年年报","PER_NETCASH_OPERATE":-0.31736332749,"PER_OI":0.519946108058,"BPS":4.251486321601,"BASIC_EPS":-7.784,"DILUTED_EPS":-7.784,"OPERATE_INCOME":1198013000,"OPERATE_INCOME_YOY":16.476931887,"GROSS_PROFIT":927250000,"GROSS_PROFIT_YOY":47.094283112672,"HOLDER_PROFIT":-12991790000,"HOLDER_PROFIT_YOY":-1711.8236232596,"GROSS_PROFIT_RATIO":77.398993166184,"EPS_TTM":-5.638528669726,"OPERATE_INCOME_QOQ":16.660223482728,"NET_PROFIT_RATIO":-1084.3515888392,"ROE_AVG":-406.967807455256,"GROSS_PROFIT_QOQ":27.574711520867,"ROA":-144.795104705092,"HOLDER_PROFIT_QOQ":3.490252112763,"ROE_YEARLY":-406.967807455256,"ROIC_YEARLY":-209.276569045913,"TOTAL_ASSETS":11808265000,"TOTAL_LIABILITIES":2086158000,"TAX_EBT":-0.583820502102,"OCF_SALES":-61.037734982842,"TOTAL_PARENT_EQUITY":9714578000,"DEBT_ASSET_RATIO":17.6669307472,"OPERATE_PROFIT":318006000,"PRETAX_PROFIT":-12915271000,"NETCASH_OPERATE":-731240000,"NETCASH_INVEST":-312659000,"NETCASH_FINANCE":5340309000,"END_CASH":4927885000,"DIVI_RATIO":-0.016071923246,"DIVIDEND_RATE":5.434782608696,"CURRENT_RATIO":5.541667078271,"COMMON_ACS":6000000000,"CURRENTDEBT_DEBT":97.049025049876,"ISSUED_COMMON_SHARES":2284983948,"HK_COMMON_SHARES":2017357159,"PER_SHARES":500,"TOTAL_MARKET_CAP":4204370464.32,"HKSK_MARKET_CAP":3711937172.56,"PE_TTM":-7.427795092488,"PB_TTM":0.452150178678,"REPORT_DATE_SQ":"2020-12-31 00:00:00","REPORT_TYPE_SQ":"2020年年报","OPERATE_INCOME_SQ":1028541000,"DPS_HKD":0.1,"OPERATE_INCOME_QOQ_SQ":5.361708666257,"NET_PROFIT_RATIO_SQ":-69.5628078997,"HOLDER_PROFIT_SQ":-717056000,"HOLDER_PROFIT_QOQ_SQ":37.3888017659,"ROE_AVG_SQ":24.203678469286,"PE_TTM_SQ":-13.612514681328,"PB_TTM_SQ":0.333952742885,"ROA_SQ":-14.473618742781,"START_DATE":"2021-01-01 00:00:00","FISCAL_YEAR":"12-31","CURRENCY":"HKD","IS_CNY_CODE":0,"DPS_HKD_LY":null,"ORG_TYPE":"一般企业","PREMIUM_INCOME":null,"PREMIUM_INCOME_YOY":null,"NET_INTEREST_INCOME":null,"NET_INTEREST_INCOME_YOY":null,"FEE_COMMISSION_INCOME":null,"FEE_COMMISSION_INCOME_YOY":null,"ACCOUNTS_RECE_TDAYS":4.999532603026,"INVENTORY_TDAYS":null,"CURRENT_ASSETS_TDAYS":0.141169831533,"TOTAL_ASSETS_TDAYS":0.133520029013,"PREMIUM_EXPENSE":null,"LOAN_DEPOSIT":null,"LOAN_EQUITY":null,"LOAN_ASSETS":null,"DEPOSIT_EQUITY":null,"DEPOSIT_ASSETS":null,"EQUITY_MULTIPLIER":1.214578794493,"EQUITY_RATIO":0.214745097523},{"SECUCODE":"09959.HK","SECURITY_CODE":"09959","SECURITY_NAME_ABBR":"联易融科技-W","ORG_CODE":"10000153710","STD_REPORT_DATE":"2021-06-30 00:00:00","REPORT_DATE":"2021-06-30 00:00:00","DATE_TYPE_CODE":"002","REPORT_TYPE":"2021年中报","PER_NETCASH_OPERATE":-0.712341563479,"PER_OI":0.225771284765,"BPS":4.306450383869,"BASIC_EPS":-11.06,"DILUTED_EPS":-11.06,"OPERATE_INCOME":526572000,"OPERATE_INCOME_YOY":-0.3059516687,"GROSS_PROFIT":406884000,"GROSS_PROFIT_YOY":31.069828272123,"HOLDER_PROFIT":-13033313000,"HOLDER_PROFIT_YOY":-4413.9515955862,"GROSS_PROFIT_RATIO":77.270344796153,"EPS_TTM":-5.771766499151,"OPERATE_INCOME_QOQ":-0.157115759119,"NET_PROFIT_RATIO":-2475.0541236526,"ROE_AVG":-400.39245690155,"GROSS_PROFIT_QOQ":15.30050223834,"ROA":-143.572977753553,"HOLDER_PROFIT_QOQ":-1777.34779431453,"ROE_YEARLY":-800.784913803101,"ROIC_YEARLY":-397.291756432136,"TOTAL_ASSETS":12018860000,"TOTAL_LIABILITIES":2171907000,"TAX_EBT":-0.280128511176,"OCF_SALES":-315.514687450149,"TOTAL_PARENT_EQUITY":9840170000,"DEBT_ASSET_RATIO":18.0708236888,"OPERATE_PROFIT":157742000,"PRETAX_PROFIT":-12996535000,"NETCASH_OPERATE":-1661412000,"NETCASH_INVEST":-84628000,"NETCASH_FINANCE":5555707000,"END_CASH":4432973000,"DIVI_RATIO":-0.015700912366,"DIVIDEND_RATE":5.434782608696,"CURRENT_RATIO":5.507194945135,"COMMON_ACS":6000000000,"CURRENTDEBT_DEBT":96.696359466589,"ISSUED_COMMON_SHARES":2284983948,"HK_COMMON_SHARES":2017357159,"PER_SHARES":500,"TOTAL_MARKET_CAP":4204370464.32,"HKSK_MARKET_CAP":3711937172.56,"PE_TTM":-7.427795092488,"PB_TTM":0.452150178678,"REPORT_DATE_SQ":"2020-06-30 00:00:00","REPORT_TYPE_SQ":"2020年中报","OPERATE_INCOME_SQ":528188000,"DPS_HKD":0.1,"OPERATE_INCOME_QOQ_SQ":0,"NET_PROFIT_RATIO_SQ":-54.620892561,"HOLDER_PROFIT_SQ":-288734000,"HOLDER_PROFIT_QOQ_SQ":0,"ROE_AVG_SQ":null,"PE_TTM_SQ":-13.612514681328,"PB_TTM_SQ":0.333952742885,"ROA_SQ":null,"START_DATE":"2021-01-01 00:00:00","FISCAL_YEAR":"12-31","CURRENCY":"HKD","IS_CNY_CODE":0,"DPS_HKD_LY":null,"ORG_TYPE":"一般企业","PREMIUM_INCOME":null,"PREMIUM_INCOME_YOY":null,"NET_INTEREST_INCOME":null,"NET_INTEREST_INCOME_YOY":null,"FEE_COMMISSION_INCOME":null,"FEE_COMMISSION_INCOME_YOY":null,"ACCOUNTS_RECE_TDAYS":2.248544410686,"INVENTORY_TDAYS":null,"CURRENT_ASSETS_TDAYS":0.060808679497,"TOTAL_ASSETS_TDAYS":0.058006364185,"PREMIUM_EXPENSE":null,"LOAN_DEPOSIT":null,"LOAN_EQUITY":null,"LOAN_ASSETS":null,"DEPOSIT_EQUITY":null,"DEPOSIT_ASSETS":null,"EQUITY_MULTIPLIER":1.220566402623,"EQUITY_RATIO":0.220718442872},{"SECUCODE":"09959.HK","SECURITY_CODE":"09959","SECURITY_NAME_ABBR":"联易融科技-W","ORG_CODE":"10000153710","STD_REPORT_DATE":"2020-12-31 00:00:00","REPORT_DATE":"2020-12-31 00:00:00","DATE_TYPE_CODE":"001","REPORT_TYPE":"2020年年报","PER_NETCASH_OPERATE":-3.804442721596,"PER_OI":1.86345631112,"BPS":-1.45729732715,"BASIC_EPS":-23.24,"DILUTED_EPS":-23.24,"OPERATE_INCOME":1028541000,"OPERATE_INCOME_YOY":47.0199101478,"GROSS_PROFIT":630378000,"GROSS_PROFIT_YOY":73.671247368943,"HOLDER_PROFIT":-717056000,"HOLDER_PROFIT_YOY":33.7064711114,"GROSS_PROFIT_RATIO":61.288563119992,"EPS_TTM":-1.299124224145,"OPERATE_INCOME_QOQ":5.361708666257,"NET_PROFIT_RATIO":-69.5628078997,"ROE_AVG":24.203678469286,"GROSS_PROFIT_QOQ":13.911863402188,"ROA":-14.473618742781,"HOLDER_PROFIT_QOQ":37.3888017659,"ROE_YEARLY":24.203678469286,"ROIC_YEARLY":-16.077775377386,"TOTAL_ASSETS":6136803000,"TOTAL_LIABILITIES":9460292000,"TAX_EBT":-6.085344878714,"OCF_SALES":-204.160553638601,"TOTAL_PARENT_EQUITY":-3329901000,"DEBT_ASSET_RATIO":154.1566838629,"OPERATE_PROFIT":320373000,"PRETAX_PROFIT":-674440000,"NETCASH_OPERATE":-2099875000,"NETCASH_INVEST":-111290000,"NETCASH_FINANCE":2401986000,"END_CASH":587337000,"DIVI_RATIO":-0.069756223705,"DIVIDEND_RATE":5.434782608696,"CURRENT_RATIO":0.611462284611,"COMMON_ACS":6000000000,"CURRENTDEBT_DEBT":99.453727221105,"ISSUED_COMMON_SHARES":2284983948,"HK_COMMON_SHARES":2017357159,"PER_SHARES":500,"TOTAL_MARKET_CAP":4204370464.32,"HKSK_MARKET_CAP":3711937172.56,"PE_TTM":-7.427795092488,"PB_TTM":0.452150178678,"REPORT_DATE_SQ":"2019-12-31 00:00:00","REPORT_TYPE_SQ":"2019年年报","OPERATE_INCOME_SQ":699593000,"DPS_HKD":0.1,"OPERATE_INCOME_QOQ_SQ":82.788784870915,"NET_PROFIT_RATIO_SQ":-154.6576366545,"HOLDER_PROFIT_SQ":-1081638000,"HOLDER_PROFIT_QOQ_SQ":23.304675229826,"ROE_AVG_SQ":52.299607815074,"PE_TTM_SQ":-13.612514681328,"PB_TTM_SQ":0.333952742885,"ROA_SQ":-31.351117279088,"START_DATE":"2020-01-01 00:00:00","FISCAL_YEAR":"12-31","CURRENCY":"HKD","IS_CNY_CODE":0,"DPS_HKD_LY":null,"ORG_TYPE":"一般企业","PREMIUM_INCOME":null,"PREMIUM_INCOME_YOY":null,"NET_INTEREST_INCOME":null,"NET_INTEREST_INCOME_YOY":null,"FEE_COMMISSION_INCOME":null,"FEE_COMMISSION_INCOME_YOY":null,"ACCOUNTS_RECE_TDAYS":5.442937428559,"INVENTORY_TDAYS":null,"CURRENT_ASSETS_TDAYS":0.222564958355,"TOTAL_ASSETS_TDAYS":0.207608754342,"PREMIUM_EXPENSE":null,"LOAN_DEPOSIT":null,"LOAN_EQUITY":null,"LOAN_ASSETS":null,"DEPOSIT_EQUITY":null,"DEPOSIT_ASSETS":null,"EQUITY_MULTIPLIER":-1.846494151177,"EQUITY_RATIO":-2.841012991077},{"SECUCODE":"09959.HK","SECURITY_CODE":"09959","SECURITY_NAME_ABBR":"联易融科技-W","ORG_CODE":"10000153710","STD_REPORT_DATE":"2020-09-30 00:00:00","REPORT_DATE":"2020-09-30 00:00:00","DATE_TYPE_CODE":"004","REPORT_TYPE":"2020年三季报","PER_NETCASH_OPERATE":-0.068866062524,"PER_OI":1.527238578502,"BPS":-1.322808417383,"BASIC_EPS":-14.04,"DILUTED_EPS":-14.04,"OPERATE_INCOME":807662000,"OPERATE_INCOME_YOY":52.0863187429,"GROSS_PROFIT":474317000,"GROSS_PROFIT_YOY":67.073033272513,"HOLDER_PROFIT":-433091000,"HOLDER_PROFIT_YOY":-17.2173098731,"GROSS_PROFIT_RATIO":58.727165571737,"EPS_TTM":-2.165600259151,"OPERATE_INCOME_QOQ":39.538274396685,"NET_PROFIT_RATIO":-53.4867308354,"ROE_AVG":15.418315495338,"GROSS_PROFIT_QOQ":52.461071377407,"ROA":-10.908246916864,"HOLDER_PROFIT_QOQ":-5.881265266198,"ROE_YEARLY":20.557753993783,"ROIC_YEARLY":-11.89293227698,"TOTAL_ASSETS":4168964000,"TOTAL_LIABILITIES":7185623000,"TAX_EBT":-9.040151245529,"OCF_SALES":-4.50918824954,"TOTAL_PARENT_EQUITY":-3022596000,"DEBT_ASSET_RATIO":172.3599196347,"OPERATE_PROFIT":null,"PRETAX_PROFIT":-396177000,"NETCASH_OPERATE":-36419000,"NETCASH_INVEST":-82902000,"NETCASH_FINANCE":-17557000,"END_CASH":256648000,"DIVI_RATIO":-0.04184613463,"DIVIDEND_RATE":5.434782608696,"CURRENT_RATIO":0.531938922958,"COMMON_ACS":6000000000,"CURRENTDEBT_DEBT":99.257058156266,"ISSUED_COMMON_SHARES":2284983948,"HK_COMMON_SHARES":2017357159,"PER_SHARES":500,"TOTAL_MARKET_CAP":4204370464.32,"HKSK_MARKET_CAP":3711937172.56,"PE_TTM":-7.427795092488,"PB_TTM":0.452150178678,"REPORT_DATE_SQ":"2019-09-30 00:00:00","REPORT_TYPE_SQ":"2019年三季报","OPERATE_INCOME_SQ":531055000,"DPS_HKD":0.1,"OPERATE_INCOME_QOQ_SQ":0,"NET_PROFIT_RATIO_SQ":-69.573584657,"HOLDER_PROFIT_SQ":-369477000,"HOLDER_PROFIT_QOQ_SQ":0,"ROE_AVG_SQ":null,"PE_TTM_SQ":-13.612514681328,"PB_TTM_SQ":0.333952742885,"ROA_SQ":null,"START_DATE":"2020-01-01 00:00:00","FISCAL_YEAR":"12-31","CURRENCY":"HKD","IS_CNY_CODE":0,"DPS_HKD_LY":null,"ORG_TYPE":"一般企业","PREMIUM_INCOME":null,"PREMIUM_INCOME_YOY":null,"NET_INTEREST_INCOME":null,"NET_INTEREST_INCOME_YOY":null,"FEE_COMMISSION_INCOME":null,"FEE_COMMISSION_INCOME_YOY":null,"ACCOUNTS_RECE_TDAYS":4.022050859401,"INVENTORY_TDAYS":null,"CURRENT_ASSETS_TDAYS":0.221778022897,"TOTAL_ASSETS_TDAYS":0.203425527692,"PREMIUM_EXPENSE":null,"LOAN_DEPOSIT":null,"LOAN_EQUITY":null,"LOAN_ASSETS":null,"DEPOSIT_EQUITY":null,"DEPOSIT_ASSETS":null,"EQUITY_MULTIPLIER":-1.38198052879,"EQUITY_RATIO":-2.377301829288}],"count":13},"success":true,"message":"ok","code":0}