{"version":"ece7c045228c96a4fa66c7269ddc7f23","result":{"pages":2,"data":[{"SECUCODE":"09955.HK","SECURITY_CODE":"09955","SECURITY_NAME_ABBR":"智云健康","ORG_CODE":"10000248940","STD_REPORT_DATE":"2024-06-30 00:00:00","REPORT_DATE":"2024-06-30 00:00:00","DATE_TYPE_CODE":"002","REPORT_TYPE":"2024年中报","PER_NETCASH_OPERATE":-0.333089045434,"PER_OI":3.619593974,"BPS":2.756860908021,"BASIC_EPS":-0.2,"DILUTED_EPS":-0.2,"OPERATE_INCOME":2124840000,"OPERATE_INCOME_YOY":17.8787549291,"GROSS_PROFIT":436994000,"GROSS_PROFIT_YOY":-7.723267359139,"HOLDER_PROFIT":-115838000,"HOLDER_PROFIT_YOY":25.7458237715,"GROSS_PROFIT_RATIO":20.565972026129,"EPS_TTM":-0.481912405093,"OPERATE_INCOME_QOQ":8.732498477186,"NET_PROFIT_RATIO":-5.5976449992,"ROE_AVG":-6.425650681864,"GROSS_PROFIT_QOQ":-4.021962167714,"ROA":-3.85937878721,"HOLDER_PROFIT_QOQ":12.432173092102,"ROE_YEARLY":-12.851301363727,"ROIC_YEARLY":-8.214218665156,"TOTAL_ASSETS":3057870000,"TOTAL_LIABILITIES":1333163000,"TAX_EBT":-1.561752851971,"OCF_SALES":-9.202387003257,"TOTAL_PARENT_EQUITY":1780157000,"DEBT_ASSET_RATIO":43.5977657651,"OPERATE_PROFIT":-102850000,"PRETAX_PROFIT":-117112000,"NETCASH_OPERATE":-195536000,"NETCASH_INVEST":43269000,"NETCASH_FINANCE":132863000,"END_CASH":224181000,"DIVI_RATIO":null,"DIVIDEND_RATE":null,"CURRENT_RATIO":1.934867462814,"COMMON_ACS":1000000000,"CURRENTDEBT_DEBT":93.625310633433,"ISSUED_COMMON_SHARES":645718830,"HK_COMMON_SHARES":645718830,"PER_SHARES":100,"TOTAL_MARKET_CAP":1104179199.3,"HKSK_MARKET_CAP":1104179199.3,"PE_TTM":-3.514090369754,"PB_TTM":0.566108647505,"REPORT_DATE_SQ":"2023-06-30 00:00:00","REPORT_TYPE_SQ":"2023年中报","OPERATE_INCOME_SQ":1802564000,"DPS_HKD":null,"OPERATE_INCOME_QOQ_SQ":14.151040007282,"NET_PROFIT_RATIO_SQ":-8.8527231211,"HOLDER_PROFIT_SQ":-156002000,"HOLDER_PROFIT_QOQ_SQ":63.637364804016,"ROE_AVG_SQ":-8.595736404102,"PE_TTM_SQ":-5.418992679897,"PB_TTM_SQ":1.741901903606,"ROA_SQ":-5.533631187855,"START_DATE":"2024-01-01 00:00:00","FISCAL_YEAR":"12-31","CURRENCY":"HKD","IS_CNY_CODE":0,"DPS_HKD_LY":null,"ORG_TYPE":"一般企业","PREMIUM_INCOME":null,"PREMIUM_INCOME_YOY":null,"NET_INTEREST_INCOME":null,"NET_INTEREST_INCOME_YOY":null,"FEE_COMMISSION_INCOME":null,"FEE_COMMISSION_INCOME_YOY":null,"ACCOUNTS_RECE_TDAYS":2.559089305092,"INVENTORY_TDAYS":5.657164020774,"CURRENT_ASSETS_TDAYS":0.900668303816,"TOTAL_ASSETS_TDAYS":0.707933702431,"PREMIUM_EXPENSE":null,"LOAN_DEPOSIT":null,"LOAN_EQUITY":null,"LOAN_ASSETS":null,"DEPOSIT_EQUITY":null,"DEPOSIT_ASSETS":null,"EQUITY_MULTIPLIER":1.772979410417,"EQUITY_RATIO":0.748901922696},{"SECUCODE":"09955.HK","SECURITY_CODE":"09955","SECURITY_NAME_ABBR":"智云健康","ORG_CODE":"10000248940","STD_REPORT_DATE":"2023-12-31 00:00:00","REPORT_DATE":"2023-12-31 00:00:00","DATE_TYPE_CODE":"001","REPORT_TYPE":"2023年年报","PER_NETCASH_OPERATE":-0.23921781488,"PER_OI":6.286704818447,"BPS":2.826818601527,"BASIC_EPS":-0.6,"DILUTED_EPS":-0.6,"OPERATE_INCOME":3690536000,"OPERATE_INCOME_YOY":23.5095995524,"GROSS_PROFIT":909382000,"GROSS_PROFIT_YOY":14.806463830325,"HOLDER_PROFIT":-323065000,"HOLDER_PROFIT_YOY":80.8716962208,"GROSS_PROFIT_RATIO":24.64091936781,"EPS_TTM":-0.550330437685,"OPERATE_INCOME_QOQ":8.198400596676,"NET_PROFIT_RATIO":-8.8698227033,"ROE_AVG":-17.583309340301,"GROSS_PROFIT_QOQ":3.379393057506,"ROA":-11.179700364721,"HOLDER_PROFIT_QOQ":47.395716300139,"ROE_YEARLY":-17.583309340301,"ROIC_YEARLY":-12.285145892881,"TOTAL_ASSETS":2945065000,"TOTAL_LIABILITIES":1179759000,"TAX_EBT":-0.005499104868,"OCF_SALES":-3.80513833221,"TOTAL_PARENT_EQUITY":1825330000,"DEBT_ASSET_RATIO":40.0588442021,"OPERATE_PROFIT":-314242000,"PRETAX_PROFIT":-327326000,"NETCASH_OPERATE":-140430000,"NETCASH_INVEST":-38341000,"NETCASH_FINANCE":171814000,"END_CASH":243375000,"DIVI_RATIO":null,"DIVIDEND_RATE":null,"CURRENT_RATIO":2.091123928361,"COMMON_ACS":1000000000,"CURRENTDEBT_DEBT":93.363729371846,"ISSUED_COMMON_SHARES":645718830,"HK_COMMON_SHARES":645718830,"PER_SHARES":100,"TOTAL_MARKET_CAP":774862596,"HKSK_MARKET_CAP":774862596,"PE_TTM":-2.466028329652,"PB_TTM":0.39726922632,"REPORT_DATE_SQ":"2022-12-31 00:00:00","REPORT_TYPE_SQ":"2022年年报","OPERATE_INCOME_SQ":2988056000,"DPS_HKD":null,"OPERATE_INCOME_QOQ_SQ":22.970985893583,"NET_PROFIT_RATIO_SQ":-56.6328408838,"HOLDER_PROFIT_SQ":-1688937000,"HOLDER_PROFIT_QOQ_SQ":40.622485194619,"ROE_AVG_SQ":63.87080598207,"PE_TTM_SQ":-5.173104704893,"PB_TTM_SQ":1.662862724734,"ROA_SQ":-63.164679716201,"START_DATE":"2023-01-01 00:00:00","FISCAL_YEAR":"12-31","CURRENCY":"HKD","IS_CNY_CODE":0,"DPS_HKD_LY":null,"ORG_TYPE":"一般企业","PREMIUM_INCOME":null,"PREMIUM_INCOME_YOY":null,"NET_INTEREST_INCOME":null,"NET_INTEREST_INCOME_YOY":null,"FEE_COMMISSION_INCOME":null,"FEE_COMMISSION_INCOME_YOY":null,"ACCOUNTS_RECE_TDAYS":4.691506428591,"INVENTORY_TDAYS":10.636547386618,"CURRENT_ASSETS_TDAYS":1.621584237854,"TOTAL_ASSETS_TDAYS":1.277114099801,"PREMIUM_EXPENSE":null,"LOAN_DEPOSIT":null,"LOAN_EQUITY":null,"LOAN_ASSETS":null,"DEPOSIT_EQUITY":null,"DEPOSIT_ASSETS":null,"EQUITY_MULTIPLIER":1.668302832484,"EQUITY_RATIO":0.646326417689},{"SECUCODE":"09955.HK","SECURITY_CODE":"09955","SECURITY_NAME_ABBR":"智云健康","ORG_CODE":"10000248940","STD_REPORT_DATE":"2023-06-30 00:00:00","REPORT_DATE":"2023-06-30 00:00:00","DATE_TYPE_CODE":"002","REPORT_TYPE":"2023年中报","PER_NETCASH_OPERATE":-0.092581706337,"PER_OI":3.070607571464,"BPS":2.757244976114,"BASIC_EPS":-0.29,"DILUTED_EPS":-0.29,"OPERATE_INCOME":1802564000,"OPERATE_INCOME_YOY":30.6468037425,"GROSS_PROFIT":473569000,"GROSS_PROFIT_YOY":22.681819830369,"HOLDER_PROFIT":-156002000,"HOLDER_PROFIT_YOY":87.3251234769,"GROSS_PROFIT_RATIO":26.271965932971,"EPS_TTM":-1.046170385714,"OPERATE_INCOME_QOQ":14.151040007282,"NET_PROFIT_RATIO":-8.8527231211,"ROE_AVG":-8.595736404102,"GROSS_PROFIT_QOQ":11.053528594874,"ROA":-5.533631187855,"HOLDER_PROFIT_QOQ":63.637364804016,"ROE_YEARLY":-17.191472808205,"ROIC_YEARLY":-12.386163879551,"TOTAL_ASSETS":2803895000,"TOTAL_LIABILITIES":999218000,"TAX_EBT":0.73032659409,"OCF_SALES":-3.015094054913,"TOTAL_PARENT_EQUITY":1780405000,"DEBT_ASSET_RATIO":35.6367838311,"OPERATE_PROFIT":-154309000,"PRETAX_PROFIT":-160750000,"NETCASH_OPERATE":-54349000,"NETCASH_INVEST":-48811000,"NETCASH_FINANCE":46412000,"END_CASH":194406000,"DIVI_RATIO":null,"DIVIDEND_RATE":null,"CURRENT_RATIO":2.385702133915,"COMMON_ACS":1000000000,"CURRENTDEBT_DEBT":92.592507340741,"ISSUED_COMMON_SHARES":645718830,"HK_COMMON_SHARES":645718830,"PER_SHARES":100,"TOTAL_MARKET_CAP":774862596,"HKSK_MARKET_CAP":774862596,"PE_TTM":-2.466028329652,"PB_TTM":0.39726922632,"REPORT_DATE_SQ":"2022-06-30 00:00:00","REPORT_TYPE_SQ":"2022年中报","OPERATE_INCOME_SQ":1379723000,"DPS_HKD":null,"OPERATE_INCOME_QOQ_SQ":38.318672579923,"NET_PROFIT_RATIO_SQ":-89.4874550906,"HOLDER_PROFIT_SQ":-1230797000,"HOLDER_PROFIT_QOQ_SQ":31.276521154226,"ROE_AVG_SQ":15.468946309944,"PE_TTM_SQ":-5.173104704893,"PB_TTM_SQ":1.662862724734,"ROA_SQ":-50.298427986395,"START_DATE":"2023-01-01 00:00:00","FISCAL_YEAR":"12-31","CURRENCY":"HKD","IS_CNY_CODE":0,"DPS_HKD_LY":null,"ORG_TYPE":"一般企业","PREMIUM_INCOME":null,"PREMIUM_INCOME_YOY":null,"NET_INTEREST_INCOME":null,"NET_INTEREST_INCOME_YOY":null,"FEE_COMMISSION_INCOME":null,"FEE_COMMISSION_INCOME_YOY":null,"ACCOUNTS_RECE_TDAYS":2.328209731636,"INVENTORY_TDAYS":6.032057624749,"CURRENT_ASSETS_TDAYS":0.809101836832,"TOTAL_ASSETS_TDAYS":0.639397210837,"PREMIUM_EXPENSE":null,"LOAN_DEPOSIT":null,"LOAN_EQUITY":null,"LOAN_ASSETS":null,"DEPOSIT_EQUITY":null,"DEPOSIT_ASSETS":null,"EQUITY_MULTIPLIER":1.553682459521,"EQUITY_RATIO":0.56123073121},{"SECUCODE":"09955.HK","SECURITY_CODE":"09955","SECURITY_NAME_ABBR":"智云健康","ORG_CODE":"10000248940","STD_REPORT_DATE":"2022-12-31 00:00:00","REPORT_DATE":"2022-12-31 00:00:00","DATE_TYPE_CODE":"001","REPORT_TYPE":"2022年年报","PER_NETCASH_OPERATE":-1.09470044573,"PER_OI":5.090053600071,"BPS":2.864014357456,"BASIC_EPS":-5.62,"DILUTED_EPS":-5.62,"OPERATE_INCOME":2988056000,"OPERATE_INCOME_YOY":70.0918353464,"GROSS_PROFIT":792100000,"GROSS_PROFIT_YOY":38.959061372855,"HOLDER_PROFIT":-1688937000,"HOLDER_PROFIT_YOY":59.1937061736,"GROSS_PROFIT_RATIO":26.508873997007,"EPS_TTM":-2.87704777191,"OPERATE_INCOME_QOQ":22.970985893583,"NET_PROFIT_RATIO":-56.6328408838,"ROE_AVG":63.87080598207,"GROSS_PROFIT_QOQ":13.148575893539,"ROA":-63.164679716201,"HOLDER_PROFIT_QOQ":40.622485194619,"ROE_YEARLY":63.87080598207,"ROIC_YEARLY":-85.675674784516,"TOTAL_ASSETS":2834428000,"TOTAL_LIABILITIES":953053000,"TAX_EBT":0.083961023663,"OCF_SALES":-21.506658509747,"TOTAL_PARENT_EQUITY":1849348000,"DEBT_ASSET_RATIO":33.6241739074,"OPERATE_PROFIT":-591563000,"PRETAX_PROFIT":-1693643000,"NETCASH_OPERATE":-642631000,"NETCASH_INVEST":-744941000,"NETCASH_FINANCE":503548000,"END_CASH":249674000,"DIVI_RATIO":null,"DIVIDEND_RATE":null,"CURRENT_RATIO":2.543460137079,"COMMON_ACS":1000000000,"CURRENTDEBT_DEBT":92.756331494681,"ISSUED_COMMON_SHARES":645718830,"HK_COMMON_SHARES":645718830,"PER_SHARES":100,"TOTAL_MARKET_CAP":774862596,"HKSK_MARKET_CAP":774862596,"PE_TTM":-2.466028329652,"PB_TTM":0.39726922632,"REPORT_DATE_SQ":"2021-12-31 00:00:00","REPORT_TYPE_SQ":"2021年年报","OPERATE_INCOME_SQ":1756731000,"DPS_HKD":null,"OPERATE_INCOME_QOQ_SQ":16.110809278126,"NET_PROFIT_RATIO_SQ":-236.4159908375,"HOLDER_PROFIT_SQ":-4138913000,"HOLDER_PROFIT_QOQ_SQ":11.949655162584,"ROE_AVG_SQ":78.876041380015,"PE_TTM_SQ":-5.173104704893,"PB_TTM_SQ":1.662862724734,"ROA_SQ":-197.061066885046,"START_DATE":"2022-01-01 00:00:00","FISCAL_YEAR":"12-31","CURRENCY":"HKD","IS_CNY_CODE":0,"DPS_HKD_LY":null,"ORG_TYPE":"一般企业","PREMIUM_INCOME":null,"PREMIUM_INCOME_YOY":null,"NET_INTEREST_INCOME":null,"NET_INTEREST_INCOME_YOY":null,"FEE_COMMISSION_INCOME":null,"FEE_COMMISSION_INCOME_YOY":null,"ACCOUNTS_RECE_TDAYS":4.758812516971,"INVENTORY_TDAYS":13.08156183634,"CURRENT_ASSETS_TDAYS":1.317677024805,"TOTAL_ASSETS_TDAYS":1.117505272334,"PREMIUM_EXPENSE":null,"LOAN_DEPOSIT":null,"LOAN_EQUITY":null,"LOAN_ASSETS":null,"DEPOSIT_EQUITY":null,"DEPOSIT_ASSETS":null,"EQUITY_MULTIPLIER":1.506572586539,"EQUITY_RATIO":0.51534540822},{"SECUCODE":"09955.HK","SECURITY_CODE":"09955","SECURITY_NAME_ABBR":"智云健康","ORG_CODE":"10000248940","STD_REPORT_DATE":"2022-06-30 00:00:00","REPORT_DATE":"2022-06-30 00:00:00","DATE_TYPE_CODE":"002","REPORT_TYPE":"2022年中报","PER_NETCASH_OPERATE":-2.56384928298,"PER_OI":8.111930140895,"BPS":-13.589786440021,"BASIC_EPS":-11.94,"DILUTED_EPS":-11.94,"OPERATE_INCOME":1379723000,"OPERATE_INCOME_YOY":95.2713613854,"GROSS_PROFIT":386014000,"GROSS_PROFIT_YOY":50.795554427017,"HOLDER_PROFIT":-1230797000,"HOLDER_PROFIT_YOY":51.261451587,"GROSS_PROFIT_RATIO":27.977644788121,"EPS_TTM":-16.723367409555,"OPERATE_INCOME_QOQ":38.318672579923,"NET_PROFIT_RATIO":-89.4874550906,"ROE_AVG":15.468946309944,"GROSS_PROFIT_QOQ":22.811144793903,"ROA":-50.298427986395,"HOLDER_PROFIT_QOQ":31.276521154226,"ROE_YEARLY":30.937892619888,"ROIC_YEARLY":-148.940724883738,"TOTAL_ASSETS":2380680000,"TOTAL_LIABILITIES":11163084000,"TAX_EBT":0.053507536387,"OCF_SALES":-31.605909302085,"TOTAL_PARENT_EQUITY":-8775181000,"DEBT_ASSET_RATIO":468.9031705227,"OPERATE_PROFIT":-263941000,"PRETAX_PROFIT":-1235340000,"NETCASH_OPERATE":-436074000,"NETCASH_INVEST":-97723000,"NETCASH_FINANCE":-67280000,"END_CASH":522337000,"DIVI_RATIO":null,"DIVIDEND_RATE":null,"CURRENT_RATIO":0.187912718521,"COMMON_ACS":1000000000,"CURRENTDEBT_DEBT":99.703746742388,"ISSUED_COMMON_SHARES":645718830,"HK_COMMON_SHARES":645718830,"PER_SHARES":100,"TOTAL_MARKET_CAP":774862596,"HKSK_MARKET_CAP":774862596,"PE_TTM":-2.466028329652,"PB_TTM":0.39726922632,"REPORT_DATE_SQ":"2021-06-30 00:00:00","REPORT_TYPE_SQ":"2021年中报","OPERATE_INCOME_SQ":706567000,"DPS_HKD":null,"OPERATE_INCOME_QOQ_SQ":0,"NET_PROFIT_RATIO_SQ":-359.4543758766,"HOLDER_PROFIT_SQ":-2525305000,"HOLDER_PROFIT_QOQ_SQ":0,"ROE_AVG_SQ":null,"PE_TTM_SQ":-5.173104704893,"PB_TTM_SQ":1.662862724734,"ROA_SQ":null,"START_DATE":"2022-01-01 00:00:00","FISCAL_YEAR":"12-31","CURRENCY":"HKD","IS_CNY_CODE":0,"DPS_HKD_LY":null,"ORG_TYPE":"一般企业","PREMIUM_INCOME":null,"PREMIUM_INCOME_YOY":null,"NET_INTEREST_INCOME":null,"NET_INTEREST_INCOME_YOY":null,"FEE_COMMISSION_INCOME":null,"FEE_COMMISSION_INCOME_YOY":null,"ACCOUNTS_RECE_TDAYS":2.076351328981,"INVENTORY_TDAYS":8.174570791619,"CURRENT_ASSETS_TDAYS":0.630248212339,"TOTAL_ASSETS_TDAYS":0.563845199141,"PREMIUM_EXPENSE":null,"LOAN_DEPOSIT":null,"LOAN_EQUITY":null,"LOAN_ASSETS":null,"DEPOSIT_EQUITY":null,"DEPOSIT_ASSETS":null,"EQUITY_MULTIPLIER":-0.271073842652,"EQUITY_RATIO":-1.272120085044},{"SECUCODE":"09955.HK","SECURITY_CODE":"09955","SECURITY_NAME_ABBR":"智云健康","ORG_CODE":"10000248940","STD_REPORT_DATE":"2021-12-31 00:00:00","REPORT_DATE":"2021-12-31 00:00:00","DATE_TYPE_CODE":"001","REPORT_TYPE":"2021年年报","PER_NETCASH_OPERATE":-3.862126643727,"PER_OI":10.182172578818,"BPS":-11.046304782532,"BASIC_EPS":-42.88,"DILUTED_EPS":-42.88,"OPERATE_INCOME":1756731000,"OPERATE_INCOME_YOY":109.3532175855,"GROSS_PROFIT":570024000,"GROSS_PROFIT_YOY":144.901957414632,"HOLDER_PROFIT":-4138913000,"HOLDER_PROFIT_YOY":-44.3651583987,"GROSS_PROFIT_RATIO":32.447995737538,"EPS_TTM":-23.989516012818,"OPERATE_INCOME_QOQ":16.110809278126,"NET_PROFIT_RATIO":-236.4159908375,"ROE_AVG":78.876041380015,"GROSS_PROFIT_QOQ":18.107133163294,"ROA":-197.061066885046,"HOLDER_PROFIT_QOQ":11.949655162584,"ROE_YEARLY":78.876041380015,"ROIC_YEARLY":-368.835301639921,"TOTAL_ASSETS":2508153000,"TOTAL_LIABILITIES":9663284000,"TAX_EBT":0.055685142631,"OCF_SALES":-37.930280731654,"TOTAL_PARENT_EQUITY":-7137952000,"DEBT_ASSET_RATIO":384.4862009996,"OPERATE_PROFIT":-695911000,"PRETAX_PROFIT":-4155507000,"NETCASH_OPERATE":-666333000,"NETCASH_INVEST":-155497000,"NETCASH_FINANCE":1015371000,"END_CASH":1090575000,"DIVI_RATIO":null,"DIVIDEND_RATE":null,"CURRENT_RATIO":0.23712643708,"COMMON_ACS":1000000000,"CURRENTDEBT_DEBT":99.801734068874,"ISSUED_COMMON_SHARES":645718830,"HK_COMMON_SHARES":645718830,"PER_SHARES":100,"TOTAL_MARKET_CAP":774862596,"HKSK_MARKET_CAP":774862596,"PE_TTM":-2.466028329652,"PB_TTM":0.39726922632,"REPORT_DATE_SQ":"2020-12-31 00:00:00","REPORT_TYPE_SQ":"2020年年报","OPERATE_INCOME_SQ":839123000,"DPS_HKD":null,"OPERATE_INCOME_QOQ_SQ":60.004233102864,"NET_PROFIT_RATIO_SQ":-345.228172747,"HOLDER_PROFIT_SQ":-2866975000,"HOLDER_PROFIT_QOQ_SQ":-414.350633390564,"ROE_AVG_SQ":135.9871211911,"PE_TTM_SQ":-5.173104704893,"PB_TTM_SQ":1.662862724734,"ROA_SQ":-201.230485666677,"START_DATE":"2021-01-01 00:00:00","FISCAL_YEAR":"12-31","CURRENCY":"HKD","IS_CNY_CODE":0,"DPS_HKD_LY":null,"ORG_TYPE":"一般企业","PREMIUM_INCOME":null,"PREMIUM_INCOME_YOY":null,"NET_INTEREST_INCOME":null,"NET_INTEREST_INCOME_YOY":null,"FEE_COMMISSION_INCOME":null,"FEE_COMMISSION_INCOME_YOY":null,"ACCOUNTS_RECE_TDAYS":4.414945257103,"INVENTORY_TDAYS":13.934291870439,"CURRENT_ASSETS_TDAYS":0.919893156664,"TOTAL_ASSETS_TDAYS":0.836411118306,"PREMIUM_EXPENSE":null,"LOAN_DEPOSIT":null,"LOAN_EQUITY":null,"LOAN_ASSETS":null,"DEPOSIT_EQUITY":null,"DEPOSIT_ASSETS":null,"EQUITY_MULTIPLIER":-0.351510898063,"EQUITY_RATIO":-1.35378943428},{"SECUCODE":"09955.HK","SECURITY_CODE":"09955","SECURITY_NAME_ABBR":"智云健康","ORG_CODE":"10000248940","STD_REPORT_DATE":"2021-09-30 00:00:00","REPORT_DATE":"2021-09-30 00:00:00","DATE_TYPE_CODE":"004","REPORT_TYPE":"2021年三季报","PER_NETCASH_OPERATE":-2.780509125273,"PER_OI":7.091183526545,"BPS":-10.628715907201,"BASIC_EPS":-39.33,"DILUTED_EPS":-39.33,"OPERATE_INCOME":1202748000,"OPERATE_INCOME_YOY":127.4085684628,"GROSS_PROFIT":398128000,"GROSS_PROFIT_YOY":168.549959190832,"HOLDER_PROFIT":-3711434000,"HOLDER_PROFIT_YOY":-97.6492554005,"GROSS_PROFIT_RATIO":33.101530827738,"EPS_TTM":-27.714006757637,"OPERATE_INCOME_QOQ":50.452856756456,"NET_PROFIT_RATIO":-310.0420038113,"ROE_AVG":72.594696786324,"GROSS_PROFIT_QOQ":52.473818061194,"ROA":-171.384452200712,"HOLDER_PROFIT_QOQ":-48.330757873193,"ROE_YEARLY":96.792929048433,"ROIC_YEARLY":-360.120123033931,"TOTAL_ASSETS":2643779000,"TOTAL_LIABILITIES":9534053000,"TAX_EBT":0.046558865604,"OCF_SALES":-39.210790622807,"TOTAL_PARENT_EQUITY":-6863162000,"DEBT_ASSET_RATIO":360.6221624425,"OPERATE_PROFIT":null,"PRETAX_PROFIT":-3730761000,"NETCASH_OPERATE":-471607000,"NETCASH_INVEST":-104504000,"NETCASH_FINANCE":1084001000,"END_CASH":1414084000,"DIVI_RATIO":null,"DIVIDEND_RATE":null,"CURRENT_RATIO":0.25239394663,"COMMON_ACS":1000000000,"CURRENTDEBT_DEBT":99.798396337843,"ISSUED_COMMON_SHARES":645718830,"HK_COMMON_SHARES":645718830,"PER_SHARES":100,"TOTAL_MARKET_CAP":774862596,"HKSK_MARKET_CAP":774862596,"PE_TTM":-2.466028329652,"PB_TTM":0.39726922632,"REPORT_DATE_SQ":"2020-09-30 00:00:00","REPORT_TYPE_SQ":"2020年三季报","OPERATE_INCOME_SQ":528893000,"DPS_HKD":null,"OPERATE_INCOME_QOQ_SQ":0,"NET_PROFIT_RATIO_SQ":-358.477612674,"HOLDER_PROFIT_SQ":-1877788000,"HOLDER_PROFIT_QOQ_SQ":0,"ROE_AVG_SQ":null,"PE_TTM_SQ":-5.173104704893,"PB_TTM_SQ":1.662862724734,"ROA_SQ":null,"START_DATE":"2021-01-01 00:00:00","FISCAL_YEAR":"12-31","CURRENCY":"HKD","IS_CNY_CODE":0,"DPS_HKD_LY":null,"ORG_TYPE":"一般企业","PREMIUM_INCOME":null,"PREMIUM_INCOME_YOY":null,"NET_INTEREST_INCOME":null,"NET_INTEREST_INCOME_YOY":null,"FEE_COMMISSION_INCOME":null,"FEE_COMMISSION_INCOME_YOY":null,"ACCOUNTS_RECE_TDAYS":3.265448631713,"INVENTORY_TDAYS":10.041871291021,"CURRENT_ASSETS_TDAYS":0.611458012681,"TOTAL_ASSETS_TDAYS":0.555398013586,"PREMIUM_EXPENSE":null,"LOAN_DEPOSIT":null,"LOAN_EQUITY":null,"LOAN_ASSETS":null,"DEPOSIT_EQUITY":null,"DEPOSIT_ASSETS":null,"EQUITY_MULTIPLIER":-0.383697223071,"EQUITY_RATIO":-1.389163333169},{"SECUCODE":"09955.HK","SECURITY_CODE":"09955","SECURITY_NAME_ABBR":"智云健康","ORG_CODE":"10000248940","STD_REPORT_DATE":"2021-06-30 00:00:00","REPORT_DATE":"2021-06-30 00:00:00","DATE_TYPE_CODE":"002","REPORT_TYPE":"2021年中报","PER_NETCASH_OPERATE":null,"PER_OI":null,"BPS":null,"BASIC_EPS":-27.39,"DILUTED_EPS":-27.39,"OPERATE_INCOME":706567000,"OPERATE_INCOME_YOY":null,"GROSS_PROFIT":255985000,"GROSS_PROFIT_YOY":null,"HOLDER_PROFIT":-2525305000,"HOLDER_PROFIT_YOY":null,"GROSS_PROFIT_RATIO":36.229402165683,"EPS_TTM":-37.186669869464,"OPERATE_INCOME_QOQ":0,"NET_PROFIT_RATIO":-359.4543758766,"ROE_AVG":null,"GROSS_PROFIT_QOQ":0,"ROA":null,"HOLDER_PROFIT_QOQ":0,"ROE_YEARLY":null,"ROIC_YEARLY":null,"TOTAL_ASSETS":null,"TOTAL_LIABILITIES":null,"TAX_EBT":0.060637611767,"OCF_SALES":-41.573835177697,"TOTAL_PARENT_EQUITY":null,"DEBT_ASSET_RATIO":null,"OPERATE_PROFIT":-304964000,"PRETAX_PROFIT":-2541327000,"NETCASH_OPERATE":-293747000,"NETCASH_INVEST":-110218000,"NETCASH_FINANCE":578008000,"END_CASH":1079902000,"DIVI_RATIO":null,"DIVIDEND_RATE":null,"CURRENT_RATIO":null,"COMMON_ACS":1000000000,"CURRENTDEBT_DEBT":null,"ISSUED_COMMON_SHARES":645718830,"HK_COMMON_SHARES":645718830,"PER_SHARES":100,"TOTAL_MARKET_CAP":774862596,"HKSK_MARKET_CAP":774862596,"PE_TTM":-2.466028329652,"PB_TTM":0.39726922632,"REPORT_DATE_SQ":"2020-06-30 00:00:00","REPORT_TYPE_SQ":"2020年中报","OPERATE_INCOME_SQ":null,"DPS_HKD":null,"OPERATE_INCOME_QOQ_SQ":0,"NET_PROFIT_RATIO_SQ":null,"HOLDER_PROFIT_SQ":null,"HOLDER_PROFIT_QOQ_SQ":0,"ROE_AVG_SQ":null,"PE_TTM_SQ":-5.173104704893,"PB_TTM_SQ":1.662862724734,"ROA_SQ":null,"START_DATE":"2021-01-01 00:00:00","FISCAL_YEAR":"12-31","CURRENCY":"HKD","IS_CNY_CODE":0,"DPS_HKD_LY":null,"ORG_TYPE":"一般企业","PREMIUM_INCOME":null,"PREMIUM_INCOME_YOY":null,"NET_INTEREST_INCOME":null,"NET_INTEREST_INCOME_YOY":null,"FEE_COMMISSION_INCOME":null,"FEE_COMMISSION_INCOME_YOY":null,"ACCOUNTS_RECE_TDAYS":null,"INVENTORY_TDAYS":null,"CURRENT_ASSETS_TDAYS":0.922081998138,"TOTAL_ASSETS_TDAYS":0.837491154727,"PREMIUM_EXPENSE":null,"LOAN_DEPOSIT":null,"LOAN_EQUITY":null,"LOAN_ASSETS":null,"DEPOSIT_EQUITY":null,"DEPOSIT_ASSETS":null,"EQUITY_MULTIPLIER":null,"EQUITY_RATIO":null},{"SECUCODE":"09955.HK","SECURITY_CODE":"09955","SECURITY_NAME_ABBR":"智云健康","ORG_CODE":"10000248940","STD_REPORT_DATE":"2021-03-31 00:00:00","REPORT_DATE":"2021-03-31 00:00:00","DATE_TYPE_CODE":"003","REPORT_TYPE":"2021年一季报","PER_NETCASH_OPERATE":-1.679413059643,"PER_OI":3.637754335357,"BPS":-6.550645270791,"BASIC_EPS":-7.59,"DILUTED_EPS":-7.59,"OPERATE_INCOME":310006000,"OPERATE_INCOME_YOY":116.0124866737,"GROSS_PROFIT":130267000,"GROSS_PROFIT_YOY":180.216399931165,"HOLDER_PROFIT":-888338000,"HOLDER_PROFIT_YOY":-51.5159474672,"GROSS_PROFIT_RATIO":42.020799597427,"EPS_TTM":-37.186669869464,"OPERATE_INCOME_QOQ":19.841310511093,"NET_PROFIT_RATIO":-289.084404818,"ROE_AVG":23.402578256845,"GROSS_PROFIT_QOQ":35.994346010414,"ROA":-54.200033068965,"HOLDER_PROFIT_QOQ":-10.535076169133,"ROE_YEARLY":93.610313027379,"ROIC_YEARLY":-410.56763180365,"TOTAL_ASSETS":1590656000,"TOTAL_LIABILITIES":5859669000,"TAX_EBT":0.099657441479,"OCF_SALES":-46.166203234776,"TOTAL_PARENT_EQUITY":-4229875000,"DEBT_ASSET_RATIO":368.3806555283,"OPERATE_PROFIT":null,"PRETAX_PROFIT":-897073000,"NETCASH_OPERATE":-143118000,"NETCASH_INVEST":-37977000,"NETCASH_FINANCE":-31919000,"END_CASH":703261000,"DIVI_RATIO":null,"DIVIDEND_RATE":null,"CURRENT_RATIO":0.242618189678,"COMMON_ACS":1000000000,"CURRENTDEBT_DEBT":99.798947688001,"ISSUED_COMMON_SHARES":645718830,"HK_COMMON_SHARES":645718830,"PER_SHARES":100,"TOTAL_MARKET_CAP":774862596,"HKSK_MARKET_CAP":774862596,"PE_TTM":-2.466028329652,"PB_TTM":0.39726922632,"REPORT_DATE_SQ":"2020-03-31 00:00:00","REPORT_TYPE_SQ":"2020年一季报","OPERATE_INCOME_SQ":143513000,"DPS_HKD":null,"OPERATE_INCOME_QOQ_SQ":0,"NET_PROFIT_RATIO_SQ":-411.4616794297,"HOLDER_PROFIT_SQ":-586300000,"HOLDER_PROFIT_QOQ_SQ":0,"ROE_AVG_SQ":null,"PE_TTM_SQ":-5.173104704893,"PB_TTM_SQ":1.662862724734,"ROA_SQ":null,"START_DATE":"2021-01-01 00:00:00","FISCAL_YEAR":"12-31","CURRENCY":"HKD","IS_CNY_CODE":0,"DPS_HKD_LY":null,"ORG_TYPE":"一般企业","PREMIUM_INCOME":null,"PREMIUM_INCOME_YOY":null,"NET_INTEREST_INCOME":null,"NET_INTEREST_INCOME_YOY":null,"FEE_COMMISSION_INCOME":null,"FEE_COMMISSION_INCOME_YOY":null,"ACCOUNTS_RECE_TDAYS":0.883962241286,"INVENTORY_TDAYS":3.510973072753,"CURRENT_ASSETS_TDAYS":0.210077351017,"TOTAL_ASSETS_TDAYS":0.189143495512,"PREMIUM_EXPENSE":null,"LOAN_DEPOSIT":null,"LOAN_EQUITY":null,"LOAN_ASSETS":null,"DEPOSIT_EQUITY":null,"DEPOSIT_ASSETS":null,"EQUITY_MULTIPLIER":-0.372605096307,"EQUITY_RATIO":-1.38530547593}],"count":14},"success":true,"message":"ok","code":0}