{"version":"ad5fcd4e54b94767d79f62ca772ee992","result":{"pages":2,"data":[{"SECUCODE":"09958.HK","SECURITY_CODE":"09958","SECURITY_NAME_ABBR":"力天影业","ORG_CODE":"10000060627","STD_REPORT_DATE":"2024-06-30 00:00:00","REPORT_DATE":"2024-06-30 00:00:00","DATE_TYPE_CODE":"002","REPORT_TYPE":"2024年中报","PER_NETCASH_OPERATE":0.00246,"PER_OI":0.033526666667,"BPS":0.074546666667,"BASIC_EPS":-0.03,"DILUTED_EPS":-0.03,"OPERATE_INCOME":10058000,"OPERATE_INCOME_YOY":-86.9485103291,"GROSS_PROFIT":3705000,"GROSS_PROFIT_YOY":-62.232415902141,"HOLDER_PROFIT":-10499000,"HOLDER_PROFIT_YOY":-53.2924514528,"GROSS_PROFIT_RATIO":36.836349174786,"EPS_TTM":-0.53036,"OPERATE_INCOME_QOQ":-59.064745030632,"NET_PROFIT_RATIO":-104.3845694969,"ROE_AVG":-38.012309920348,"GROSS_PROFIT_QOQ":-9.020923222413,"ROA":-1.468919597674,"HOLDER_PROFIT_QOQ":-2.347901040796,"ROE_YEARLY":-76.024619840695,"ROIC_YEARLY":-2.952167519128,"TOTAL_ASSETS":708077000,"TOTAL_LIABILITIES":685713000,"TAX_EBT":-0.114427386288,"OCF_SALES":7.337442831577,"TOTAL_PARENT_EQUITY":22364000,"DEBT_ASSET_RATIO":96.8415864376,"OPERATE_PROFIT":-4995000,"PRETAX_PROFIT":-10487000,"NETCASH_OPERATE":738000,"NETCASH_INVEST":2000,"NETCASH_FINANCE":-4052000,"END_CASH":989000,"DIVI_RATIO":null,"DIVIDEND_RATE":null,"CURRENT_RATIO":1.022638320519,"COMMON_ACS":500000000,"CURRENTDEBT_DEBT":99.746249524218,"ISSUED_COMMON_SHARES":300000000,"HK_COMMON_SHARES":300000000,"PER_SHARES":1000,"TOTAL_MARKET_CAP":32700000,"HKSK_MARKET_CAP":32700000,"PE_TTM":-0.186196997431,"PB_TTM":1.334494544804,"REPORT_DATE_SQ":"2023-06-30 00:00:00","REPORT_TYPE_SQ":"2023年中报","OPERATE_INCOME_SQ":77064000,"DPS_HKD":null,"OPERATE_INCOME_QOQ_SQ":259.582198001817,"NET_PROFIT_RATIO_SQ":-8.8874182498,"HOLDER_PROFIT_SQ":-6849000,"HOLDER_PROFIT_QOQ_SQ":2.165339683012,"ROE_AVG_SQ":-3.715145088105,"PE_TTM_SQ":-1.904510103366,"PB_TTM_SQ":3.118446105364,"ROA_SQ":-0.789502350697,"START_DATE":"2024-01-01 00:00:00","FISCAL_YEAR":"12-31","CURRENCY":"HKD","IS_CNY_CODE":0,"DPS_HKD_LY":null,"ORG_TYPE":"一般企业","PREMIUM_INCOME":null,"PREMIUM_INCOME_YOY":null,"NET_INTEREST_INCOME":null,"NET_INTEREST_INCOME_YOY":null,"FEE_COMMISSION_INCOME":null,"FEE_COMMISSION_INCOME_YOY":null,"ACCOUNTS_RECE_TDAYS":0.086886662059,"INVENTORY_TDAYS":null,"CURRENT_ASSETS_TDAYS":0.014263136288,"TOTAL_ASSETS_TDAYS":0.014072190983,"PREMIUM_EXPENSE":null,"LOAN_DEPOSIT":null,"LOAN_EQUITY":null,"LOAN_ASSETS":null,"DEPOSIT_EQUITY":null,"DEPOSIT_ASSETS":null,"EQUITY_MULTIPLIER":31.661464853897,"EQUITY_RATIO":30.66146485423},{"SECUCODE":"09958.HK","SECURITY_CODE":"09958","SECURITY_NAME_ABBR":"力天影业","ORG_CODE":"10000060627","STD_REPORT_DATE":"2023-12-31 00:00:00","REPORT_DATE":"2023-12-31 00:00:00","DATE_TYPE_CODE":"001","REPORT_TYPE":"2023年年报","PER_NETCASH_OPERATE":0.21354,"PER_OI":0.37815,"BPS":0.109586666667,"BASIC_EPS":-0.52,"DILUTED_EPS":-0.52,"OPERATE_INCOME":113445000,"OPERATE_INCOME_YOY":390.6578435189,"GROSS_PROFIT":-67676000,"GROSS_PROFIT_YOY":64.234791753645,"HOLDER_PROFIT":-155458000,"HOLDER_PROFIT_YOY":47.4196537892,"GROSS_PROFIT_RATIO":-59.655339591873,"EPS_TTM":-0.518193333333,"OPERATE_INCOME_QOQ":36.452206545664,"NET_PROFIT_RATIO":-137.0338049275,"ROE_AVG":-141.482371357324,"GROSS_PROFIT_QOQ":64.114936555827,"ROA":-20.161961802538,"HOLDER_PROFIT_QOQ":46.255911718339,"ROE_YEARLY":-141.482371357324,"ROIC_YEARLY":-20.353407039992,"TOTAL_ASSETS":721409000,"TOTAL_LIABILITIES":688533000,"TAX_EBT":-8.318004459309,"OCF_SALES":56.46965489885,"TOTAL_PARENT_EQUITY":32876000,"DEBT_ASSET_RATIO":95.4428070623,"OPERATE_PROFIT":-124837000,"PRETAX_PROFIT":-143520000,"NETCASH_OPERATE":64062000,"NETCASH_INVEST":-180000,"NETCASH_FINANCE":-71024000,"END_CASH":4314000,"DIVI_RATIO":null,"DIVIDEND_RATE":null,"CURRENT_RATIO":1.036949301375,"COMMON_ACS":500000000,"CURRENTDEBT_DEBT":99.568357653155,"ISSUED_COMMON_SHARES":300000000,"HK_COMMON_SHARES":300000000,"PER_SHARES":1000,"TOTAL_MARKET_CAP":39000000,"HKSK_MARKET_CAP":39000000,"PE_TTM":-0.22206981345,"PB_TTM":1.59159899839,"REPORT_DATE_SQ":"2022-12-31 00:00:00","REPORT_TYPE_SQ":"2022年年报","OPERATE_INCOME_SQ":23121000,"DPS_HKD":null,"OPERATE_INCOME_QOQ_SQ":-86.134000215897,"NET_PROFIT_RATIO_SQ":-1278.742268933,"HOLDER_PROFIT_SQ":-295658000,"HOLDER_PROFIT_QOQ_SQ":-193.073095299459,"ROE_AVG_SQ":-88.969067046226,"PE_TTM_SQ":-1.049803130148,"PB_TTM_SQ":1.718948341005,"ROA_SQ":-32.216229174158,"START_DATE":"2023-01-01 00:00:00","FISCAL_YEAR":"12-31","CURRENCY":"HKD","IS_CNY_CODE":0,"DPS_HKD_LY":null,"ORG_TYPE":"一般企业","PREMIUM_INCOME":null,"PREMIUM_INCOME_YOY":null,"NET_INTEREST_INCOME":null,"NET_INTEREST_INCOME_YOY":null,"FEE_COMMISSION_INCOME":null,"FEE_COMMISSION_INCOME_YOY":null,"ACCOUNTS_RECE_TDAYS":0.804041291768,"INVENTORY_TDAYS":null,"CURRENT_ASSETS_TDAYS":0.150820809802,"TOTAL_ASSETS_TDAYS":0.147131299559,"PREMIUM_EXPENSE":null,"LOAN_DEPOSIT":null,"LOAN_EQUITY":null,"LOAN_ASSETS":null,"DEPOSIT_EQUITY":null,"DEPOSIT_ASSETS":null,"EQUITY_MULTIPLIER":21.94333252225,"EQUITY_RATIO":20.943332522205},{"SECUCODE":"09958.HK","SECURITY_CODE":"09958","SECURITY_NAME_ABBR":"力天影业","ORG_CODE":"10000060627","STD_REPORT_DATE":"2023-06-30 00:00:00","REPORT_DATE":"2023-06-30 00:00:00","DATE_TYPE_CODE":"002","REPORT_TYPE":"2023年中报","PER_NETCASH_OPERATE":0.034553333333,"PER_OI":0.25688,"BPS":0.60609,"BASIC_EPS":-0.02,"DILUTED_EPS":-0.02,"OPERATE_INCOME":77064000,"OPERATE_INCOME_YOY":352.0943329813,"GROSS_PROFIT":9810000,"GROSS_PROFIT_YOY":6.88603181521,"HOLDER_PROFIT":-6849000,"HOLDER_PROFIT_YOY":48.3133348427,"GROSS_PROFIT_RATIO":12.729679227655,"EPS_TTM":-0.964186666667,"OPERATE_INCOME_QOQ":259.582198001817,"NET_PROFIT_RATIO":-8.8874182498,"ROE_AVG":-3.715145088105,"GROSS_PROFIT_QOQ":0.333997452741,"ROA":-0.789502350697,"HOLDER_PROFIT_QOQ":2.165339683012,"ROE_YEARLY":-7.43029017621,"ROIC_YEARLY":-1.591102463955,"TOTAL_ASSETS":914334000,"TOTAL_LIABILITIES":732507000,"TAX_EBT":null,"OCF_SALES":13.451157479498,"TOTAL_PARENT_EQUITY":181827000,"DEBT_ASSET_RATIO":80.1137221191,"OPERATE_PROFIT":-4000,"PRETAX_PROFIT":-6849000,"NETCASH_OPERATE":10366000,"NETCASH_INVEST":-53000,"NETCASH_FINANCE":-18921000,"END_CASH":3190000,"DIVI_RATIO":null,"DIVIDEND_RATE":null,"CURRENT_RATIO":1.216153809325,"COMMON_ACS":500000000,"CURRENTDEBT_DEBT":99.799046288978,"ISSUED_COMMON_SHARES":300000000,"HK_COMMON_SHARES":300000000,"PER_SHARES":1000,"TOTAL_MARKET_CAP":39000000,"HKSK_MARKET_CAP":39000000,"PE_TTM":-0.22206981345,"PB_TTM":1.59159899839,"REPORT_DATE_SQ":"2022-06-30 00:00:00","REPORT_TYPE_SQ":"2022年中报","OPERATE_INCOME_SQ":17046000,"DPS_HKD":null,"OPERATE_INCOME_QOQ_SQ":-45.321650850281,"NET_PROFIT_RATIO_SQ":-77.7367124252,"HOLDER_PROFIT_SQ":-13251000,"HOLDER_PROFIT_QOQ_SQ":-34.289099210628,"ROE_AVG_SQ":-2.805498361818,"PE_TTM_SQ":-1.049803130148,"PB_TTM_SQ":1.718948341005,"ROA_SQ":-1.288839154799,"START_DATE":"2023-01-01 00:00:00","FISCAL_YEAR":"12-31","CURRENCY":"HKD","IS_CNY_CODE":0,"DPS_HKD_LY":null,"ORG_TYPE":"一般企业","PREMIUM_INCOME":null,"PREMIUM_INCOME_YOY":null,"NET_INTEREST_INCOME":null,"NET_INTEREST_INCOME_YOY":null,"FEE_COMMISSION_INCOME":null,"FEE_COMMISSION_INCOME_YOY":null,"ACCOUNTS_RECE_TDAYS":0.454116357594,"INVENTORY_TDAYS":null,"CURRENT_ASSETS_TDAYS":0.091605067853,"TOTAL_ASSETS_TDAYS":0.088833711716,"PREMIUM_EXPENSE":null,"LOAN_DEPOSIT":null,"LOAN_EQUITY":null,"LOAN_ASSETS":null,"DEPOSIT_EQUITY":null,"DEPOSIT_ASSETS":null,"EQUITY_MULTIPLIER":5.028593113247,"EQUITY_RATIO":4.028593113234},{"SECUCODE":"09958.HK","SECURITY_CODE":"09958","SECURITY_NAME_ABBR":"力天影业","ORG_CODE":"10000060627","STD_REPORT_DATE":"2022-12-31 00:00:00","REPORT_DATE":"2022-12-31 00:00:00","DATE_TYPE_CODE":"001","REPORT_TYPE":"2022年年报","PER_NETCASH_OPERATE":-0.254716666667,"PER_OI":0.07707,"BPS":0.622933333333,"BASIC_EPS":-0.99,"DILUTED_EPS":-0.99,"OPERATE_INCOME":23121000,"OPERATE_INCOME_YOY":-92.4183002249,"GROSS_PROFIT":-189223000,"GROSS_PROFIT_YOY":-280.034544395573,"HOLDER_PROFIT":-295658000,"HOLDER_PROFIT_YOY":-293.5652197063,"GROSS_PROFIT_RATIO":-818.40318325332,"EPS_TTM":-0.985526666667,"OPERATE_INCOME_QOQ":-86.134000215897,"NET_PROFIT_RATIO":-1278.742268933,"ROE_AVG":-88.969067046226,"GROSS_PROFIT_QOQ":-141.596230944051,"ROA":-32.216229174158,"HOLDER_PROFIT_QOQ":-193.073095299459,"ROE_YEARLY":-88.969067046226,"ROIC_YEARLY":-33.986568972533,"TOTAL_ASSETS":820683000,"TOTAL_LIABILITIES":633803000,"TAX_EBT":-9.118220201364,"OCF_SALES":-330.500410881882,"TOTAL_PARENT_EQUITY":186880000,"DEBT_ASSET_RATIO":77.2287229052,"OPERATE_PROFIT":-249992000,"PRETAX_PROFIT":-270952000,"NETCASH_OPERATE":-76415000,"NETCASH_INVEST":-243000,"NETCASH_FINANCE":43688000,"END_CASH":10002000,"DIVI_RATIO":null,"DIVIDEND_RATE":null,"CURRENT_RATIO":1.257224705411,"COMMON_ACS":500000000,"CURRENTDEBT_DEBT":99.578733455033,"ISSUED_COMMON_SHARES":300000000,"HK_COMMON_SHARES":300000000,"PER_SHARES":1000,"TOTAL_MARKET_CAP":39000000,"HKSK_MARKET_CAP":39000000,"PE_TTM":-0.22206981345,"PB_TTM":1.59159899839,"REPORT_DATE_SQ":"2021-12-31 00:00:00","REPORT_TYPE_SQ":"2021年年报","OPERATE_INCOME_SQ":304958000,"DPS_HKD":null,"OPERATE_INCOME_QOQ_SQ":-13.800345411427,"NET_PROFIT_RATIO_SQ":-24.6338840103,"HOLDER_PROFIT_SQ":-75123000,"HOLDER_PROFIT_QOQ_SQ":-365.781001238281,"ROE_AVG_SQ":-14.549486517763,"PE_TTM_SQ":-1.049803130148,"PB_TTM_SQ":1.718948341005,"ROA_SQ":-6.873114131956,"START_DATE":"2022-01-01 00:00:00","FISCAL_YEAR":"12-31","CURRENCY":"HKD","IS_CNY_CODE":0,"DPS_HKD_LY":null,"ORG_TYPE":"一般企业","PREMIUM_INCOME":null,"PREMIUM_INCOME_YOY":null,"NET_INTEREST_INCOME":null,"NET_INTEREST_INCOME_YOY":null,"FEE_COMMISSION_INCOME":null,"FEE_COMMISSION_INCOME_YOY":null,"ACCOUNTS_RECE_TDAYS":0.1057039731,"INVENTORY_TDAYS":null,"CURRENT_ASSETS_TDAYS":0.026398642219,"TOTAL_ASSETS_TDAYS":0.025193684417,"PREMIUM_EXPENSE":null,"LOAN_DEPOSIT":null,"LOAN_EQUITY":null,"LOAN_ASSETS":null,"DEPOSIT_EQUITY":null,"DEPOSIT_ASSETS":null,"EQUITY_MULTIPLIER":4.391497217468,"EQUITY_RATIO":3.391497217466},{"SECUCODE":"09958.HK","SECURITY_CODE":"09958","SECURITY_NAME_ABBR":"力天影业","ORG_CODE":"10000060627","STD_REPORT_DATE":"2022-06-30 00:00:00","REPORT_DATE":"2022-06-30 00:00:00","DATE_TYPE_CODE":"002","REPORT_TYPE":"2022年中报","PER_NETCASH_OPERATE":-0.267243333333,"PER_OI":0.05682,"BPS":1.556313333333,"BASIC_EPS":-0.04,"DILUTED_EPS":-0.04,"OPERATE_INCOME":17046000,"OPERATE_INCOME_YOY":-89.0208556081,"GROSS_PROFIT":9178000,"GROSS_PROFIT_YOY":-75.660982789255,"HOLDER_PROFIT":-13251000,"HOLDER_PROFIT_YOY":-205.9401982731,"GROSS_PROFIT_RATIO":53.842543705268,"EPS_TTM":-0.336273333333,"OPERATE_INCOME_QOQ":-45.321650850281,"NET_PROFIT_RATIO":-77.7367124252,"ROE_AVG":-2.805498361818,"GROSS_PROFIT_QOQ":-57.301520355084,"ROA":-1.288839154799,"HOLDER_PROFIT_QOQ":-34.289099210628,"ROE_YEARLY":-5.610996723637,"ROIC_YEARLY":-2.770710675474,"TOTAL_ASSETS":1041492000,"TOTAL_LIABILITIES":574598000,"TAX_EBT":0.165750018835,"OCF_SALES":-470.333216003755,"TOTAL_PARENT_EQUITY":466894000,"DEBT_ASSET_RATIO":55.1706590161,"OPERATE_PROFIT":-5357000,"PRETAX_PROFIT":-13273000,"NETCASH_OPERATE":-80173000,"NETCASH_INVEST":-822000,"NETCASH_FINANCE":48467000,"END_CASH":8051000,"DIVI_RATIO":null,"DIVIDEND_RATE":null,"CURRENT_RATIO":1.759015622327,"COMMON_ACS":500000000,"CURRENTDEBT_DEBT":97.676636535456,"ISSUED_COMMON_SHARES":300000000,"HK_COMMON_SHARES":300000000,"PER_SHARES":1000,"TOTAL_MARKET_CAP":39000000,"HKSK_MARKET_CAP":39000000,"PE_TTM":-0.22206981345,"PB_TTM":1.59159899839,"REPORT_DATE_SQ":"2021-06-30 00:00:00","REPORT_TYPE_SQ":"2021年中报","OPERATE_INCOME_SQ":155258000,"DPS_HKD":null,"OPERATE_INCOME_QOQ_SQ":-22.291534418264,"NET_PROFIT_RATIO_SQ":8.0562676319,"HOLDER_PROFIT_SQ":12508000,"HOLDER_PROFIT_QOQ_SQ":-59.66752283105,"ROE_AVG_SQ":2.231011740994,"PE_TTM_SQ":-1.049803130148,"PB_TTM_SQ":1.718948341005,"ROA_SQ":1.099822426336,"START_DATE":"2022-01-01 00:00:00","FISCAL_YEAR":"12-31","CURRENCY":"HKD","IS_CNY_CODE":0,"DPS_HKD_LY":null,"ORG_TYPE":"一般企业","PREMIUM_INCOME":null,"PREMIUM_INCOME_YOY":null,"NET_INTEREST_INCOME":null,"NET_INTEREST_INCOME_YOY":null,"FEE_COMMISSION_INCOME":null,"FEE_COMMISSION_INCOME_YOY":null,"ACCOUNTS_RECE_TDAYS":0.068844494076,"INVENTORY_TDAYS":null,"CURRENT_ASSETS_TDAYS":0.017523975185,"TOTAL_ASSETS_TDAYS":0.016579542852,"PREMIUM_EXPENSE":null,"LOAN_DEPOSIT":null,"LOAN_EQUITY":null,"LOAN_ASSETS":null,"DEPOSIT_EQUITY":null,"DEPOSIT_ASSETS":null,"EQUITY_MULTIPLIER":2.230681910669,"EQUITY_RATIO":1.230681910669},{"SECUCODE":"09958.HK","SECURITY_CODE":"09958","SECURITY_NAME_ABBR":"力天影业","ORG_CODE":"10000060627","STD_REPORT_DATE":"2021-12-31 00:00:00","REPORT_DATE":"2021-12-31 00:00:00","DATE_TYPE_CODE":"001","REPORT_TYPE":"2021年年报","PER_NETCASH_OPERATE":-0.444226666667,"PER_OI":1.016526666667,"BPS":1.592503333333,"BASIC_EPS":-0.25,"DILUTED_EPS":-0.25,"OPERATE_INCOME":304958000,"OPERATE_INCOME_YOY":-33.0155710825,"GROSS_PROFIT":-49791000,"GROSS_PROFIT_YOY":-139.553709029091,"HOLDER_PROFIT":-75123000,"HOLDER_PROFIT_YOY":-207.1960616438,"GROSS_PROFIT_RATIO":-16.327166363893,"EPS_TTM":-0.25041,"OPERATE_INCOME_QOQ":-13.800345411427,"NET_PROFIT_RATIO":-24.6338840103,"ROE_AVG":-14.549486517763,"GROSS_PROFIT_QOQ":-165.506716309911,"ROA":-6.873114131956,"HOLDER_PROFIT_QOQ":-365.781001238281,"ROE_YEARLY":-14.549486517763,"ROIC_YEARLY":-7.846957023122,"TOTAL_ASSETS":1014777000,"TOTAL_LIABILITIES":537026000,"TAX_EBT":24.339812669957,"OCF_SALES":-43.700443995567,"TOTAL_PARENT_EQUITY":477751000,"DEBT_ASSET_RATIO":52.920592406,"OPERATE_PROFIT":-94577000,"PRETAX_PROFIT":-99290000,"NETCASH_OPERATE":-133268000,"NETCASH_INVEST":-3214000,"NETCASH_FINANCE":43193000,"END_CASH":38185000,"DIVI_RATIO":null,"DIVIDEND_RATE":null,"CURRENT_RATIO":1.798233679078,"COMMON_ACS":500000000,"CURRENTDEBT_DEBT":99.224059915162,"ISSUED_COMMON_SHARES":300000000,"HK_COMMON_SHARES":300000000,"PER_SHARES":1000,"TOTAL_MARKET_CAP":39000000,"HKSK_MARKET_CAP":39000000,"PE_TTM":-0.22206981345,"PB_TTM":1.59159899839,"REPORT_DATE_SQ":"2020-12-31 00:00:00","REPORT_TYPE_SQ":"2020年年报","OPERATE_INCOME_SQ":455267000,"DPS_HKD":null,"OPERATE_INCOME_QOQ_SQ":1.220604877528,"NET_PROFIT_RATIO_SQ":15.3931648901,"HOLDER_PROFIT_SQ":70080000,"HOLDER_PROFIT_QOQ_SQ":-18.213010293397,"ROE_AVG_SQ":15.780833763058,"PE_TTM_SQ":-1.049803130148,"PB_TTM_SQ":1.718948341005,"ROA_SQ":6.935846390005,"START_DATE":"2021-01-01 00:00:00","FISCAL_YEAR":"12-31","CURRENCY":"HKD","IS_CNY_CODE":0,"DPS_HKD_LY":null,"ORG_TYPE":"一般企业","PREMIUM_INCOME":null,"PREMIUM_INCOME_YOY":null,"NET_INTEREST_INCOME":null,"NET_INTEREST_INCOME_YOY":null,"FEE_COMMISSION_INCOME":null,"FEE_COMMISSION_INCOME_YOY":null,"ACCOUNTS_RECE_TDAYS":0.805661010412,"INVENTORY_TDAYS":null,"CURRENT_ASSETS_TDAYS":0.29012561791,"TOTAL_ASSETS_TDAYS":0.279010574585,"PREMIUM_EXPENSE":null,"LOAN_DEPOSIT":null,"LOAN_EQUITY":null,"LOAN_ASSETS":null,"DEPOSIT_EQUITY":null,"DEPOSIT_ASSETS":null,"EQUITY_MULTIPLIER":2.124070907229,"EQUITY_RATIO":1.12407090723},{"SECUCODE":"09958.HK","SECURITY_CODE":"09958","SECURITY_NAME_ABBR":"力天影业","ORG_CODE":"10000060627","STD_REPORT_DATE":"2021-06-30 00:00:00","REPORT_DATE":"2021-06-30 00:00:00","DATE_TYPE_CODE":"002","REPORT_TYPE":"2021年中报","PER_NETCASH_OPERATE":-0.278083333333,"PER_OI":0.517526666667,"BPS":1.887936666667,"BASIC_EPS":0.04,"DILUTED_EPS":0.04,"OPERATE_INCOME":155258000,"OPERATE_INCOME_YOY":-39.5280902377,"GROSS_PROFIT":37709000,"GROSS_PROFIT_YOY":-56.944349295517,"HOLDER_PROFIT":12508000,"HOLDER_PROFIT_YOY":-76.9747620713,"GROSS_PROFIT_RATIO":24.287959396617,"EPS_TTM":0.094216666667,"OPERATE_INCOME_QOQ":-22.291534418264,"NET_PROFIT_RATIO":8.0562676319,"ROE_AVG":2.231011740994,"GROSS_PROFIT_QOQ":-39.618849398643,"ROA":1.099822426336,"HOLDER_PROFIT_QOQ":-59.66752283105,"ROE_YEARLY":4.462023481987,"ROIC_YEARLY":2.516840729035,"TOTAL_ASSETS":1103330000,"TOTAL_LIABILITIES":536949000,"TAX_EBT":-5.21534320323,"OCF_SALES":-53.733140965361,"TOTAL_PARENT_EQUITY":566381000,"DEBT_ASSET_RATIO":48.6662195354,"OPERATE_PROFIT":13880000,"PRETAX_PROFIT":11888000,"NETCASH_OPERATE":-83425000,"NETCASH_INVEST":24000,"NETCASH_FINANCE":313000,"END_CASH":49385000,"DIVI_RATIO":null,"DIVIDEND_RATE":null,"CURRENT_RATIO":2.011246327529,"COMMON_ACS":500000000,"CURRENTDEBT_DEBT":99.458421563314,"ISSUED_COMMON_SHARES":300000000,"HK_COMMON_SHARES":300000000,"PER_SHARES":1000,"TOTAL_MARKET_CAP":39000000,"HKSK_MARKET_CAP":39000000,"PE_TTM":-0.22206981345,"PB_TTM":1.59159899839,"REPORT_DATE_SQ":"2020-06-30 00:00:00","REPORT_TYPE_SQ":"2020年中报","OPERATE_INCOME_SQ":256744000,"DPS_HKD":null,"OPERATE_INCOME_QOQ_SQ":15.033657633326,"NET_PROFIT_RATIO_SQ":21.1584301873,"HOLDER_PROFIT_SQ":54323000,"HOLDER_PROFIT_QOQ_SQ":11.231404314978,"ROE_AVG_SQ":12.294151660988,"PE_TTM_SQ":-1.049803130148,"PB_TTM_SQ":1.718948341005,"ROA_SQ":5.410665454181,"START_DATE":"2021-01-01 00:00:00","FISCAL_YEAR":"12-31","CURRENCY":"HKD","IS_CNY_CODE":0,"DPS_HKD_LY":null,"ORG_TYPE":"一般企业","PREMIUM_INCOME":null,"PREMIUM_INCOME_YOY":null,"NET_INTEREST_INCOME":null,"NET_INTEREST_INCOME_YOY":null,"FEE_COMMISSION_INCOME":null,"FEE_COMMISSION_INCOME_YOY":null,"ACCOUNTS_RECE_TDAYS":0.370928360163,"INVENTORY_TDAYS":null,"CURRENT_ASSETS_TDAYS":0.139989928458,"TOTAL_ASSETS_TDAYS":0.136517612942,"PREMIUM_EXPENSE":null,"LOAN_DEPOSIT":null,"LOAN_EQUITY":null,"LOAN_ASSETS":null,"DEPOSIT_EQUITY":null,"DEPOSIT_ASSETS":null,"EQUITY_MULTIPLIER":1.948034979987,"EQUITY_RATIO":0.948034979987},{"SECUCODE":"09958.HK","SECURITY_CODE":"09958","SECURITY_NAME_ABBR":"力天影业","ORG_CODE":"10000060627","STD_REPORT_DATE":"2020-12-31 00:00:00","REPORT_DATE":"2020-12-31 00:00:00","DATE_TYPE_CODE":"001","REPORT_TYPE":"2020年年报","PER_NETCASH_OPERATE":-0.381986666667,"PER_OI":1.517556666667,"BPS":1.84968,"BASIC_EPS":0.26,"DILUTED_EPS":0.26,"OPERATE_INCOME":455267000,"OPERATE_INCOME_YOY":16.4377640692,"GROSS_PROFIT":125882000,"GROSS_PROFIT_YOY":-10.806751030935,"HOLDER_PROFIT":70080000,"HOLDER_PROFIT_YOY":-9.0271828024,"GROSS_PROFIT_RATIO":27.650148154819,"EPS_TTM":0.2336,"OPERATE_INCOME_QOQ":1.220604877528,"NET_PROFIT_RATIO":15.3931648901,"ROE_AVG":15.780833763058,"GROSS_PROFIT_QOQ":-21.38664068745,"ROA":6.935846390005,"HOLDER_PROFIT_QOQ":-18.213010293397,"ROE_YEARLY":15.780833763058,"ROIC_YEARLY":8.030163530934,"TOTAL_ASSETS":1171219000,"TOTAL_LIABILITIES":616315000,"TAX_EBT":1.822613860831,"OCF_SALES":-25.171163295385,"TOTAL_PARENT_EQUITY":554904000,"DEBT_ASSET_RATIO":52.6216702427,"OPERATE_PROFIT":92210000,"PRETAX_PROFIT":71381000,"NETCASH_OPERATE":-114596000,"NETCASH_INVEST":-3450000,"NETCASH_FINANCE":181289000,"END_CASH":133504000,"DIVI_RATIO":null,"DIVIDEND_RATE":null,"CURRENT_RATIO":1.866317017268,"COMMON_ACS":500000000,"CURRENTDEBT_DEBT":99.461314425253,"ISSUED_COMMON_SHARES":300000000,"HK_COMMON_SHARES":300000000,"PER_SHARES":1000,"TOTAL_MARKET_CAP":39000000,"HKSK_MARKET_CAP":39000000,"PE_TTM":-0.22206981345,"PB_TTM":1.59159899839,"REPORT_DATE_SQ":"2019-12-31 00:00:00","REPORT_TYPE_SQ":"2019年年报","OPERATE_INCOME_SQ":390996000,"DPS_HKD":null,"OPERATE_INCOME_QOQ_SQ":-7.930318314754,"NET_PROFIT_RATIO_SQ":19.7019918362,"HOLDER_PROFIT_SQ":77034000,"HOLDER_PROFIT_QOQ_SQ":-10.061644795218,"ROE_AVG_SQ":26.139803189684,"PE_TTM_SQ":-1.049803130148,"PB_TTM_SQ":1.718948341005,"ROA_SQ":10.468915946567,"START_DATE":"2020-01-01 00:00:00","FISCAL_YEAR":"12-31","CURRENCY":"HKD","IS_CNY_CODE":0,"DPS_HKD_LY":null,"ORG_TYPE":"一般企业","PREMIUM_INCOME":null,"PREMIUM_INCOME_YOY":null,"NET_INTEREST_INCOME":null,"NET_INTEREST_INCOME_YOY":null,"FEE_COMMISSION_INCOME":null,"FEE_COMMISSION_INCOME_YOY":null,"ACCOUNTS_RECE_TDAYS":0.90521225714,"INVENTORY_TDAYS":null,"CURRENT_ASSETS_TDAYS":0.460007608408,"TOTAL_ASSETS_TDAYS":0.450579620211,"PREMIUM_EXPENSE":null,"LOAN_DEPOSIT":null,"LOAN_EQUITY":null,"LOAN_ASSETS":null,"DEPOSIT_EQUITY":null,"DEPOSIT_ASSETS":null,"EQUITY_MULTIPLIER":2.110669593298,"EQUITY_RATIO":1.110669593299},{"SECUCODE":"09958.HK","SECURITY_CODE":"09958","SECURITY_NAME_ABBR":"力天影业","ORG_CODE":"10000060627","STD_REPORT_DATE":"2020-06-30 00:00:00","REPORT_DATE":"2020-06-30 00:00:00","DATE_TYPE_CODE":"002","REPORT_TYPE":"2020年中报","PER_NETCASH_OPERATE":-0.289066666667,"PER_OI":0.855813333333,"BPS":1.834863333333,"BASIC_EPS":0.24,"DILUTED_EPS":0.24,"OPERATE_INCOME":256744000,"OPERATE_INCOME_YOY":29.6929224148,"GROSS_PROFIT":87582000,"GROSS_PROFIT_YOY":27.692890884703,"HOLDER_PROFIT":54323000,"HOLDER_PROFIT_YOY":18.9441877778,"GROSS_PROFIT_RATIO":34.112579067086,"EPS_TTM":0.28562,"OPERATE_INCOME_QOQ":15.033657633326,"NET_PROFIT_RATIO":21.1584301873,"ROE_AVG":12.294151660988,"GROSS_PROFIT_QOQ":13.45813198804,"ROA":5.410665454181,"HOLDER_PROFIT_QOQ":11.231404314978,"ROE_YEARLY":24.588303321976,"ROIC_YEARLY":12.620393285216,"TOTAL_ASSETS":1158410000,"TOTAL_LIABILITIES":607951000,"TAX_EBT":-9.511137990122,"OCF_SALES":-33.776836070171,"TOTAL_PARENT_EQUITY":550459000,"DEBT_ASSET_RATIO":52.4815048213,"OPERATE_PROFIT":61980000,"PRETAX_PROFIT":49605000,"NETCASH_OPERATE":-86720000,"NETCASH_INVEST":-179000,"NETCASH_FINANCE":189108000,"END_CASH":183782000,"DIVI_RATIO":null,"DIVIDEND_RATE":null,"CURRENT_RATIO":1.874669175641,"COMMON_ACS":500000000,"CURRENTDEBT_DEBT":100,"ISSUED_COMMON_SHARES":300000000,"HK_COMMON_SHARES":300000000,"PER_SHARES":1000,"TOTAL_MARKET_CAP":39000000,"HKSK_MARKET_CAP":39000000,"PE_TTM":-0.22206981345,"PB_TTM":1.59159899839,"REPORT_DATE_SQ":"2019-06-30 00:00:00","REPORT_TYPE_SQ":"2019年中报","OPERATE_INCOME_SQ":197963000,"DPS_HKD":null,"OPERATE_INCOME_QOQ_SQ":10.057092210528,"NET_PROFIT_RATIO_SQ":23.0704727651,"HOLDER_PROFIT_SQ":45671000,"HOLDER_PROFIT_QOQ_SQ":26.692897080141,"ROE_AVG_SQ":16.371089010247,"PE_TTM_SQ":-1.049803130148,"PB_TTM_SQ":1.718948341005,"ROA_SQ":6.663558922036,"START_DATE":"2020-01-01 00:00:00","FISCAL_YEAR":"12-31","CURRENCY":"HKD","IS_CNY_CODE":0,"DPS_HKD_LY":null,"ORG_TYPE":"一般企业","PREMIUM_INCOME":null,"PREMIUM_INCOME_YOY":null,"NET_INTEREST_INCOME":null,"NET_INTEREST_INCOME_YOY":null,"FEE_COMMISSION_INCOME":null,"FEE_COMMISSION_INCOME_YOY":null,"ACCOUNTS_RECE_TDAYS":0.465143749536,"INVENTORY_TDAYS":null,"CURRENT_ASSETS_TDAYS":0.259986947186,"TOTAL_ASSETS_TDAYS":0.255721497592,"PREMIUM_EXPENSE":null,"LOAN_DEPOSIT":null,"LOAN_EQUITY":null,"LOAN_ASSETS":null,"DEPOSIT_EQUITY":null,"DEPOSIT_ASSETS":null,"EQUITY_MULTIPLIER":2.104443746039,"EQUITY_RATIO":1.104443746037}],"count":15},"success":true,"message":"ok","code":0}