{"version":"c1de45d75734b0571a209ae873cc422e","result":{"pages":3,"data":[{"SECUCODE":"09969.HK","SECURITY_CODE":"09969","SECURITY_NAME_ABBR":"诺诚健华","ORG_CODE":"10000059353","STD_REPORT_DATE":"2024-09-30 00:00:00","REPORT_DATE":"2024-09-30 00:00:00","DATE_TYPE_CODE":"004","REPORT_TYPE":"2024年三季报","PER_NETCASH_OPERATE":-0.189006229806,"PER_OI":0.395870425898,"BPS":3.861181155445,"BASIC_EPS":-0.16,"DILUTED_EPS":-0.16,"OPERATE_INCOME":697748228.93,"OPERATE_INCOME_YOY":29.8470461577,"GROSS_PROFIT":599719630.91,"GROSS_PROFIT_YOY":37.398335083379,"HOLDER_PROFIT":-275409931.99,"HOLDER_PROFIT_YOY":48.1498840669,"GROSS_PROFIT_RATIO":85.950720624497,"EPS_TTM":-0.213045734083,"OPERATE_INCOME_QOQ":15.13944450806,"NET_PROFIT_RATIO":-40.8911943034,"ROE_AVG":-3.949398641974,"GROSS_PROFIT_QOQ":15.730702536429,"ROA":-2.842687833426,"HOLDER_PROFIT_QOQ":20.256147180245,"ROE_YEARLY":-5.265864855966,"ROIC_YEARLY":-12.93890032892,"TOTAL_ASSETS":9457598106.76,"TOTAL_LIABILITIES":2635567475.81,"TAX_EBT":-0.009961717286,"OCF_SALES":-47.744468250513,"TOTAL_PARENT_EQUITY":6799081314.14,"DEBT_ASSET_RATIO":27.8671967878,"OPERATE_PROFIT":-432820566.91,"PRETAX_PROFIT":-285289164.34,"NETCASH_OPERATE":-333136181.63,"NETCASH_INVEST":1358936924.87,"NETCASH_FINANCE":-261692786.26,"END_CASH":4949637182.02,"DIVI_RATIO":null,"DIVIDEND_RATE":null,"CURRENT_RATIO":7.743378882825,"COMMON_ACS":25000000000,"CURRENTDEBT_DEBT":38.554060545072,"ISSUED_COMMON_SHARES":1760881202,"HK_COMMON_SHARES":1494598235,"PER_SHARES":1000,"TOTAL_MARKET_CAP":12819215150.56,"HKSK_MARKET_CAP":10880675150.8,"PE_TTM":-30.294889187278,"PB_TTM":1.700265005889,"REPORT_DATE_SQ":"2023-09-30 00:00:00","REPORT_TYPE_SQ":"2023年三季报","OPERATE_INCOME_SQ":537361649.4,"DPS_HKD":null,"OPERATE_INCOME_QOQ_SQ":-4.734712245127,"NET_PROFIT_RATIO_SQ":-100.358346466,"HOLDER_PROFIT_SQ":-531165508.57,"HOLDER_PROFIT_QOQ_SQ":32.722284184534,"ROE_AVG_SQ":-7.111616424022,"PE_TTM_SQ":-14.22913104006,"PB_TTM_SQ":1.154518644091,"ROA_SQ":-5.217535932226,"START_DATE":"2024-01-01 00:00:00","FISCAL_YEAR":"12-31","CURRENCY":"HKD","IS_CNY_CODE":0,"DPS_HKD_LY":null,"ORG_TYPE":"一般企业","PREMIUM_INCOME":null,"PREMIUM_INCOME_YOY":null,"NET_INTEREST_INCOME":null,"NET_INTEREST_INCOME_YOY":null,"FEE_COMMISSION_INCOME":null,"FEE_COMMISSION_INCOME_YOY":null,"ACCOUNTS_RECE_TDAYS":2.281669529678,"INVENTORY_TDAYS":0.922172979116,"CURRENT_ASSETS_TDAYS":0.083896682298,"TOTAL_ASSETS_TDAYS":0.072019203768,"PREMIUM_EXPENSE":null,"LOAN_DEPOSIT":null,"LOAN_EQUITY":null,"LOAN_ASSETS":null,"DEPOSIT_EQUITY":null,"DEPOSIT_ASSETS":null,"EQUITY_MULTIPLIER":1.386331815025,"EQUITY_RATIO":0.387635822259},{"SECUCODE":"09969.HK","SECURITY_CODE":"09969","SECURITY_NAME_ABBR":"诺诚健华","ORG_CODE":"10000059353","STD_REPORT_DATE":"2024-06-30 00:00:00","REPORT_DATE":"2024-06-30 00:00:00","DATE_TYPE_CODE":"002","REPORT_TYPE":"2024年中报","PER_NETCASH_OPERATE":-0.160292643149,"PER_OI":0.238138079455,"BPS":3.92515633204,"BASIC_EPS":-0.16,"DILUTED_EPS":-0.16,"OPERATE_INCOME":419738000,"OPERATE_INCOME_YOY":11.1744435822,"GROSS_PROFIT":359598000,"GROSS_PROFIT_YOY":19.278750949492,"HOLDER_PROFIT":-261840000,"HOLDER_PROFIT_YOY":37.9836148277,"GROSS_PROFIT_RATIO":85.672014447108,"EPS_TTM":-0.267160267859,"OPERATE_INCOME_QOQ":9.196511199051,"NET_PROFIT_RATIO":-63.8379179393,"ROE_AVG":-3.7247193728,"GROSS_PROFIT_QOQ":10.423616903488,"ROA":-2.672484266724,"HOLDER_PROFIT_QOQ":38.143072811887,"ROE_YEARLY":-7.449438745599,"ROIC_YEARLY":-23.763885863646,"TOTAL_ASSETS":9676122000,"TOTAL_LIABILITIES":2737643000,"TAX_EBT":-0.010824005405,"OCF_SALES":-67.310798641057,"TOTAL_PARENT_EQUITY":6911734000,"DEBT_ASSET_RATIO":28.2927705955,"OPERATE_PROFIT":-255922000,"PRETAX_PROFIT":-267923000,"NETCASH_OPERATE":-282529000,"NETCASH_INVEST":-117789000,"NETCASH_FINANCE":-32568000,"END_CASH":3773003000,"DIVI_RATIO":null,"DIVIDEND_RATE":null,"CURRENT_RATIO":3.822117454281,"COMMON_ACS":25000000000,"CURRENTDEBT_DEBT":77.130034851148,"ISSUED_COMMON_SHARES":1760881202,"HK_COMMON_SHARES":1494598235,"PER_SHARES":1000,"TOTAL_MARKET_CAP":10001805227.36,"HKSK_MARKET_CAP":8489317974.8,"PE_TTM":-23.636671783481,"PB_TTM":1.32658038921,"REPORT_DATE_SQ":"2023-06-30 00:00:00","REPORT_TYPE_SQ":"2023年中报","OPERATE_INCOME_SQ":377549000,"DPS_HKD":null,"OPERATE_INCOME_QOQ_SQ":8.815063091731,"NET_PROFIT_RATIO_SQ":-113.6763704844,"HOLDER_PROFIT_SQ":-422211000,"HOLDER_PROFIT_QOQ_SQ":-11.105126814579,"ROE_AVG_SQ":-5.607283381824,"PE_TTM_SQ":-15.320085897498,"PB_TTM_SQ":1.243036187378,"ROA_SQ":-4.116747207008,"START_DATE":"2024-01-01 00:00:00","FISCAL_YEAR":"12-31","CURRENCY":"HKD","IS_CNY_CODE":0,"DPS_HKD_LY":null,"ORG_TYPE":"一般企业","PREMIUM_INCOME":null,"PREMIUM_INCOME_YOY":null,"NET_INTEREST_INCOME":null,"NET_INTEREST_INCOME_YOY":null,"FEE_COMMISSION_INCOME":null,"FEE_COMMISSION_INCOME_YOY":null,"ACCOUNTS_RECE_TDAYS":1.42691529714,"INVENTORY_TDAYS":0.506493287743,"CURRENT_ASSETS_TDAYS":0.049862270473,"TOTAL_ASSETS_TDAYS":0.042840788311,"PREMIUM_EXPENSE":null,"LOAN_DEPOSIT":null,"LOAN_EQUITY":null,"LOAN_ASSETS":null,"DEPOSIT_EQUITY":null,"DEPOSIT_ASSETS":null,"EQUITY_MULTIPLIER":1.394559528104,"EQUITY_RATIO":0.396086278783},{"SECUCODE":"09969.HK","SECURITY_CODE":"09969","SECURITY_NAME_ABBR":"诺诚健华","ORG_CODE":"10000059353","STD_REPORT_DATE":"2024-03-31 00:00:00","REPORT_DATE":"2024-03-31 00:00:00","DATE_TYPE_CODE":"003","REPORT_TYPE":"2024年一季报","PER_NETCASH_OPERATE":-0.047682049532,"PER_OI":0.094080149358,"BPS":3.98917838814,"BASIC_EPS":-0.08,"DILUTED_EPS":-0.08,"OPERATE_INCOME":165824020.34,"OPERATE_INCOME_YOY":-12.4419996486,"GROSS_PROFIT":141533602.66,"GROSS_PROFIT_YOY":-3.383832721635,"HOLDER_PROFIT":-142403395.72,"HOLDER_PROFIT_YOY":-1047.8158854464,"GROSS_PROFIT_RATIO":85.351689320886,"EPS_TTM":-0.431900322249,"OPERATE_INCOME_QOQ":-3.190579220811,"NET_PROFIT_RATIO":-87.8403354239,"ROE_AVG":-2.009599227503,"GROSS_PROFIT_QOQ":-0.812486574376,"ROA":-1.446791093965,"HOLDER_PROFIT_QOQ":-20.593148815945,"ROE_YEARLY":-8.038396910012,"ROIC_YEARLY":-35.639607669802,"TOTAL_ASSETS":9766283263.59,"TOTAL_LIABILITIES":2712214039.61,"TAX_EBT":-0.000013799225,"OCF_SALES":-50.682370146183,"TOTAL_PARENT_EQUITY":7024469235.1,"DEBT_ASSET_RATIO":27.7711998148,"OPERATE_PROFIT":-179642830.05,"PRETAX_PROFIT":-145660355.58,"NETCASH_OPERATE":-84043543.78,"NETCASH_INVEST":502674850.75,"NETCASH_FINANCE":-7440276.72,"END_CASH":4616481748.24,"DIVI_RATIO":null,"DIVIDEND_RATE":null,"CURRENT_RATIO":4.194283418869,"COMMON_ACS":25000000000,"CURRENTDEBT_DEBT":75.781201131735,"ISSUED_COMMON_SHARES":1760881202,"HK_COMMON_SHARES":1494598235,"PER_SHARES":1000,"TOTAL_MARKET_CAP":10001805227.36,"HKSK_MARKET_CAP":8489317974.8,"PE_TTM":-23.636671783481,"PB_TTM":1.32658038921,"REPORT_DATE_SQ":"2023-03-31 00:00:00","REPORT_TYPE_SQ":"2023年一季报","OPERATE_INCOME_SQ":189387628.4,"DPS_HKD":null,"OPERATE_INCOME_QOQ_SQ":11.235481269707,"NET_PROFIT_RATIO_SQ":-7.5133552916,"HOLDER_PROFIT_SQ":-12406466.71,"HOLDER_PROFIT_QOQ_SQ":11.937388347303,"ROE_AVG_SQ":-0.164106493405,"PE_TTM_SQ":-15.320085897498,"PB_TTM_SQ":1.243036187378,"ROA_SQ":-0.12082020949,"START_DATE":"2024-01-01 00:00:00","FISCAL_YEAR":"12-31","CURRENCY":"HKD","IS_CNY_CODE":0,"DPS_HKD_LY":null,"ORG_TYPE":"一般企业","PREMIUM_INCOME":null,"PREMIUM_INCOME_YOY":null,"NET_INTEREST_INCOME":null,"NET_INTEREST_INCOME_YOY":null,"FEE_COMMISSION_INCOME":null,"FEE_COMMISSION_INCOME_YOY":null,"ACCOUNTS_RECE_TDAYS":0.612672275244,"INVENTORY_TDAYS":0.204764035664,"CURRENT_ASSETS_TDAYS":0.019075540217,"TOTAL_ASSETS_TDAYS":0.016847401326,"PREMIUM_EXPENSE":null,"LOAN_DEPOSIT":null,"LOAN_EQUITY":null,"LOAN_ASSETS":null,"DEPOSIT_EQUITY":null,"DEPOSIT_ASSETS":null,"EQUITY_MULTIPLIER":1.384489286041,"EQUITY_RATIO":0.386109462343},{"SECUCODE":"09969.HK","SECURITY_CODE":"09969","SECURITY_NAME_ABBR":"诺诚健华","ORG_CODE":"10000059353","STD_REPORT_DATE":"2023-12-31 00:00:00","REPORT_DATE":"2023-12-31 00:00:00","DATE_TYPE_CODE":"001","REPORT_TYPE":"2023年年报","PER_NETCASH_OPERATE":-0.380765926445,"PER_OI":0.418878250989,"BPS":4.059244878009,"BASIC_EPS":-0.37,"DILUTED_EPS":-0.37,"OPERATE_INCOME":738537000,"OPERATE_INCOME_YOY":18.089586891,"GROSS_PROFIT":610102000,"GROSS_PROFIT_YOY":26.575340192155,"HOLDER_PROFIT":-631263000,"HOLDER_PROFIT_YOY":28.799009241,"GROSS_PROFIT_RATIO":82.609537504553,"EPS_TTM":-0.358035333848,"OPERATE_INCOME_QOQ":2.410518121692,"NET_PROFIT_RATIO":-87.4204000612,"ROE_AVG":-8.562430429566,"GROSS_PROFIT_QOQ":5.81079886933,"ROA":-6.237688230409,"HOLDER_PROFIT_QOQ":-8.165593684044,"ROE_YEARLY":-8.562430429566,"ROIC_YEARLY":-38.994761991685,"TOTAL_ASSETS":9919995852.46,"TOTAL_LIABILITIES":2739290198.68,"TAX_EBT":-0.221357764442,"OCF_SALES":-90.901336019726,"TOTAL_PARENT_EQUITY":7147848684.92,"DEBT_ASSET_RATIO":27.6075046509,"OPERATE_PROFIT":-604237000,"PRETAX_PROFIT":-644206000,"NETCASH_OPERATE":-671340000,"NETCASH_INVEST":666914000,"NETCASH_FINANCE":1308000,"END_CASH":4202564000,"DIVI_RATIO":null,"DIVIDEND_RATE":null,"CURRENT_RATIO":4.185935107741,"COMMON_ACS":25000000000,"CURRENTDEBT_DEBT":76.004625406,"ISSUED_COMMON_SHARES":1760881202,"HK_COMMON_SHARES":1494598235,"PER_SHARES":1000,"TOTAL_MARKET_CAP":10001805227.36,"HKSK_MARKET_CAP":8489317974.8,"PE_TTM":-23.636671783481,"PB_TTM":1.32658038921,"REPORT_DATE_SQ":"2022-12-31 00:00:00","REPORT_TYPE_SQ":"2022年年报","OPERATE_INCOME_SQ":625404000,"DPS_HKD":null,"OPERATE_INCOME_QOQ_SQ":24.281538676285,"NET_PROFIT_RATIO_SQ":-142.9039468887,"HOLDER_PROFIT_SQ":-886593000,"HOLDER_PROFIT_QOQ_SQ":10.137153855296,"ROE_AVG_SQ":-13.43153815505,"PE_TTM_SQ":-15.320085897498,"PB_TTM_SQ":1.243036187378,"ROA_SQ":-10.007433394198,"START_DATE":"2023-01-01 00:00:00","FISCAL_YEAR":"12-31","CURRENCY":"HKD","IS_CNY_CODE":0,"DPS_HKD_LY":null,"ORG_TYPE":"一般企业","PREMIUM_INCOME":null,"PREMIUM_INCOME_YOY":null,"NET_INTEREST_INCOME":null,"NET_INTEREST_INCOME_YOY":null,"FEE_COMMISSION_INCOME":null,"FEE_COMMISSION_INCOME_YOY":null,"ACCOUNTS_RECE_TDAYS":3.391960333636,"INVENTORY_TDAYS":1.392875927924,"CURRENT_ASSETS_TDAYS":0.081764266001,"TOTAL_ASSETS_TDAYS":0.072976929626,"PREMIUM_EXPENSE":null,"LOAN_DEPOSIT":null,"LOAN_EQUITY":null,"LOAN_ASSETS":null,"DEPOSIT_EQUITY":null,"DEPOSIT_ASSETS":null,"EQUITY_MULTIPLIER":1.381358654896,"EQUITY_RATIO":0.383232818632},{"SECUCODE":"09969.HK","SECURITY_CODE":"09969","SECURITY_NAME_ABBR":"诺诚健华","ORG_CODE":"10000059353","STD_REPORT_DATE":"2023-09-30 00:00:00","REPORT_DATE":"2023-09-30 00:00:00","DATE_TYPE_CODE":"004","REPORT_TYPE":"2023年三季报","PER_NETCASH_OPERATE":-0.252869651375,"PER_OI":0.304571283646,"BPS":4.168860133047,"BASIC_EPS":-0.31,"DILUTED_EPS":-0.31,"OPERATE_INCOME":537361649.4,"OPERATE_INCOME_YOY":21.6817987436,"GROSS_PROFIT":436482458.5,"GROSS_PROFIT_YOY":27.666632594178,"HOLDER_PROFIT":-531165508.57,"HOLDER_PROFIT_YOY":36.3225857953,"GROSS_PROFIT_RATIO":81.226946319553,"EPS_TTM":-0.330783228719,"OPERATE_INCOME_QOQ":-4.734712245127,"NET_PROFIT_RATIO":-100.358346466,"ROE_AVG":-7.111616424022,"GROSS_PROFIT_QOQ":-3.942748172471,"ROA":-5.217535932226,"HOLDER_PROFIT_QOQ":32.722284184534,"ROE_YEARLY":-9.482155232029,"ROIC_YEARLY":-32.046405443882,"TOTAL_ASSETS":10039622087.37,"TOTAL_LIABILITIES":2659650754.08,"TAX_EBT":null,"OCF_SALES":-83.024784328794,"TOTAL_PARENT_EQUITY":7340867442.05,"DEBT_ASSET_RATIO":26.4915425196,"OPERATE_PROFIT":-503385860.89,"PRETAX_PROFIT":-539287265.88,"NETCASH_OPERATE":-446143350.48,"NETCASH_INVEST":1650880729.95,"NETCASH_FINANCE":7832072.06,"END_CASH":5440243367.28,"DIVI_RATIO":null,"DIVIDEND_RATE":null,"CURRENT_RATIO":4.421283556769,"COMMON_ACS":25000000000,"CURRENTDEBT_DEBT":76.073164655405,"ISSUED_COMMON_SHARES":1760881202,"HK_COMMON_SHARES":1494598235,"PER_SHARES":1000,"TOTAL_MARKET_CAP":10001805227.36,"HKSK_MARKET_CAP":8489317974.8,"PE_TTM":-23.636671783481,"PB_TTM":1.32658038921,"REPORT_DATE_SQ":"2022-09-30 00:00:00","REPORT_TYPE_SQ":"2022年三季报","OPERATE_INCOME_SQ":441612184.36,"DPS_HKD":null,"OPERATE_INCOME_QOQ_SQ":-57.618031055289,"NET_PROFIT_RATIO_SQ":-190.812786613,"HOLDER_PROFIT_SQ":-834150562.18,"HOLDER_PROFIT_QOQ_SQ":-232.783595973974,"ROE_AVG_SQ":-12.505319238417,"PE_TTM_SQ":-15.320085897498,"PB_TTM_SQ":1.243036187378,"ROA_SQ":-9.357331359454,"START_DATE":"2023-01-01 00:00:00","FISCAL_YEAR":"12-31","CURRENCY":"HKD","IS_CNY_CODE":0,"DPS_HKD_LY":null,"ORG_TYPE":"一般企业","PREMIUM_INCOME":null,"PREMIUM_INCOME_YOY":null,"NET_INTEREST_INCOME":null,"NET_INTEREST_INCOME_YOY":null,"FEE_COMMISSION_INCOME":null,"FEE_COMMISSION_INCOME_YOY":null,"ACCOUNTS_RECE_TDAYS":3.44528453885,"INVENTORY_TDAYS":1.10714540074,"CURRENT_ASSETS_TDAYS":0.058904425077,"TOTAL_ASSETS_TDAYS":0.052783994237,"PREMIUM_EXPENSE":null,"LOAN_DEPOSIT":null,"LOAN_EQUITY":null,"LOAN_ASSETS":null,"DEPOSIT_EQUITY":null,"DEPOSIT_ASSETS":null,"EQUITY_MULTIPLIER":1.360387680923,"EQUITY_RATIO":0.362307421442},{"SECUCODE":"09969.HK","SECURITY_CODE":"09969","SECURITY_NAME_ABBR":"诺诚健华","ORG_CODE":"10000059353","STD_REPORT_DATE":"2023-06-30 00:00:00","REPORT_DATE":"2023-06-30 00:00:00","DATE_TYPE_CODE":"002","REPORT_TYPE":"2023年中报","PER_NETCASH_OPERATE":-0.178817187561,"PER_OI":0.213991049971,"BPS":4.237808315248,"BASIC_EPS":-0.25,"DILUTED_EPS":-0.25,"OPERATE_INCOME":377549000,"OPERATE_INCOME_YOY":53.50141081,"GROSS_PROFIT":301477000,"GROSS_PROFIT_YOY":64.543717934723,"HOLDER_PROFIT":-422211000,"HOLDER_PROFIT_YOY":4.3349503674,"GROSS_PROFIT_RATIO":79.851092176115,"EPS_TTM":-0.491668340266,"OPERATE_INCOME_QOQ":8.815063091731,"NET_PROFIT_RATIO":-113.6763704844,"ROE_AVG":-5.607283381824,"GROSS_PROFIT_QOQ":11.567042443483,"ROA":-4.116747207008,"HOLDER_PROFIT_QOQ":-11.105126814579,"ROE_YEARLY":-11.214566763647,"ROIC_YEARLY":-50.272176498132,"TOTAL_ASSETS":10190716000,"TOTAL_LIABILITIES":2688186000,"TAX_EBT":null,"OCF_SALES":-83.56292825567,"TOTAL_PARENT_EQUITY":7462277000,"DEBT_ASSET_RATIO":26.378774563,"OPERATE_PROFIT":-406752000,"PRETAX_PROFIT":-429184000,"NETCASH_OPERATE":-315491000,"NETCASH_INVEST":1631190000,"NETCASH_FINANCE":1261000,"END_CASH":5551988000,"DIVI_RATIO":null,"DIVIDEND_RATE":null,"CURRENT_RATIO":4.39489884858,"COMMON_ACS":25000000000,"CURRENTDEBT_DEBT":77.121858383311,"ISSUED_COMMON_SHARES":1760881202,"HK_COMMON_SHARES":1494598235,"PER_SHARES":1000,"TOTAL_MARKET_CAP":10001805227.36,"HKSK_MARKET_CAP":8489317974.8,"PE_TTM":-23.636671783481,"PB_TTM":1.32658038921,"REPORT_DATE_SQ":"2022-06-30 00:00:00","REPORT_TYPE_SQ":"2022年中报","OPERATE_INCOME_SQ":245958000,"DPS_HKD":null,"OPERATE_INCOME_QOQ_SQ":13.834749236122,"NET_PROFIT_RATIO_SQ":-181.2553362769,"HOLDER_PROFIT_SQ":-441343000,"HOLDER_PROFIT_QOQ_SQ":-359.324502285227,"ROE_AVG_SQ":-7.970248748483,"PE_TTM_SQ":-15.320085897498,"PB_TTM_SQ":1.243036187378,"ROA_SQ":-5.86958749385,"START_DATE":"2023-01-01 00:00:00","FISCAL_YEAR":"12-31","CURRENCY":"HKD","IS_CNY_CODE":0,"DPS_HKD_LY":null,"ORG_TYPE":"一般企业","PREMIUM_INCOME":null,"PREMIUM_INCOME_YOY":null,"NET_INTEREST_INCOME":null,"NET_INTEREST_INCOME_YOY":null,"FEE_COMMISSION_INCOME":null,"FEE_COMMISSION_INCOME_YOY":null,"ACCOUNTS_RECE_TDAYS":2.240022070995,"INVENTORY_TDAYS":0.870364120019,"CURRENT_ASSETS_TDAYS":0.041013148575,"TOTAL_ASSETS_TDAYS":0.036812726131,"PREMIUM_EXPENSE":null,"LOAN_DEPOSIT":null,"LOAN_EQUITY":null,"LOAN_ASSETS":null,"DEPOSIT_EQUITY":null,"DEPOSIT_ASSETS":null,"EQUITY_MULTIPLIER":1.358303932139,"EQUITY_RATIO":0.36023669451},{"SECUCODE":"09969.HK","SECURITY_CODE":"09969","SECURITY_NAME_ABBR":"诺诚健华","ORG_CODE":"10000059353","STD_REPORT_DATE":"2023-03-31 00:00:00","REPORT_DATE":"2023-03-31 00:00:00","DATE_TYPE_CODE":"003","REPORT_TYPE":"2023年一季报","PER_NETCASH_OPERATE":-0.087248145657,"PER_OI":0.107343040116,"BPS":4.272246337632,"BASIC_EPS":-0.01,"DILUTED_EPS":-0.01,"OPERATE_INCOME":189387628.4,"OPERATE_INCOME_YOY":58.9883031021,"GROSS_PROFIT":146490599.5,"GROSS_PROFIT_YOY":61.925783735214,"HOLDER_PROFIT":-12406466.71,"HOLDER_PROFIT_YOY":89.5076093517,"GROSS_PROFIT_RATIO":77.34961398355,"EPS_TTM":-0.442525340065,"OPERATE_INCOME_QOQ":11.235481269707,"NET_PROFIT_RATIO":-7.5133552916,"ROE_AVG":-0.164106493405,"GROSS_PROFIT_QOQ":11.622830782541,"ROA":-0.12082020949,"HOLDER_PROFIT_QOQ":11.937388347303,"ROE_YEARLY":-0.65642597362,"ROIC_YEARLY":-3.098505303378,"TOTAL_ASSETS":10215914005.3,"TOTAL_LIABILITIES":2647592989.19,"TAX_EBT":null,"OCF_SALES":-81.279741623292,"TOTAL_PARENT_EQUITY":7522918266.25,"DEBT_ASSET_RATIO":25.9163593959,"OPERATE_PROFIT":-115638567.2,"PRETAX_PROFIT":-14229365.4,"NETCASH_OPERATE":-154802409.78,"NETCASH_INVEST":-1915385.25,"NETCASH_FINANCE":-8165482.14,"END_CASH":3993788388.71,"DIVI_RATIO":null,"DIVIDEND_RATE":null,"CURRENT_RATIO":4.505932182838,"COMMON_ACS":25000000000,"CURRENTDEBT_DEBT":76.911880377164,"ISSUED_COMMON_SHARES":1760881202,"HK_COMMON_SHARES":1494598235,"PER_SHARES":1000,"TOTAL_MARKET_CAP":10001805227.36,"HKSK_MARKET_CAP":8489317974.8,"PE_TTM":-23.636671783481,"PB_TTM":1.32658038921,"REPORT_DATE_SQ":"2022-03-31 00:00:00","REPORT_TYPE_SQ":"2022年一季报","OPERATE_INCOME_SQ":119120479.12,"DPS_HKD":null,"OPERATE_INCOME_QOQ_SQ":0,"NET_PROFIT_RATIO_SQ":-101.2571249806,"HOLDER_PROFIT_SQ":-118242516.18,"HOLDER_PROFIT_QOQ_SQ":0,"ROE_AVG_SQ":null,"PE_TTM_SQ":-15.320085897498,"PB_TTM_SQ":1.243036187378,"ROA_SQ":null,"START_DATE":"2023-01-01 00:00:00","FISCAL_YEAR":"12-31","CURRENCY":"HKD","IS_CNY_CODE":0,"DPS_HKD_LY":null,"ORG_TYPE":"一般企业","PREMIUM_INCOME":null,"PREMIUM_INCOME_YOY":null,"NET_INTEREST_INCOME":null,"NET_INTEREST_INCOME_YOY":null,"FEE_COMMISSION_INCOME":null,"FEE_COMMISSION_INCOME_YOY":null,"ACCOUNTS_RECE_TDAYS":1.46124076013,"INVENTORY_TDAYS":0.52237904389,"CURRENT_ASSETS_TDAYS":0.020501823092,"TOTAL_ASSETS_TDAYS":0.018443488765,"PREMIUM_EXPENSE":null,"LOAN_DEPOSIT":null,"LOAN_EQUITY":null,"LOAN_ASSETS":null,"DEPOSIT_EQUITY":null,"DEPOSIT_ASSETS":null,"EQUITY_MULTIPLIER":1.349825672504,"EQUITY_RATIO":0.351936960563},{"SECUCODE":"09969.HK","SECURITY_CODE":"09969","SECURITY_NAME_ABBR":"诺诚健华","ORG_CODE":"10000059353","STD_REPORT_DATE":"2022-12-31 00:00:00","REPORT_DATE":"2022-12-31 00:00:00","DATE_TYPE_CODE":"001","REPORT_TYPE":"2022年年报","PER_NETCASH_OPERATE":-0.320550429945,"PER_OI":0.35447281973,"BPS":4.314374525307,"BASIC_EPS":-0.6,"DILUTED_EPS":-0.6,"OPERATE_INCOME":625404000,"OPERATE_INCOME_YOY":-40.0398645105,"GROSS_PROFIT":482007000,"GROSS_PROFIT_YOY":-50.683060388841,"HOLDER_PROFIT":-886593000,"HOLDER_PROFIT_YOY":-1273.6044620033,"GROSS_PROFIT_RATIO":77.071301110962,"EPS_TTM":-0.502512169194,"OPERATE_INCOME_QOQ":24.281538676285,"NET_PROFIT_RATIO":-142.9039468887,"ROE_AVG":-13.43153815505,"GROSS_PROFIT_QOQ":28.262066923799,"ROA":-10.007433394198,"HOLDER_PROFIT_QOQ":10.137153855296,"ROE_YEARLY":-13.43153815505,"ROIC_YEARLY":-59.294757328304,"TOTAL_ASSETS":10321158000,"TOTAL_LIABILITIES":2676831000,"TAX_EBT":null,"OCF_SALES":-90.430185927816,"TOTAL_PARENT_EQUITY":7597101000,"DEBT_ASSET_RATIO":25.9353746934,"OPERATE_PROFIT":-866971000,"PRETAX_PROFIT":-893727000,"NETCASH_OPERATE":-565554000,"NETCASH_INVEST":-1726354000,"NETCASH_FINANCE":3094506000,"END_CASH":4179984000,"DIVI_RATIO":null,"DIVIDEND_RATE":null,"CURRENT_RATIO":4.480862742528,"COMMON_ACS":25000000000,"CURRENTDEBT_DEBT":77.533023190482,"ISSUED_COMMON_SHARES":1760881202,"HK_COMMON_SHARES":1494598235,"PER_SHARES":1000,"TOTAL_MARKET_CAP":10001805227.36,"HKSK_MARKET_CAP":8489317974.8,"PE_TTM":-23.636671783481,"PB_TTM":1.32658038921,"REPORT_DATE_SQ":"2021-12-31 00:00:00","REPORT_TYPE_SQ":"2021年年报","OPERATE_INCOME_SQ":1043033000,"DPS_HKD":null,"OPERATE_INCOME_QOQ_SQ":919.851769284171,"NET_PROFIT_RATIO_SQ":-6.3927986938,"HOLDER_PROFIT_SQ":-64545000,"HOLDER_PROFIT_QOQ_SQ":80.927827435916,"ROE_AVG_SQ":-1.482332750115,"PE_TTM_SQ":-15.320085897498,"PB_TTM_SQ":1.243036187378,"ROA_SQ":-1.081586873696,"START_DATE":"2022-01-01 00:00:00","FISCAL_YEAR":"12-31","CURRENCY":"HKD","IS_CNY_CODE":0,"DPS_HKD_LY":null,"ORG_TYPE":"一般企业","PREMIUM_INCOME":null,"PREMIUM_INCOME_YOY":null,"NET_INTEREST_INCOME":null,"NET_INTEREST_INCOME_YOY":null,"FEE_COMMISSION_INCOME":null,"FEE_COMMISSION_INCOME_YOY":null,"ACCOUNTS_RECE_TDAYS":7.226010699142,"INVENTORY_TDAYS":3.811722488038,"CURRENT_ASSETS_TDAYS":0.079584043056,"TOTAL_ASSETS_TDAYS":0.070592581652,"PREMIUM_EXPENSE":null,"LOAN_DEPOSIT":null,"LOAN_EQUITY":null,"LOAN_ASSETS":null,"DEPOSIT_EQUITY":null,"DEPOSIT_ASSETS":null,"EQUITY_MULTIPLIER":1.350172225756,"EQUITY_RATIO":0.352349007865},{"SECUCODE":"09969.HK","SECURITY_CODE":"09969","SECURITY_NAME_ABBR":"诺诚健华","ORG_CODE":"10000059353","STD_REPORT_DATE":"2022-09-30 00:00:00","REPORT_DATE":"2022-09-30 00:00:00","DATE_TYPE_CODE":"004","REPORT_TYPE":"2022年三季报","PER_NETCASH_OPERATE":-0.224061858219,"PER_OI":0.250301431102,"BPS":4.393353159409,"BASIC_EPS":-0.59,"DILUTED_EPS":-0.59,"OPERATE_INCOME":441612184.36,"OPERATE_INCOME_YOY":-55.0031751012,"GROSS_PROFIT":341892356.39,"GROSS_PROFIT_YOY":-63.76185211605,"HOLDER_PROFIT":-834150562.18,"HOLDER_PROFIT_YOY":-1048.8548480295,"GROSS_PROFIT_RATIO":77.419140254357,"EPS_TTM":-0.559199035812,"OPERATE_INCOME_QOQ":-57.618031055289,"NET_PROFIT_RATIO":-190.812786613,"ROE_AVG":-12.505319238417,"GROSS_PROFIT_QOQ":-64.837660377094,"ROA":-9.357331359454,"HOLDER_PROFIT_QOQ":-232.783595973974,"ROE_YEARLY":-16.673758984556,"ROIC_YEARLY":-53.269244947472,"TOTAL_ASSETS":10431282154.88,"TOTAL_LIABILITIES":2649251273.58,"TAX_EBT":null,"OCF_SALES":-89.516810683769,"TOTAL_PARENT_EQUITY":7736172992.15,"DEBT_ASSET_RATIO":25.3971777797,"OPERATE_PROFIT":-530705140.21,"PRETAX_PROFIT":-842652515,"NETCASH_OPERATE":-395317143.03,"NETCASH_INVEST":-1718055604.91,"NETCASH_FINANCE":3106021468.26,"END_CASH":4414372466.48,"DIVI_RATIO":null,"DIVIDEND_RATE":null,"CURRENT_RATIO":11.419019276776,"COMMON_ACS":25000000000,"CURRENTDEBT_DEBT":30.292892651723,"ISSUED_COMMON_SHARES":1760881202,"HK_COMMON_SHARES":1494598235,"PER_SHARES":1000,"TOTAL_MARKET_CAP":10001805227.36,"HKSK_MARKET_CAP":8489317974.8,"PE_TTM":-23.636671783481,"PB_TTM":1.32658038921,"REPORT_DATE_SQ":"2021-09-30 00:00:00","REPORT_TYPE_SQ":"2021年三季报","OPERATE_INCOME_SQ":981429657.21,"DPS_HKD":null,"OPERATE_INCOME_QOQ_SQ":0,"NET_PROFIT_RATIO_SQ":8.8957214853,"HOLDER_PROFIT_SQ":87911292.64,"HOLDER_PROFIT_QOQ_SQ":0,"ROE_AVG_SQ":null,"PE_TTM_SQ":-15.320085897498,"PB_TTM_SQ":1.243036187378,"ROA_SQ":null,"START_DATE":"2022-01-01 00:00:00","FISCAL_YEAR":"12-31","CURRENCY":"HKD","IS_CNY_CODE":0,"DPS_HKD_LY":null,"ORG_TYPE":"一般企业","PREMIUM_INCOME":null,"PREMIUM_INCOME_YOY":null,"NET_INTEREST_INCOME":null,"NET_INTEREST_INCOME_YOY":null,"FEE_COMMISSION_INCOME":null,"FEE_COMMISSION_INCOME_YOY":null,"ACCOUNTS_RECE_TDAYS":5.113902336737,"INVENTORY_TDAYS":3.431929058599,"CURRENT_ASSETS_TDAYS":0.056684998295,"TOTAL_ASSETS_TDAYS":0.049539156704,"PREMIUM_EXPENSE":null,"LOAN_DEPOSIT":null,"LOAN_EQUITY":null,"LOAN_ASSETS":null,"DEPOSIT_EQUITY":null,"DEPOSIT_ASSETS":null,"EQUITY_MULTIPLIER":1.340431863351,"EQUITY_RATIO":0.342449849075}],"count":23},"success":true,"message":"ok","code":0}