{"version":"f3b5d6fb555f1b70f80ab1b9e8b30f8b","result":{"pages":2,"data":[{"SECUCODE":"09968.HK","SECURITY_CODE":"09968","SECURITY_NAME_ABBR":"汇景控股","ORG_CODE":"10000017360","STD_REPORT_DATE":"2024-06-30 00:00:00","REPORT_DATE":"2024-06-30 00:00:00","DATE_TYPE_CODE":"002","REPORT_TYPE":"2024年中报","PER_NETCASH_OPERATE":-0.021223448801,"PER_OI":0.006526836696,"BPS":-0.050899124477,"BASIC_EPS":-0.04,"DILUTED_EPS":-0.04,"OPERATE_INCOME":34292000,"OPERATE_INCOME_YOY":46.1909025025,"GROSS_PROFIT":18797000,"GROSS_PROFIT_YOY":201.378868045535,"HOLDER_PROFIT":-227765000,"HOLDER_PROFIT_YOY":27.5722480857,"GROSS_PROFIT_RATIO":54.8145340021,"EPS_TTM":-0.116104491816,"OPERATE_INCOME_QOQ":1.151166731653,"NET_PROFIT_RATIO":-665.1609704887,"ROE_AVG":178.470543525531,"GROSS_PROFIT_QOQ":4.860380162219,"ROA":-2.181775372113,"HOLDER_PROFIT_QOQ":12.445028131818,"ROE_YEARLY":356.941087051062,"ROIC_YEARLY":-4.632731473854,"TOTAL_ASSETS":10461663000,"TOTAL_LIABILITIES":10214145000,"TAX_EBT":-0.734430341733,"OCF_SALES":-325.172051790505,"TOTAL_PARENT_EQUITY":-267424000,"DEBT_ASSET_RATIO":97.6340472829,"OPERATE_PROFIT":-71164000,"PRETAX_PROFIT":-226434000,"NETCASH_OPERATE":-111508000,"NETCASH_INVEST":62332000,"NETCASH_FINANCE":63756000,"END_CASH":1249000,"DIVI_RATIO":null,"DIVIDEND_RATE":null,"CURRENT_RATIO":0.667320725209,"COMMON_ACS":10000000000,"CURRENTDEBT_DEBT":99.411502382236,"ISSUED_COMMON_SHARES":5254000000,"HK_COMMON_SHARES":5254000000,"PER_SHARES":2000,"TOTAL_MARKET_CAP":68302000,"HKSK_MARKET_CAP":68302000,"PE_TTM":-0.100845592167,"PB_TTM":-0.233104991923,"REPORT_DATE_SQ":"2023-06-30 00:00:00","REPORT_TYPE_SQ":"2023年中报","OPERATE_INCOME_SQ":23457000,"DPS_HKD":null,"OPERATE_INCOME_QOQ_SQ":-34.278695586369,"NET_PROFIT_RATIO_SQ":-1447.7512043313,"HOLDER_PROFIT_SQ":-314472000,"HOLDER_PROFIT_QOQ_SQ":4.316029639246,"ROE_AVG_SQ":-57.361640342413,"PE_TTM_SQ":-0.463466117891,"PB_TTM_SQ":0.083281633995,"ROA_SQ":-2.517967235807,"START_DATE":"2024-01-01 00:00:00","FISCAL_YEAR":"12-31","CURRENCY":"HKD","IS_CNY_CODE":0,"DPS_HKD_LY":null,"ORG_TYPE":"一般企业","PREMIUM_INCOME":null,"PREMIUM_INCOME_YOY":null,"NET_INTEREST_INCOME":null,"NET_INTEREST_INCOME_YOY":null,"FEE_COMMISSION_INCOME":null,"FEE_COMMISSION_INCOME_YOY":null,"ACCOUNTS_RECE_TDAYS":3.495794892706,"INVENTORY_TDAYS":0.003336590609,"CURRENT_ASSETS_TDAYS":0.005077024812,"TOTAL_ASSETS_TDAYS":0.003284852416,"PREMIUM_EXPENSE":null,"LOAN_DEPOSIT":null,"LOAN_EQUITY":null,"LOAN_ASSETS":null,"DEPOSIT_EQUITY":null,"DEPOSIT_ASSETS":null,"EQUITY_MULTIPLIER":42.266271543487,"EQUITY_RATIO":-38.194571167883},{"SECUCODE":"09968.HK","SECURITY_CODE":"09968","SECURITY_NAME_ABBR":"汇景控股","ORG_CODE":"10000017360","STD_REPORT_DATE":"2023-12-31 00:00:00","REPORT_DATE":"2023-12-31 00:00:00","DATE_TYPE_CODE":"001","REPORT_TYPE":"2023年年报","PER_NETCASH_OPERATE":0.002422915874,"PER_OI":0.179143319376,"BPS":0.00231880472,"BASIC_EPS":-0.13,"DILUTED_EPS":-0.13,"OPERATE_INCOME":941219000,"OPERATE_INCOME_YOY":995.8040818227,"GROSS_PROFIT":258416000,"GROSS_PROFIT_YOY":3625.72087658593,"HOLDER_PROFIT":-696720000,"HOLDER_PROFIT_YOY":71.5936843324,"GROSS_PROFIT_RATIO":27.45545935643,"EPS_TTM":-0.132607537115,"OPERATE_INCOME_QOQ":1567.34986713906,"NET_PROFIT_RATIO":-77.5961811226,"ROE_AVG":-187.070313811042,"GROSS_PROFIT_QOQ":956996.296296296,"ROA":-6.157314289658,"HOLDER_PROFIT_QOQ":70.312356855084,"ROE_YEARLY":-187.070313811042,"ROIC_YEARLY":-6.533688770054,"TOTAL_ASSETS":10417205000,"TOTAL_LIABILITIES":9891786000,"TAX_EBT":-9.871842510256,"OCF_SALES":1.352501383844,"TOTAL_PARENT_EQUITY":12183000,"DEBT_ASSET_RATIO":94.9562382616,"OPERATE_PROFIT":-470821000,"PRETAX_PROFIT":-664729000,"NETCASH_OPERATE":12730000,"NETCASH_INVEST":-27602000,"NETCASH_FINANCE":9618000,"END_CASH":6009000,"DIVI_RATIO":null,"DIVIDEND_RATE":null,"CURRENT_RATIO":0.686203317017,"COMMON_ACS":10000000000,"CURRENTDEBT_DEBT":99.188609620143,"ISSUED_COMMON_SHARES":5254000000,"HK_COMMON_SHARES":5254000000,"PER_SHARES":2000,"TOTAL_MARKET_CAP":115588000,"HKSK_MARKET_CAP":115588000,"PE_TTM":-0.17066177136,"PB_TTM":-0.394485370947,"REPORT_DATE_SQ":"2022-12-31 00:00:00","REPORT_TYPE_SQ":"2022年年报","OPERATE_INCOME_SQ":85893000,"DPS_HKD":null,"OPERATE_INCOME_QOQ_SQ":-96.215385469509,"NET_PROFIT_RATIO_SQ":-3299.3328909224,"HOLDER_PROFIT_SQ":-2452694000,"HOLDER_PROFIT_QOQ_SQ":-393.535547846524,"ROE_AVG_SQ":-120.990559289811,"PE_TTM_SQ":-0.463466117891,"PB_TTM_SQ":0.083281633995,"ROA_SQ":-17.90571664782,"START_DATE":"2023-01-01 00:00:00","FISCAL_YEAR":"12-31","CURRENCY":"HKD","IS_CNY_CODE":0,"DPS_HKD_LY":null,"ORG_TYPE":"一般企业","PREMIUM_INCOME":null,"PREMIUM_INCOME_YOY":null,"NET_INTEREST_INCOME":null,"NET_INTEREST_INCOME_YOY":null,"FEE_COMMISSION_INCOME":null,"FEE_COMMISSION_INCOME_YOY":null,"ACCOUNTS_RECE_TDAYS":61.519592143534,"INVENTORY_TDAYS":0.138680737243,"CURRENT_ASSETS_TDAYS":0.122556089243,"TOTAL_ASSETS_TDAYS":0.083180922012,"PREMIUM_EXPENSE":null,"LOAN_DEPOSIT":null,"LOAN_EQUITY":null,"LOAN_ASSETS":null,"DEPOSIT_EQUITY":null,"DEPOSIT_ASSETS":null,"EQUITY_MULTIPLIER":19.826471825317,"EQUITY_RATIO":811.933513912829},{"SECUCODE":"09968.HK","SECURITY_CODE":"09968","SECURITY_NAME_ABBR":"汇景控股","ORG_CODE":"10000017360","STD_REPORT_DATE":"2023-06-30 00:00:00","REPORT_DATE":"2023-06-30 00:00:00","DATE_TYPE_CODE":"002","REPORT_TYPE":"2023年中报","PER_NETCASH_OPERATE":0.014920441568,"PER_OI":0.004464598401,"BPS":0.069235249334,"BASIC_EPS":-0.06,"DILUTED_EPS":-0.06,"OPERATE_INCOME":23457000,"OPERATE_INCOME_YOY":-55.6578449905,"GROSS_PROFIT":6237000,"GROSS_PROFIT_YOY":-52.555910543131,"HOLDER_PROFIT":-314472000,"HOLDER_PROFIT_YOY":25.1846758864,"GROSS_PROFIT_RATIO":26.589077887198,"EPS_TTM":-0.446675866007,"OPERATE_INCOME_QOQ":-34.278695586369,"NET_PROFIT_RATIO":-1447.7512043313,"ROE_AVG":-57.361640342413,"GROSS_PROFIT_QOQ":-99.610726643599,"ROA":-2.517967235807,"HOLDER_PROFIT_QOQ":4.316029639246,"ROE_YEARLY":-114.723280684826,"ROIC_YEARLY":-5.327755831183,"TOTAL_ASSETS":12764803000,"TOTAL_LIABILITIES":11840189000,"TAX_EBT":2.088553034082,"OCF_SALES":334.194483523042,"TOTAL_PARENT_EQUITY":363762000,"DEBT_ASSET_RATIO":92.7565352947,"OPERATE_PROFIT":-240679000,"PRETAX_PROFIT":-346843000,"NETCASH_OPERATE":78392000,"NETCASH_INVEST":-67538000,"NETCASH_FINANCE":-4579000,"END_CASH":24137000,"DIVI_RATIO":null,"DIVIDEND_RATE":null,"CURRENT_RATIO":0.910116799846,"COMMON_ACS":10000000000,"CURRENTDEBT_DEBT":82.387983840461,"ISSUED_COMMON_SHARES":5254000000,"HK_COMMON_SHARES":5254000000,"PER_SHARES":2000,"TOTAL_MARKET_CAP":115588000,"HKSK_MARKET_CAP":115588000,"PE_TTM":-0.17066177136,"PB_TTM":-0.394485370947,"REPORT_DATE_SQ":"2022-06-30 00:00:00","REPORT_TYPE_SQ":"2022年中报","OPERATE_INCOME_SQ":52900000,"DPS_HKD":null,"OPERATE_INCOME_QOQ_SQ":-57.253587579507,"NET_PROFIT_RATIO_SQ":-800.988657845,"HOLDER_PROFIT_SQ":-420331000,"HOLDER_PROFIT_QOQ_SQ":-294.020457562271,"ROE_AVG_SQ":-13.842181785849,"PE_TTM_SQ":-0.463466117891,"PB_TTM_SQ":0.083281633995,"ROA_SQ":-2.774398042765,"START_DATE":"2023-01-01 00:00:00","FISCAL_YEAR":"12-31","CURRENCY":"HKD","IS_CNY_CODE":0,"DPS_HKD_LY":null,"ORG_TYPE":"一般企业","PREMIUM_INCOME":null,"PREMIUM_INCOME_YOY":null,"NET_INTEREST_INCOME":null,"NET_INTEREST_INCOME_YOY":null,"FEE_COMMISSION_INCOME":null,"FEE_COMMISSION_INCOME_YOY":null,"ACCOUNTS_RECE_TDAYS":1.146144825564,"INVENTORY_TDAYS":0.003067101939,"CURRENT_ASSETS_TDAYS":0.002680003809,"TOTAL_ASSETS_TDAYS":0.00187819448,"PREMIUM_EXPENSE":null,"LOAN_DEPOSIT":null,"LOAN_EQUITY":null,"LOAN_ASSETS":null,"DEPOSIT_EQUITY":null,"DEPOSIT_ASSETS":null,"EQUITY_MULTIPLIER":13.805548044823,"EQUITY_RATIO":32.549273975841},{"SECUCODE":"09968.HK","SECURITY_CODE":"09968","SECURITY_NAME_ABBR":"汇景控股","ORG_CODE":"10000017360","STD_REPORT_DATE":"2022-12-31 00:00:00","REPORT_DATE":"2022-12-31 00:00:00","DATE_TYPE_CODE":"001","REPORT_TYPE":"2022年年报","PER_NETCASH_OPERATE":-0.446715835554,"PER_OI":0.016348115721,"BPS":0.139454130187,"BASIC_EPS":-0.47,"DILUTED_EPS":-0.47,"OPERATE_INCOME":85893000,"OPERATE_INCOME_YOY":-98.3822130643,"GROSS_PROFIT":6936000,"GROSS_PROFIT_YOY":-99.58389475945,"HOLDER_PROFIT":-2452694000,"HOLDER_PROFIT_YOY":-1057.5599281643,"GROSS_PROFIT_RATIO":8.075163284552,"EPS_TTM":-0.466824133993,"OPERATE_INCOME_QOQ":-96.215385469509,"NET_PROFIT_RATIO":-3299.3328909224,"ROE_AVG":-120.990559289811,"GROSS_PROFIT_QOQ":-99.06780834161,"ROA":-17.90571664782,"HOLDER_PROFIT_QOQ":-393.535547846524,"ROE_YEARLY":-120.990559289811,"ROIC_YEARLY":-21.236112388809,"TOTAL_ASSETS":12213441000,"TOTAL_LIABILITIES":10894770000,"TAX_EBT":-0.992103866743,"OCF_SALES":-2732.5218585915,"TOTAL_PARENT_EQUITY":732692000,"DEBT_ASSET_RATIO":89.2031164682,"OPERATE_PROFIT":-2610765000,"PRETAX_PROFIT":-2806057000,"NETCASH_OPERATE":-2347045000,"NETCASH_INVEST":1174346000,"NETCASH_FINANCE":-319020000,"END_CASH":27269000,"DIVI_RATIO":null,"DIVIDEND_RATE":null,"CURRENT_RATIO":1.010521853626,"COMMON_ACS":10000000000,"CURRENTDEBT_DEBT":78.361259576843,"ISSUED_COMMON_SHARES":5254000000,"HK_COMMON_SHARES":5254000000,"PER_SHARES":2000,"TOTAL_MARKET_CAP":115588000,"HKSK_MARKET_CAP":115588000,"PE_TTM":-0.17066177136,"PB_TTM":-0.394485370947,"REPORT_DATE_SQ":"2021-12-31 00:00:00","REPORT_TYPE_SQ":"2021年年报","OPERATE_INCOME_SQ":5309290000,"DPS_HKD":null,"OPERATE_INCOME_QOQ_SQ":-11.045697964953,"NET_PROFIT_RATIO_SQ":10.3666591955,"HOLDER_PROFIT_SQ":256140000,"HOLDER_PROFIT_QOQ_SQ":-53.090403623251,"ROE_AVG_SQ":7.801447169364,"PE_TTM_SQ":-0.463466117891,"PB_TTM_SQ":0.083281633995,"ROA_SQ":1.834734633936,"START_DATE":"2022-01-01 00:00:00","FISCAL_YEAR":"12-31","CURRENCY":"HKD","IS_CNY_CODE":0,"DPS_HKD_LY":0.0248,"ORG_TYPE":"一般企业","PREMIUM_INCOME":null,"PREMIUM_INCOME_YOY":null,"NET_INTEREST_INCOME":null,"NET_INTEREST_INCOME_YOY":null,"FEE_COMMISSION_INCOME":null,"FEE_COMMISSION_INCOME_YOY":null,"ACCOUNTS_RECE_TDAYS":2.94018176528,"INVENTORY_TDAYS":0.014840909499,"CURRENT_ASSETS_TDAYS":0.008225192918,"TOTAL_ASSETS_TDAYS":0.006270556865,"PREMIUM_EXPENSE":null,"LOAN_DEPOSIT":null,"LOAN_EQUITY":null,"LOAN_ASSETS":null,"DEPOSIT_EQUITY":null,"DEPOSIT_ASSETS":null,"EQUITY_MULTIPLIER":9.261931899651,"EQUITY_RATIO":14.869508606618},{"SECUCODE":"09968.HK","SECURITY_CODE":"09968","SECURITY_NAME_ABBR":"汇景控股","ORG_CODE":"10000017360","STD_REPORT_DATE":"2022-06-30 00:00:00","REPORT_DATE":"2022-06-30 00:00:00","DATE_TYPE_CODE":"002","REPORT_TYPE":"2022年中报","PER_NETCASH_OPERATE":-0.185279215836,"PER_OI":0.010068519223,"BPS":0.523701180053,"BASIC_EPS":-0.08,"DILUTED_EPS":-0.08,"OPERATE_INCOME":52900000,"OPERATE_INCOME_YOY":-98.2894978076,"GROSS_PROFIT":13146000,"GROSS_PROFIT_YOY":-98.595481308876,"HOLDER_PROFIT":-420331000,"HOLDER_PROFIT_YOY":-226.3116298498,"GROSS_PROFIT_RATIO":24.850661625709,"EPS_TTM":-0.094587742672,"OPERATE_INCOME_QOQ":-57.253587579507,"NET_PROFIT_RATIO":-800.988657845,"ROE_AVG":-13.842181785849,"GROSS_PROFIT_QOQ":-55.362694269434,"ROA":-2.774398042765,"HOLDER_PROFIT_QOQ":-294.020457562271,"ROE_YEARLY":-27.684363571698,"ROIC_YEARLY":-6.96607965795,"TOTAL_ASSETS":15118487000,"TOTAL_LIABILITIES":11381172000,"TAX_EBT":-7.480893181916,"OCF_SALES":-1840.18336483932,"TOTAL_PARENT_EQUITY":2751526000,"DEBT_ASSET_RATIO":75.2798345496,"OPERATE_PROFIT":-229345000,"PRETAX_PROFIT":-394231000,"NETCASH_OPERATE":-973457000,"NETCASH_INVEST":517331000,"NETCASH_FINANCE":-76006000,"END_CASH":885462000,"DIVI_RATIO":null,"DIVIDEND_RATE":null,"CURRENT_RATIO":1.40814445842,"COMMON_ACS":10000000000,"CURRENTDEBT_DEBT":75.666161622019,"ISSUED_COMMON_SHARES":5254000000,"HK_COMMON_SHARES":5254000000,"PER_SHARES":2000,"TOTAL_MARKET_CAP":115588000,"HKSK_MARKET_CAP":115588000,"PE_TTM":-0.17066177136,"PB_TTM":-0.394485370947,"REPORT_DATE_SQ":"2021-06-30 00:00:00","REPORT_TYPE_SQ":"2021年中报","OPERATE_INCOME_SQ":3092659000,"DPS_HKD":null,"OPERATE_INCOME_QOQ_SQ":15.821640511888,"NET_PROFIT_RATIO_SQ":14.6619785757,"HOLDER_PROFIT_SQ":332773000,"HOLDER_PROFIT_QOQ_SQ":5.746616675317,"ROE_AVG_SQ":9.984863962443,"PE_TTM_SQ":-0.463466117891,"PB_TTM_SQ":0.083281633995,"ROA_SQ":2.293918190227,"START_DATE":"2022-01-01 00:00:00","FISCAL_YEAR":"12-31","CURRENCY":"HKD","IS_CNY_CODE":0,"DPS_HKD_LY":0.0248,"ORG_TYPE":"一般企业","PREMIUM_INCOME":null,"PREMIUM_INCOME_YOY":null,"NET_INTEREST_INCOME":null,"NET_INTEREST_INCOME_YOY":null,"FEE_COMMISSION_INCOME":null,"FEE_COMMISSION_INCOME_YOY":null,"ACCOUNTS_RECE_TDAYS":1.497565394633,"INVENTORY_TDAYS":0.006996276947,"CURRENT_ASSETS_TDAYS":0.004338777132,"TOTAL_ASSETS_TDAYS":0.003491668625,"PREMIUM_EXPENSE":null,"LOAN_DEPOSIT":null,"LOAN_EQUITY":null,"LOAN_ASSETS":null,"DEPOSIT_EQUITY":null,"DEPOSIT_ASSETS":null,"EQUITY_MULTIPLIER":4.045280368396,"EQUITY_RATIO":4.136312722467},{"SECUCODE":"09968.HK","SECURITY_CODE":"09968","SECURITY_NAME_ABBR":"汇景控股","ORG_CODE":"10000017360","STD_REPORT_DATE":"2021-12-31 00:00:00","REPORT_DATE":"2021-12-31 00:00:00","DATE_TYPE_CODE":"001","REPORT_TYPE":"2021年年报","PER_NETCASH_OPERATE":-0.265004187286,"PER_OI":1.010523410735,"BPS":0.632216216216,"BASIC_EPS":0.05,"DILUTED_EPS":0.05,"OPERATE_INCOME":5309290000,"OPERATE_INCOME_YOY":3.0283319229,"GROSS_PROFIT":1666886000,"GROSS_PROFIT_YOY":-6.581756921101,"HOLDER_PROFIT":256140000,"HOLDER_PROFIT_YOY":-50.3946889355,"GROSS_PROFIT_RATIO":31.395648005666,"EPS_TTM":0.048751427484,"OPERATE_INCOME_QOQ":-11.045697964953,"NET_PROFIT_RATIO":10.3666591955,"ROE_AVG":7.801447169364,"GROSS_PROFIT_QOQ":-9.577910982126,"ROA":1.834734633936,"HOLDER_PROFIT_QOQ":-53.090403623251,"ROE_YEARLY":7.801447169364,"ROIC_YEARLY":2.327764701103,"TOTAL_ASSETS":15182212000,"TOTAL_LIABILITIES":10930837000,"TAX_EBT":50.062241190966,"OCF_SALES":-26.224448090046,"TOTAL_PARENT_EQUITY":3321664000,"DEBT_ASSET_RATIO":71.9976575218,"OPERATE_PROFIT":1235931000,"PRETAX_PROFIT":1102164000,"NETCASH_OPERATE":-1392332000,"NETCASH_INVEST":-550541000,"NETCASH_FINANCE":1584659000,"END_CASH":1484290000,"DIVI_RATIO":null,"DIVIDEND_RATE":null,"CURRENT_RATIO":1.422152805936,"COMMON_ACS":10000000000,"CURRENTDEBT_DEBT":78.854848901324,"ISSUED_COMMON_SHARES":5254000000,"HK_COMMON_SHARES":5254000000,"PER_SHARES":2000,"TOTAL_MARKET_CAP":115588000,"HKSK_MARKET_CAP":115588000,"PE_TTM":-0.17066177136,"PB_TTM":-0.394485370947,"REPORT_DATE_SQ":"2020-12-31 00:00:00","REPORT_TYPE_SQ":"2020年年报","OPERATE_INCOME_SQ":5153233000,"DPS_HKD":null,"OPERATE_INCOME_QOQ_SQ":12.842977982709,"NET_PROFIT_RATIO_SQ":14.369115466,"HOLDER_PROFIT_SQ":516356000,"HOLDER_PROFIT_QOQ_SQ":-26.712794419252,"ROE_AVG_SQ":21.378151232671,"PE_TTM_SQ":-0.463466117891,"PB_TTM_SQ":0.083281633995,"ROA_SQ":4.835642961662,"START_DATE":"2021-01-01 00:00:00","FISCAL_YEAR":"12-31","CURRENCY":"HKD","IS_CNY_CODE":0,"DPS_HKD_LY":0.0495,"ORG_TYPE":"一般企业","PREMIUM_INCOME":null,"PREMIUM_INCOME_YOY":null,"NET_INTEREST_INCOME":null,"NET_INTEREST_INCOME_YOY":null,"FEE_COMMISSION_INCOME":null,"FEE_COMMISSION_INCOME_YOY":null,"ACCOUNTS_RECE_TDAYS":112.655611784801,"INVENTORY_TDAYS":0.768415345506,"CURRENT_ASSETS_TDAYS":0.469929600266,"TOTAL_ASSETS_TDAYS":0.380305233256,"PREMIUM_EXPENSE":null,"LOAN_DEPOSIT":null,"LOAN_EQUITY":null,"LOAN_ASSETS":null,"DEPOSIT_EQUITY":null,"DEPOSIT_ASSETS":null,"EQUITY_MULTIPLIER":3.571129810938,"EQUITY_RATIO":3.290771432631},{"SECUCODE":"09968.HK","SECURITY_CODE":"09968","SECURITY_NAME_ABBR":"汇景控股","ORG_CODE":"10000017360","STD_REPORT_DATE":"2021-06-30 00:00:00","REPORT_DATE":"2021-06-30 00:00:00","DATE_TYPE_CODE":"002","REPORT_TYPE":"2021年中报","PER_NETCASH_OPERATE":-0.042474305291,"PER_OI":0.5886294252,"BPS":0.651073277503,"BASIC_EPS":0.06,"DILUTED_EPS":0.06,"OPERATE_INCOME":3092659000,"OPERATE_INCOME_YOY":35.8017909546,"GROSS_PROFIT":935979000,"GROSS_PROFIT_YOY":6.742733975401,"HOLDER_PROFIT":332773000,"HOLDER_PROFIT_YOY":9.7898383372,"GROSS_PROFIT_RATIO":30.264539349472,"EPS_TTM":0.103926341835,"OPERATE_INCOME_QOQ":15.821640511888,"NET_PROFIT_RATIO":14.6619785757,"ROE_AVG":9.984863962443,"GROSS_PROFIT_QOQ":3.313520063038,"ROA":2.293918190227,"HOLDER_PROFIT_QOQ":5.746616675317,"ROE_YEARLY":19.969727924887,"ROIC_YEARLY":5.769765510136,"TOTAL_ASSETS":16274510000,"TOTAL_LIABILITIES":11749380000,"TAX_EBT":37.605007616277,"OCF_SALES":-7.215797150607,"TOTAL_PARENT_EQUITY":3420739000,"DEBT_ASSET_RATIO":72.1949846723,"OPERATE_PROFIT":708037000,"PRETAX_PROFIT":726733000,"NETCASH_OPERATE":-223160000,"NETCASH_INVEST":230260000,"NETCASH_FINANCE":793380000,"END_CASH":2557294000,"DIVI_RATIO":null,"DIVIDEND_RATE":null,"CURRENT_RATIO":1.292543285819,"COMMON_ACS":10000000000,"CURRENTDEBT_DEBT":88.562988004473,"ISSUED_COMMON_SHARES":5254000000,"HK_COMMON_SHARES":5254000000,"PER_SHARES":2000,"TOTAL_MARKET_CAP":115588000,"HKSK_MARKET_CAP":115588000,"PE_TTM":-0.17066177136,"PB_TTM":-0.394485370947,"REPORT_DATE_SQ":"2020-06-30 00:00:00","REPORT_TYPE_SQ":"2020年中报","OPERATE_INCOME_SQ":2277333000,"DPS_HKD":null,"OPERATE_INCOME_QOQ_SQ":26.656351248583,"NET_PROFIT_RATIO_SQ":13.431412973,"HOLDER_PROFIT_SQ":303100000,"HOLDER_PROFIT_QOQ_SQ":14.490810705406,"ROE_AVG_SQ":13.097876921009,"PE_TTM_SQ":-0.463466117891,"PB_TTM_SQ":0.083281633995,"ROA_SQ":3.446186171368,"START_DATE":"2021-01-01 00:00:00","FISCAL_YEAR":"12-31","CURRENCY":"HKD","IS_CNY_CODE":0,"DPS_HKD_LY":0.0495,"ORG_TYPE":"一般企业","PREMIUM_INCOME":null,"PREMIUM_INCOME_YOY":null,"NET_INTEREST_INCOME":null,"NET_INTEREST_INCOME_YOY":null,"FEE_COMMISSION_INCOME":null,"FEE_COMMISSION_INCOME_YOY":null,"ACCOUNTS_RECE_TDAYS":25.140707561741,"INVENTORY_TDAYS":0.511340425194,"CURRENT_ASSETS_TDAYS":0.260023222222,"TOTAL_ASSETS_TDAYS":0.213187570394,"PREMIUM_EXPENSE":null,"LOAN_DEPOSIT":null,"LOAN_EQUITY":null,"LOAN_ASSETS":null,"DEPOSIT_EQUITY":null,"DEPOSIT_ASSETS":null,"EQUITY_MULTIPLIER":3.596473471474,"EQUITY_RATIO":3.43474904107},{"SECUCODE":"09968.HK","SECURITY_CODE":"09968","SECURITY_NAME_ABBR":"汇景控股","ORG_CODE":"10000017360","STD_REPORT_DATE":"2020-12-31 00:00:00","REPORT_DATE":"2020-12-31 00:00:00","DATE_TYPE_CODE":"001","REPORT_TYPE":"2020年年报","PER_NETCASH_OPERATE":-0.037970118005,"PER_OI":0.980820898363,"BPS":0.617588503997,"BASIC_EPS":0.1,"DILUTED_EPS":0.1,"OPERATE_INCOME":5153233000,"OPERATE_INCOME_YOY":42.9227985531,"GROSS_PROFIT":1784326000,"GROSS_PROFIT_YOY":8.47316053344,"HOLDER_PROFIT":516356000,"HOLDER_PROFIT_YOY":-16.0928841873,"GROSS_PROFIT_RATIO":34.625370131721,"EPS_TTM":0.098278644842,"OPERATE_INCOME_QOQ":12.842977982709,"NET_PROFIT_RATIO":14.369115466,"ROE_AVG":21.378151232671,"GROSS_PROFIT_QOQ":-2.974031263407,"ROA":4.835642961662,"HOLDER_PROFIT_QOQ":-26.712794419252,"ROE_YEARLY":21.378151232671,"ROIC_YEARLY":5.556592513446,"TOTAL_ASSETS":12738992000,"TOTAL_LIABILITIES":8909356000,"TAX_EBT":44.288778591092,"OCF_SALES":-3.871259071732,"TOTAL_PARENT_EQUITY":3244810000,"DEBT_ASSET_RATIO":69.9376842375,"OPERATE_PROFIT":1268580000,"PRETAX_PROFIT":1329129000,"NETCASH_OPERATE":-64272000,"NETCASH_INVEST":-418148000,"NETCASH_FINANCE":1787512000,"END_CASH":1696868000,"DIVI_RATIO":null,"DIVIDEND_RATE":null,"CURRENT_RATIO":1.338577521298,"COMMON_ACS":10000000000,"CURRENTDEBT_DEBT":86.68444722604,"ISSUED_COMMON_SHARES":5254000000,"HK_COMMON_SHARES":5254000000,"PER_SHARES":2000,"TOTAL_MARKET_CAP":115588000,"HKSK_MARKET_CAP":115588000,"PE_TTM":-0.17066177136,"PB_TTM":-0.394485370947,"REPORT_DATE_SQ":"2019-12-31 00:00:00","REPORT_TYPE_SQ":"2019年年报","OPERATE_INCOME_SQ":3605606000,"DPS_HKD":null,"OPERATE_INCOME_QOQ_SQ":65.438862375707,"NET_PROFIT_RATIO_SQ":17.1957501735,"HOLDER_PROFIT_SQ":615390000,"HOLDER_PROFIT_QOQ_SQ":64.443411200718,"ROE_AVG_SQ":48.378671058605,"PE_TTM_SQ":-0.463466117891,"PB_TTM_SQ":0.083281633995,"ROA_SQ":6.622370103419,"START_DATE":"2020-01-01 00:00:00","FISCAL_YEAR":"12-31","CURRENCY":"HKD","IS_CNY_CODE":0,"DPS_HKD_LY":0.045,"ORG_TYPE":"一般企业","PREMIUM_INCOME":null,"PREMIUM_INCOME_YOY":null,"NET_INTEREST_INCOME":null,"NET_INTEREST_INCOME_YOY":null,"FEE_COMMISSION_INCOME":null,"FEE_COMMISSION_INCOME_YOY":null,"ACCOUNTS_RECE_TDAYS":60.78144203437,"INVENTORY_TDAYS":0.870561907795,"CURRENT_ASSETS_TDAYS":0.607804813955,"TOTAL_ASSETS_TDAYS":0.482597178812,"PREMIUM_EXPENSE":null,"LOAN_DEPOSIT":null,"LOAN_EQUITY":null,"LOAN_ASSETS":null,"DEPOSIT_EQUITY":null,"DEPOSIT_ASSETS":null,"EQUITY_MULTIPLIER":3.326423712332,"EQUITY_RATIO":2.745725019339},{"SECUCODE":"09968.HK","SECURITY_CODE":"09968","SECURITY_NAME_ABBR":"汇景控股","ORG_CODE":"10000017360","STD_REPORT_DATE":"2020-06-30 00:00:00","REPORT_DATE":"2020-06-30 00:00:00","DATE_TYPE_CODE":"002","REPORT_TYPE":"2020年中报","PER_NETCASH_OPERATE":-0.096173772364,"PER_OI":0.433447468595,"BPS":0.579054434716,"BASIC_EPS":0.06,"DILUTED_EPS":0.06,"OPERATE_INCOME":2277333000,"OPERATE_INCOME_YOY":73.0220101656,"GROSS_PROFIT":876855000,"GROSS_PROFIT_YOY":28.423671942623,"HOLDER_PROFIT":303100000,"HOLDER_PROFIT_YOY":41.6851700362,"GROSS_PROFIT_RATIO":38.503591701345,"EPS_TTM":0.134100685192,"OPERATE_INCOME_QOQ":26.656351248583,"NET_PROFIT_RATIO":13.431412973,"ROE_AVG":13.097876921009,"GROSS_PROFIT_QOQ":11.798070089796,"ROA":3.446186171368,"HOLDER_PROFIT_QOQ":14.490810705406,"ROE_YEARLY":26.195753842019,"ROIC_YEARLY":7.464313482943,"TOTAL_ASSETS":8973202000,"TOTAL_LIABILITIES":5792843000,"TAX_EBT":50.585935606856,"OCF_SALES":-22.188103364769,"TOTAL_PARENT_EQUITY":3042352000,"DEBT_ASSET_RATIO":64.5571447071,"OPERATE_PROFIT":529712000,"PRETAX_PROFIT":619010000,"NETCASH_OPERATE":-461713000,"NETCASH_INVEST":-214059000,"NETCASH_FINANCE":1102126000,"END_CASH":874392000,"DIVI_RATIO":null,"DIVIDEND_RATE":null,"CURRENT_RATIO":1.413855287346,"COMMON_ACS":10000000000,"CURRENTDEBT_DEBT":85.92413086286,"ISSUED_COMMON_SHARES":5254000000,"HK_COMMON_SHARES":5254000000,"PER_SHARES":2000,"TOTAL_MARKET_CAP":115588000,"HKSK_MARKET_CAP":115588000,"PE_TTM":-0.17066177136,"PB_TTM":-0.394485370947,"REPORT_DATE_SQ":"2019-06-30 00:00:00","REPORT_TYPE_SQ":"2019年中报","OPERATE_INCOME_SQ":1316210000,"DPS_HKD":null,"OPERATE_INCOME_QOQ_SQ":-2.637659249967,"NET_PROFIT_RATIO_SQ":16.2056966593,"HOLDER_PROFIT_SQ":213925000,"HOLDER_PROFIT_QOQ_SQ":-7.124048534364,"ROE_AVG_SQ":19.964406102664,"PE_TTM_SQ":-0.463466117891,"PB_TTM_SQ":0.083281633995,"ROA_SQ":2.184025916529,"START_DATE":"2020-01-01 00:00:00","FISCAL_YEAR":"12-31","CURRENCY":"HKD","IS_CNY_CODE":0,"DPS_HKD_LY":0.045,"ORG_TYPE":"一般企业","PREMIUM_INCOME":null,"PREMIUM_INCOME_YOY":null,"NET_INTEREST_INCOME":null,"NET_INTEREST_INCOME_YOY":null,"FEE_COMMISSION_INCOME":null,"FEE_COMMISSION_INCOME_YOY":null,"ACCOUNTS_RECE_TDAYS":25.415244685006,"INVENTORY_TDAYS":0.463398473193,"CURRENT_ASSETS_TDAYS":0.33351896068,"TOTAL_ASSETS_TDAYS":0.258928191758,"PREMIUM_EXPENSE":null,"LOAN_DEPOSIT":null,"LOAN_EQUITY":null,"LOAN_ASSETS":null,"DEPOSIT_EQUITY":null,"DEPOSIT_ASSETS":null,"EQUITY_MULTIPLIER":2.821443113812,"EQUITY_RATIO":1.90406731371}],"count":15},"success":true,"message":"ok","code":0}