{"version":"94dbc5570045ed62a646075107103312","result":{"pages":2,"data":[{"SECUCODE":"09960.HK","SECURITY_CODE":"09960","SECURITY_NAME_ABBR":"康圣环球","ORG_CODE":"10000174730","STD_REPORT_DATE":"2024-06-30 00:00:00","REPORT_DATE":"2024-06-30 00:00:00","DATE_TYPE_CODE":"002","REPORT_TYPE":"2024年中报","PER_NETCASH_OPERATE":-0.071775025793,"PER_OI":0.483610417559,"BPS":2.800488527701,"BASIC_EPS":0.0125,"DILUTED_EPS":0.0124,"OPERATE_INCOME":473335000,"OPERATE_INCOME_YOY":-3.9420813378,"GROSS_PROFIT":225790000,"GROSS_PROFIT_YOY":-7.432764840931,"HOLDER_PROFIT":11895000,"HOLDER_PROFIT_YOY":-72.9548451639,"GROSS_PROFIT_RATIO":47.701944711462,"EPS_TTM":0.009398696972,"OPERATE_INCOME_QOQ":-2.008250108554,"NET_PROFIT_RATIO":2.2242175204,"ROE_AVG":0.412537891839,"GROSS_PROFIT_QOQ":-4.018806150791,"ROA":0.317264002725,"HOLDER_PROFIT_QOQ":-77.718839315991,"ROE_YEARLY":0.825075783679,"ROIC_YEARLY":1.225553012122,"TOTAL_ASSETS":3829278000,"TOTAL_LIABILITIES":912655000,"TAX_EBT":30.134713650541,"OCF_SALES":-14.841497036982,"TOTAL_PARENT_EQUITY":2894751000,"DEBT_ASSET_RATIO":23.8336051861,"OPERATE_PROFIT":19748000,"PRETAX_PROFIT":15069000,"NETCASH_OPERATE":-70250000,"NETCASH_INVEST":-969483000,"NETCASH_FINANCE":133581000,"END_CASH":591146000,"DIVI_RATIO":2.738320862703,"DIVIDEND_RATE":2.201550387597,"CURRENT_RATIO":2.805544114266,"COMMON_ACS":2000000000,"CURRENTDEBT_DEBT":89.117026696835,"ISSUED_COMMON_SHARES":1033659296,"HK_COMMON_SHARES":1033659296,"PER_SHARES":500,"TOTAL_MARKET_CAP":1333420491.84,"HKSK_MARKET_CAP":1333420491.84,"PE_TTM":122.470755608696,"PB_TTM":0.420411363358,"REPORT_DATE_SQ":"2023-06-30 00:00:00","REPORT_TYPE_SQ":"2023年中报","OPERATE_INCOME_SQ":492760000,"DPS_HKD":0.0284,"OPERATE_INCOME_QOQ_SQ":-12.023877264456,"NET_PROFIT_RATIO_SQ":8.8253916714,"HOLDER_PROFIT_SQ":43982000,"HOLDER_PROFIT_QOQ_SQ":-24.588838676332,"ROE_AVG_SQ":1.532589479311,"PE_TTM_SQ":24.573020193354,"PB_TTM_SQ":0.459263765693,"ROA_SQ":1.173085760725,"START_DATE":"2024-01-01 00:00:00","FISCAL_YEAR":"12-31","CURRENCY":"HKD","IS_CNY_CODE":0,"DPS_HKD_LY":0.0284,"ORG_TYPE":"一般企业","PREMIUM_INCOME":null,"PREMIUM_INCOME_YOY":null,"NET_INTEREST_INCOME":null,"NET_INTEREST_INCOME_YOY":null,"FEE_COMMISSION_INCOME":null,"FEE_COMMISSION_INCOME_YOY":null,"ACCOUNTS_RECE_TDAYS":0.819648285541,"INVENTORY_TDAYS":4.990927236436,"CURRENT_ASSETS_TDAYS":0.189697650396,"TOTAL_ASSETS_TDAYS":0.126248135124,"PREMIUM_EXPENSE":null,"LOAN_DEPOSIT":null,"LOAN_EQUITY":null,"LOAN_ASSETS":null,"DEPOSIT_EQUITY":null,"DEPOSIT_ASSETS":null,"EQUITY_MULTIPLIER":1.312914970498,"EQUITY_RATIO":0.31527927618},{"SECUCODE":"09960.HK","SECURITY_CODE":"09960","SECURITY_NAME_ABBR":"康圣环球","ORG_CODE":"10000174730","STD_REPORT_DATE":"2023-12-31 00:00:00","REPORT_DATE":"2023-12-31 00:00:00","DATE_TYPE_CODE":"001","REPORT_TYPE":"2023年年报","PER_NETCASH_OPERATE":-0.014985175464,"PER_OI":0.98068747086,"BPS":2.778470634487,"BASIC_EPS":0.0431,"DILUTED_EPS":0.0425,"OPERATE_INCOME":967260000,"OPERATE_INCOME_YOY":-30.2418665634,"GROSS_PROFIT":451129000,"GROSS_PROFIT_YOY":-25.192727031531,"HOLDER_PROFIT":41286000,"HOLDER_PROFIT_YOY":-45.2853943305,"GROSS_PROFIT_RATIO":46.639889998553,"EPS_TTM":0.041859130866,"OPERATE_INCOME_QOQ":-20.707879288678,"NET_PROFIT_RATIO":3.7680664971,"ROE_AVG":1.449010355339,"GROSS_PROFIT_QOQ":-17.725083391238,"ROA":1.116659789983,"HOLDER_PROFIT_QOQ":-27.444950178374,"ROE_YEARLY":1.449010355339,"ROIC_YEARLY":2.452457135016,"TOTAL_ASSETS":3669209000,"TOTAL_LIABILITIES":774228000,"TAX_EBT":15.869535109182,"OCF_SALES":-1.528027624424,"TOTAL_PARENT_EQUITY":2871992000,"DEBT_ASSET_RATIO":21.1006786476,"OPERATE_PROFIT":51356000,"PRETAX_PROFIT":43322000,"NETCASH_OPERATE":-14780000,"NETCASH_INVEST":854922000,"NETCASH_FINANCE":-82827000,"END_CASH":1472799000,"DIVI_RATIO":0.614839521683,"DIVIDEND_RATE":2.605504587156,"CURRENT_RATIO":3.641684066736,"COMMON_ACS":2000000000,"CURRENTDEBT_DEBT":96.066145889841,"ISSUED_COMMON_SHARES":1033659296,"HK_COMMON_SHARES":1033659296,"PER_SHARES":500,"TOTAL_MARKET_CAP":1126688632.64,"HKSK_MARKET_CAP":1126688632.64,"PE_TTM":103.483041560836,"PB_TTM":0.355231307024,"REPORT_DATE_SQ":"2022-12-31 00:00:00","REPORT_TYPE_SQ":"2022年年报","OPERATE_INCOME_SQ":1386591000,"DPS_HKD":0.0284,"OPERATE_INCOME_QOQ_SQ":20.36850397802,"NET_PROFIT_RATIO_SQ":5.5880933887,"HOLDER_PROFIT_SQ":75457000,"HOLDER_PROFIT_QOQ_SQ":-31.282784496576,"ROE_AVG_SQ":2.720772750374,"PE_TTM_SQ":27.225552165775,"PB_TTM_SQ":0.508838942562,"ROA_SQ":2.18263503928,"START_DATE":"2023-01-01 00:00:00","FISCAL_YEAR":"12-31","CURRENCY":"HKD","IS_CNY_CODE":0,"DPS_HKD_LY":null,"ORG_TYPE":"一般企业","PREMIUM_INCOME":null,"PREMIUM_INCOME_YOY":null,"NET_INTEREST_INCOME":null,"NET_INTEREST_INCOME_YOY":null,"FEE_COMMISSION_INCOME":null,"FEE_COMMISSION_INCOME_YOY":null,"ACCOUNTS_RECE_TDAYS":1.611544017314,"INVENTORY_TDAYS":9.612631069227,"CURRENT_ASSETS_TDAYS":0.354477854662,"TOTAL_ASSETS_TDAYS":0.261614190878,"PREMIUM_EXPENSE":null,"LOAN_DEPOSIT":null,"LOAN_EQUITY":null,"LOAN_ASSETS":null,"DEPOSIT_EQUITY":null,"DEPOSIT_ASSETS":null,"EQUITY_MULTIPLIER":1.267438024636,"EQUITY_RATIO":0.269578745345},{"SECUCODE":"09960.HK","SECURITY_CODE":"09960","SECURITY_NAME_ABBR":"康圣环球","ORG_CODE":"10000174730","STD_REPORT_DATE":"2023-06-30 00:00:00","REPORT_DATE":"2023-06-30 00:00:00","DATE_TYPE_CODE":"002","REPORT_TYPE":"2023年中报","PER_NETCASH_OPERATE":-0.007743546063,"PER_OI":0.500093022011,"BPS":2.818190685531,"BASIC_EPS":0.0431,"DILUTED_EPS":0.0425,"OPERATE_INCOME":492760000,"OPERATE_INCOME_YOY":-25.2807506498,"GROSS_PROFIT":243920000,"GROSS_PROFIT_YOY":-18.327440265724,"HOLDER_PROFIT":43982000,"HOLDER_PROFIT_YOY":-29.6693104772,"GROSS_PROFIT_RATIO":49.500771166491,"EPS_TTM":0.057749803619,"OPERATE_INCOME_QOQ":-12.023877264456,"NET_PROFIT_RATIO":8.8253916714,"ROE_AVG":1.532589479311,"GROSS_PROFIT_QOQ":-9.076452396548,"ROA":1.173085760725,"HOLDER_PROFIT_QOQ":-24.588838676332,"ROE_YEARLY":3.065178958622,"ROIC_YEARLY":5.272710707024,"TOTAL_ASSETS":3773170000,"TOTAL_LIABILITIES":832674000,"TAX_EBT":6.877944325482,"OCF_SALES":-1.548421138079,"TOTAL_PARENT_EQUITY":2913049000,"DEBT_ASSET_RATIO":22.0682874082,"OPERATE_PROFIT":49949000,"PRETAX_PROFIT":46700000,"NETCASH_OPERATE":-7630000,"NETCASH_INVEST":509198000,"NETCASH_FINANCE":-9188000,"END_CASH":1204663000,"DIVI_RATIO":0.445657757897,"DIVIDEND_RATE":2.605504587156,"CURRENT_RATIO":3.57261207603,"COMMON_ACS":2000000000,"CURRENTDEBT_DEBT":96.139425513466,"ISSUED_COMMON_SHARES":1033659296,"HK_COMMON_SHARES":1033659296,"PER_SHARES":500,"TOTAL_MARKET_CAP":1126688632.64,"HKSK_MARKET_CAP":1126688632.64,"PE_TTM":103.483041560836,"PB_TTM":0.355231307024,"REPORT_DATE_SQ":"2022-06-30 00:00:00","REPORT_TYPE_SQ":"2022年中报","OPERATE_INCOME_SQ":659482000,"DPS_HKD":0.0284,"OPERATE_INCOME_QOQ_SQ":23.776557394488,"NET_PROFIT_RATIO_SQ":9.5876763884,"HOLDER_PROFIT_SQ":62536000,"HOLDER_PROFIT_QOQ_SQ":107.549899273255,"ROE_AVG_SQ":2.253954449115,"PE_TTM_SQ":27.225552165775,"PB_TTM_SQ":0.508838942562,"ROA_SQ":1.88086312898,"START_DATE":"2023-01-01 00:00:00","FISCAL_YEAR":"12-31","CURRENCY":"HKD","IS_CNY_CODE":0,"DPS_HKD_LY":null,"ORG_TYPE":"一般企业","PREMIUM_INCOME":null,"PREMIUM_INCOME_YOY":null,"NET_INTEREST_INCOME":null,"NET_INTEREST_INCOME_YOY":null,"FEE_COMMISSION_INCOME":null,"FEE_COMMISSION_INCOME_YOY":null,"ACCOUNTS_RECE_TDAYS":0.806283236521,"INVENTORY_TDAYS":4.515619754475,"CURRENT_ASSETS_TDAYS":0.175710351064,"TOTAL_ASSETS_TDAYS":0.131428707074,"PREMIUM_EXPENSE":null,"LOAN_DEPOSIT":null,"LOAN_EQUITY":null,"LOAN_ASSETS":null,"DEPOSIT_EQUITY":null,"DEPOSIT_ASSETS":null,"EQUITY_MULTIPLIER":1.283174675293,"EQUITY_RATIO":0.285842771611},{"SECUCODE":"09960.HK","SECURITY_CODE":"09960","SECURITY_NAME_ABBR":"康圣环球","ORG_CODE":"10000174730","STD_REPORT_DATE":"2022-12-31 00:00:00","REPORT_DATE":"2022-12-31 00:00:00","DATE_TYPE_CODE":"001","REPORT_TYPE":"2022年年报","PER_NETCASH_OPERATE":0.021696995885,"PER_OI":1.405374840998,"BPS":2.734477415274,"BASIC_EPS":0.0949,"DILUTED_EPS":0.0922,"OPERATE_INCOME":1386591000,"OPERATE_INCOME_YOY":48.9879904112,"GROSS_PROFIT":603055000,"GROSS_PROFIT_YOY":24.144142289561,"HOLDER_PROFIT":75457000,"HOLDER_PROFIT_YOY":105.1880805539,"GROSS_PROFIT_RATIO":43.491916506021,"EPS_TTM":0.076479199257,"OPERATE_INCOME_QOQ":20.36850397802,"NET_PROFIT_RATIO":5.5880933887,"ROE_AVG":2.720772750374,"GROSS_PROFIT_QOQ":9.512360329996,"ROA":2.18263503928,"HOLDER_PROFIT_QOQ":-31.282784496576,"ROE_YEARLY":2.720772750374,"ROIC_YEARLY":5.277730080166,"TOTAL_ASSETS":3725344000,"TOTAL_LIABILITIES":871615000,"TAX_EBT":6.999855970042,"OCF_SALES":1.543858282651,"TOTAL_PARENT_EQUITY":2826518000,"DEBT_ASSET_RATIO":23.3968997225,"OPERATE_PROFIT":85833000,"PRETAX_PROFIT":83316000,"NETCASH_OPERATE":21407000,"NETCASH_INVEST":-1345153000,"NETCASH_FINANCE":97644000,"END_CASH":680359000,"DIVI_RATIO":0.336518272288,"DIVIDEND_RATE":2.605504587156,"CURRENT_RATIO":3.190517588587,"COMMON_ACS":2000000000,"CURRENTDEBT_DEBT":98.845591230073,"ISSUED_COMMON_SHARES":1033659296,"HK_COMMON_SHARES":1033659296,"PER_SHARES":500,"TOTAL_MARKET_CAP":1126688632.64,"HKSK_MARKET_CAP":1126688632.64,"PE_TTM":103.483041560836,"PB_TTM":0.355231307024,"REPORT_DATE_SQ":"2021-12-31 00:00:00","REPORT_TYPE_SQ":"2021年年报","OPERATE_INCOME_SQ":930673000,"DPS_HKD":0.0284,"OPERATE_INCOME_QOQ_SQ":3.399149851457,"NET_PROFIT_RATIO_SQ":-156.2561716091,"HOLDER_PROFIT_SQ":-1454430000,"HOLDER_PROFIT_QOQ_SQ":38.979616239042,"ROE_AVG_SQ":-331.905163433222,"PE_TTM_SQ":27.225552165775,"PB_TTM_SQ":0.508838942562,"ROA_SQ":-61.03462124191,"START_DATE":"2022-01-01 00:00:00","FISCAL_YEAR":"12-31","CURRENCY":"HKD","IS_CNY_CODE":0,"DPS_HKD_LY":null,"ORG_TYPE":"一般企业","PREMIUM_INCOME":null,"PREMIUM_INCOME_YOY":null,"NET_INTEREST_INCOME":null,"NET_INTEREST_INCOME_YOY":null,"FEE_COMMISSION_INCOME":null,"FEE_COMMISSION_INCOME_YOY":null,"ACCOUNTS_RECE_TDAYS":2.8501444506,"INVENTORY_TDAYS":14.311551914664,"CURRENT_ASSETS_TDAYS":0.512890403642,"TOTAL_ASSETS_TDAYS":0.401079038625,"PREMIUM_EXPENSE":null,"LOAN_DEPOSIT":null,"LOAN_EQUITY":null,"LOAN_ASSETS":null,"DEPOSIT_EQUITY":null,"DEPOSIT_ASSETS":null,"EQUITY_MULTIPLIER":1.305430193266,"EQUITY_RATIO":0.308370581755},{"SECUCODE":"09960.HK","SECURITY_CODE":"09960","SECURITY_NAME_ABBR":"康圣环球","ORG_CODE":"10000174730","STD_REPORT_DATE":"2022-06-30 00:00:00","REPORT_DATE":"2022-06-30 00:00:00","DATE_TYPE_CODE":"002","REPORT_TYPE":"2022年中报","PER_NETCASH_OPERATE":-0.007834373348,"PER_OI":0.663408860341,"BPS":2.736673496719,"BASIC_EPS":0.07,"DILUTED_EPS":0.06,"OPERATE_INCOME":659482000,"OPERATE_INCOME_YOY":50.4979461433,"GROSS_PROFIT":298656000,"GROSS_PROFIT_YOY":27.765632954443,"HOLDER_PROFIT":62536000,"HOLDER_PROFIT_YOY":104.1643415271,"GROSS_PROFIT_RATIO":45.286452094219,"EPS_TTM":0.110461847535,"OPERATE_INCOME_QOQ":23.776557394488,"NET_PROFIT_RATIO":9.5876763884,"ROE_AVG":2.253954449115,"GROSS_PROFIT_QOQ":13.360849784878,"ROA":1.88086312898,"HOLDER_PROFIT_QOQ":107.549899273255,"ROE_YEARLY":4.507908898229,"ROIC_YEARLY":6.299840831705,"TOTAL_ASSETS":3460754000,"TOTAL_LIABILITIES":606089000,"TAX_EBT":13.064580440252,"OCF_SALES":-1.180926848648,"TOTAL_PARENT_EQUITY":2828788000,"DEBT_ASSET_RATIO":17.5132066596,"OPERATE_PROFIT":73142000,"PRETAX_PROFIT":72731000,"NETCASH_OPERATE":-7788000,"NETCASH_INVEST":-1264170000,"NETCASH_FINANCE":-12270000,"END_CASH":577748000,"DIVI_RATIO":0.232991286804,"DIVIDEND_RATE":2.605504587156,"CURRENT_RATIO":4.559425556602,"COMMON_ACS":2000000000,"CURRENTDEBT_DEBT":97.976864783885,"ISSUED_COMMON_SHARES":1033659296,"HK_COMMON_SHARES":1033659296,"PER_SHARES":500,"TOTAL_MARKET_CAP":1126688632.64,"HKSK_MARKET_CAP":1126688632.64,"PE_TTM":103.483041560836,"PB_TTM":0.355231307024,"REPORT_DATE_SQ":"2021-06-30 00:00:00","REPORT_TYPE_SQ":"2021年中报","OPERATE_INCOME_SQ":438200000,"DPS_HKD":0.0284,"OPERATE_INCOME_QOQ_SQ":0.974544279671,"NET_PROFIT_RATIO_SQ":-342.1627110908,"HOLDER_PROFIT_SQ":-1501702000,"HOLDER_PROFIT_QOQ_SQ":-144.709040882117,"ROE_AVG_SQ":57.984656501121,"PE_TTM_SQ":27.225552165775,"PB_TTM_SQ":0.508838942562,"ROA_SQ":-98.119258157455,"START_DATE":"2022-01-01 00:00:00","FISCAL_YEAR":"12-31","CURRENCY":"HKD","IS_CNY_CODE":0,"DPS_HKD_LY":null,"ORG_TYPE":"一般企业","PREMIUM_INCOME":null,"PREMIUM_INCOME_YOY":null,"NET_INTEREST_INCOME":null,"NET_INTEREST_INCOME_YOY":null,"FEE_COMMISSION_INCOME":null,"FEE_COMMISSION_INCOME_YOY":null,"ACCOUNTS_RECE_TDAYS":1.498036258237,"INVENTORY_TDAYS":7.075713305226,"CURRENT_ASSETS_TDAYS":0.245814974361,"TOTAL_ASSETS_TDAYS":0.198349011454,"PREMIUM_EXPENSE":null,"LOAN_DEPOSIT":null,"LOAN_EQUITY":null,"LOAN_ASSETS":null,"DEPOSIT_EQUITY":null,"DEPOSIT_ASSETS":null,"EQUITY_MULTIPLIER":1.212315280427,"EQUITY_RATIO":0.214257484124},{"SECUCODE":"09960.HK","SECURITY_CODE":"09960","SECURITY_NAME_ABBR":"康圣环球","ORG_CODE":"10000174730","STD_REPORT_DATE":"2021-12-31 00:00:00","REPORT_DATE":"2021-12-31 00:00:00","DATE_TYPE_CODE":"001","REPORT_TYPE":"2021年年报","PER_NETCASH_OPERATE":0.075403091975,"PER_OI":1.031569674505,"BPS":2.631635985403,"BASIC_EPS":-2.93,"DILUTED_EPS":-2.93,"OPERATE_INCOME":930673000,"OPERATE_INCOME_YOY":4.4068203516,"GROSS_PROFIT":485770000,"GROSS_PROFIT_YOY":5.377445057388,"HOLDER_PROFIT":-1454430000,"HOLDER_PROFIT_YOY":-49.322395844,"GROSS_PROFIT_RATIO":52.195561706421,"EPS_TTM":-1.612108529731,"OPERATE_INCOME_QOQ":3.399149851457,"NET_PROFIT_RATIO":-156.2561716091,"ROE_AVG":-331.905163433222,"GROSS_PROFIT_QOQ":0.908188235099,"ROA":-61.03462124191,"HOLDER_PROFIT_QOQ":38.979616239042,"ROE_YEARLY":-331.905163433222,"ROIC_YEARLY":-158.102590637528,"TOTAL_ASSETS":3188959000,"TOTAL_LIABILITIES":464151000,"TAX_EBT":-0.016918984201,"OCF_SALES":7.309549111235,"TOTAL_PARENT_EQUITY":2720215000,"DEBT_ASSET_RATIO":14.5549378339,"OPERATE_PROFIT":-1452180000,"PRETAX_PROFIT":-1453988000,"NETCASH_OPERATE":68028000,"NETCASH_INVEST":-666059000,"NETCASH_FINANCE":1587024000,"END_CASH":1796700000,"DIVI_RATIO":-0.015964587697,"DIVIDEND_RATE":2.605504587156,"CURRENT_RATIO":5.875534080586,"COMMON_ACS":2000000000,"CURRENTDEBT_DEBT":97.471081609218,"ISSUED_COMMON_SHARES":1033659296,"HK_COMMON_SHARES":1033659296,"PER_SHARES":500,"TOTAL_MARKET_CAP":1126688632.64,"HKSK_MARKET_CAP":1126688632.64,"PE_TTM":103.483041560836,"PB_TTM":0.355231307024,"REPORT_DATE_SQ":"2020-12-31 00:00:00","REPORT_TYPE_SQ":"2020年年报","OPERATE_INCOME_SQ":891391000,"DPS_HKD":0.0284,"OPERATE_INCOME_QOQ_SQ":3.54656970936,"NET_PROFIT_RATIO_SQ":-108.8321510987,"HOLDER_PROFIT_SQ":-974020000,"HOLDER_PROFIT_QOQ_SQ":-266.500854147696,"ROE_AVG_SQ":73.568493391245,"PE_TTM_SQ":27.225552165775,"PB_TTM_SQ":0.508838942562,"ROA_SQ":-86.912449551214,"START_DATE":"2021-01-01 00:00:00","FISCAL_YEAR":"12-31","CURRENCY":"HKD","IS_CNY_CODE":0,"DPS_HKD_LY":null,"ORG_TYPE":"一般企业","PREMIUM_INCOME":null,"PREMIUM_INCOME_YOY":null,"NET_INTEREST_INCOME":null,"NET_INTEREST_INCOME_YOY":null,"FEE_COMMISSION_INCOME":null,"FEE_COMMISSION_INCOME_YOY":null,"ACCOUNTS_RECE_TDAYS":2.865685750752,"INVENTORY_TDAYS":9.289229452234,"CURRENT_ASSETS_TDAYS":0.463782480852,"TOTAL_ASSETS_TDAYS":0.390553509313,"PREMIUM_EXPENSE":null,"LOAN_DEPOSIT":null,"LOAN_EQUITY":null,"LOAN_ASSETS":null,"DEPOSIT_EQUITY":null,"DEPOSIT_ASSETS":null,"EQUITY_MULTIPLIER":1.170342644325,"EQUITY_RATIO":0.170630262681},{"SECUCODE":"09960.HK","SECURITY_CODE":"09960","SECURITY_NAME_ABBR":"康圣环球","ORG_CODE":"10000174730","STD_REPORT_DATE":"2021-06-30 00:00:00","REPORT_DATE":"2021-06-30 00:00:00","DATE_TYPE_CODE":"002","REPORT_TYPE":"2021年中报","PER_NETCASH_OPERATE":0.710577922218,"PER_OI":12.058058533702,"BPS":-3.227224882424,"BASIC_EPS":-10.33,"DILUTED_EPS":-10.33,"OPERATE_INCOME":438200000,"OPERATE_INCOME_YOY":2.0225231832,"GROSS_PROFIT":233753000,"GROSS_PROFIT_YOY":9.570349120636,"HOLDER_PROFIT":-1501702000,"HOLDER_PROFIT_YOY":-1528.6203867385,"GROSS_PROFIT_RATIO":53.34390689183,"EPS_TTM":-65.587775869365,"OPERATE_INCOME_QOQ":0.974544279671,"NET_PROFIT_RATIO":-342.1627110908,"ROE_AVG":57.984656501121,"GROSS_PROFIT_QOQ":4.429032866864,"ROA":-98.119258157455,"HOLDER_PROFIT_QOQ":-144.709040882117,"ROE_YEARLY":115.969313002242,"ROIC_YEARLY":-370.852197062352,"TOTAL_ASSETS":1484014000,"TOTAL_LIABILITIES":4808133000,"TAX_EBT":-0.040700665289,"OCF_SALES":5.892971246006,"TOTAL_PARENT_EQUITY":-3335851000,"DEBT_ASSET_RATIO":323.9951240352,"OPERATE_PROFIT":-1497626000,"PRETAX_PROFIT":-1498747000,"NETCASH_OPERATE":25823000,"NETCASH_INVEST":-173145000,"NETCASH_FINANCE":-117362000,"END_CASH":568896000,"DIVI_RATIO":-0.000392400072,"DIVIDEND_RATE":2.605504587156,"CURRENT_RATIO":2.754221345998,"COMMON_ACS":2000000000,"CURRENTDEBT_DEBT":9.209583012783,"ISSUED_COMMON_SHARES":1033659296,"HK_COMMON_SHARES":1033659296,"PER_SHARES":500,"TOTAL_MARKET_CAP":1126688632.64,"HKSK_MARKET_CAP":1126688632.64,"PE_TTM":103.483041560836,"PB_TTM":0.355231307024,"REPORT_DATE_SQ":"2020-06-30 00:00:00","REPORT_TYPE_SQ":"2020年中报","OPERATE_INCOME_SQ":429513000,"DPS_HKD":0.0284,"OPERATE_INCOME_QOQ_SQ":0,"NET_PROFIT_RATIO_SQ":-21.14790472,"HOLDER_PROFIT_SQ":-92207000,"HOLDER_PROFIT_QOQ_SQ":0,"ROE_AVG_SQ":null,"PE_TTM_SQ":27.225552165775,"PB_TTM_SQ":0.508838942562,"ROA_SQ":null,"START_DATE":"2021-01-01 00:00:00","FISCAL_YEAR":"12-31","CURRENCY":"HKD","IS_CNY_CODE":0,"DPS_HKD_LY":null,"ORG_TYPE":"一般企业","PREMIUM_INCOME":null,"PREMIUM_INCOME_YOY":null,"NET_INTEREST_INCOME":null,"NET_INTEREST_INCOME_YOY":null,"FEE_COMMISSION_INCOME":null,"FEE_COMMISSION_INCOME_YOY":null,"ACCOUNTS_RECE_TDAYS":1.356486261011,"INVENTORY_TDAYS":4.578675087342,"CURRENT_ASSETS_TDAYS":0.340372117915,"TOTAL_ASSETS_TDAYS":0.286314188332,"PREMIUM_EXPENSE":null,"LOAN_DEPOSIT":null,"LOAN_EQUITY":null,"LOAN_ASSETS":null,"DEPOSIT_EQUITY":null,"DEPOSIT_ASSETS":null,"EQUITY_MULTIPLIER":-0.446438289363,"EQUITY_RATIO":-1.441351247403},{"SECUCODE":"09960.HK","SECURITY_CODE":"09960","SECURITY_NAME_ABBR":"康圣环球","ORG_CODE":"10000174730","STD_REPORT_DATE":"2020-12-31 00:00:00","REPORT_DATE":"2020-12-31 00:00:00","DATE_TYPE_CODE":"001","REPORT_TYPE":"2020年年报","PER_NETCASH_OPERATE":0.495177896488,"PER_OI":6.008509437913,"BPS":-1.783761832487,"BASIC_EPS":-8.69,"DILUTED_EPS":-8.69,"OPERATE_INCOME":891391000,"OPERATE_INCOME_YOY":7.0365794059,"GROSS_PROFIT":460981000,"GROSS_PROFIT_YOY":1.938683897447,"HOLDER_PROFIT":-974020000,"HOLDER_PROFIT_YOY":-473.6683393408,"GROSS_PROFIT_RATIO":51.714791825361,"EPS_TTM":-6.565478407025,"OPERATE_INCOME_QOQ":3.54656970936,"NET_PROFIT_RATIO":-108.8321510987,"ROE_AVG":73.568493391245,"GROSS_PROFIT_QOQ":4.5443515375,"ROA":-86.912449551214,"HOLDER_PROFIT_QOQ":-266.500854147696,"ROE_YEARLY":73.568493391245,"ROIC_YEARLY":-146.849657081431,"TOTAL_ASSETS":1576959000,"TOTAL_LIABILITIES":3411374000,"TAX_EBT":-0.807189053486,"OCF_SALES":8.241276835867,"TOTAL_PARENT_EQUITY":-1843802000,"DEBT_ASSET_RATIO":216.3261061321,"OPERATE_PROFIT":-960025000,"PRETAX_PROFIT":-962352000,"NETCASH_OPERATE":73462000,"NETCASH_INVEST":-121960000,"NETCASH_FINANCE":851925000,"END_CASH":841227000,"DIVI_RATIO":-0.003919995833,"DIVIDEND_RATE":2.605504587156,"CURRENT_RATIO":2.553862070135,"COMMON_ACS":2000000000,"CURRENTDEBT_DEBT":15.555638285336,"ISSUED_COMMON_SHARES":1033659296,"HK_COMMON_SHARES":1033659296,"PER_SHARES":500,"TOTAL_MARKET_CAP":1126688632.64,"HKSK_MARKET_CAP":1126688632.64,"PE_TTM":103.483041560836,"PB_TTM":0.355231307024,"REPORT_DATE_SQ":"2019-12-31 00:00:00","REPORT_TYPE_SQ":"2019年年报","OPERATE_INCOME_SQ":832791000,"DPS_HKD":0.0284,"OPERATE_INCOME_QOQ_SQ":17.92532448223,"NET_PROFIT_RATIO_SQ":-20.3630923005,"HOLDER_PROFIT_SQ":-169788000,"HOLDER_PROFIT_QOQ_SQ":-222.337396058777,"ROE_AVG_SQ":23.80939359583,"PE_TTM_SQ":27.225552165775,"PB_TTM_SQ":0.508838942562,"ROA_SQ":-27.363976276431,"START_DATE":"2020-01-01 00:00:00","FISCAL_YEAR":"12-31","CURRENCY":"HKD","IS_CNY_CODE":0,"DPS_HKD_LY":null,"ORG_TYPE":"一般企业","PREMIUM_INCOME":null,"PREMIUM_INCOME_YOY":null,"NET_INTEREST_INCOME":null,"NET_INTEREST_INCOME_YOY":null,"FEE_COMMISSION_INCOME":null,"FEE_COMMISSION_INCOME_YOY":null,"ACCOUNTS_RECE_TDAYS":3.252213253067,"INVENTORY_TDAYS":9.992106790482,"CURRENT_ASSETS_TDAYS":0.989685582354,"TOTAL_ASSETS_TDAYS":0.795394091681,"PREMIUM_EXPENSE":null,"LOAN_DEPOSIT":null,"LOAN_EQUITY":null,"LOAN_ASSETS":null,"DEPOSIT_EQUITY":null,"DEPOSIT_ASSETS":null,"EQUITY_MULTIPLIER":-0.859652259712,"EQUITY_RATIO":-1.850184564286},{"SECUCODE":"09960.HK","SECURITY_CODE":"09960","SECURITY_NAME_ABBR":"康圣环球","ORG_CODE":"10000174730","STD_REPORT_DATE":"2020-09-30 00:00:00","REPORT_DATE":"2020-09-30 00:00:00","DATE_TYPE_CODE":"004","REPORT_TYPE":"2020年三季报","PER_NETCASH_OPERATE":0.543468935393,"PER_OI":6.252035260393,"BPS":-0.966553489981,"BASIC_EPS":-8.19,"DILUTED_EPS":-8.19,"OPERATE_INCOME":653654000,"OPERATE_INCOME_YOY":4.4868403175,"GROSS_PROFIT":332923000,"GROSS_PROFIT_YOY":-3.274606762465,"HOLDER_PROFIT":-218535000,"HOLDER_PROFIT_YOY":-78.3071286951,"GROSS_PROFIT_RATIO":50.932603487472,"EPS_TTM":-2.541946342978,"OPERATE_INCOME_QOQ":3.370473504157,"NET_PROFIT_RATIO":-33.2871825155,"ROE_AVG":24.238414562459,"GROSS_PROFIT_QOQ":-2.492404038796,"ROA":-27.056473354261,"HOLDER_PROFIT_QOQ":-56.525785096709,"ROE_YEARLY":32.317886083278,"ROIC_YEARLY":-33.790135788305,"TOTAL_ASSETS":950976000,"TOTAL_LIABILITIES":1943624000,"TAX_EBT":-2.067784683945,"OCF_SALES":8.692672270039,"TOTAL_PARENT_EQUITY":-999087000,"DEBT_ASSET_RATIO":204.3820243623,"OPERATE_PROFIT":null,"PRETAX_PROFIT":-213175000,"NETCASH_OPERATE":56820000,"NETCASH_INVEST":-28951000,"NETCASH_FINANCE":165409000,"END_CASH":251262000,"DIVI_RATIO":-0.010124780199,"DIVIDEND_RATE":2.605504587156,"CURRENT_RATIO":1.574447007302,"COMMON_ACS":2000000000,"CURRENTDEBT_DEBT":24.201954699057,"ISSUED_COMMON_SHARES":1033659296,"HK_COMMON_SHARES":1033659296,"PER_SHARES":500,"TOTAL_MARKET_CAP":1126688632.64,"HKSK_MARKET_CAP":1126688632.64,"PE_TTM":103.483041560836,"PB_TTM":0.355231307024,"REPORT_DATE_SQ":"2019-09-30 00:00:00","REPORT_TYPE_SQ":"2019年三季报","OPERATE_INCOME_SQ":625585000,"DPS_HKD":0.0284,"OPERATE_INCOME_QOQ_SQ":0,"NET_PROFIT_RATIO_SQ":-19.487679532,"HOLDER_PROFIT_SQ":-122561000,"HOLDER_PROFIT_QOQ_SQ":0,"ROE_AVG_SQ":null,"PE_TTM_SQ":27.225552165775,"PB_TTM_SQ":0.508838942562,"ROA_SQ":null,"START_DATE":"2020-01-01 00:00:00","FISCAL_YEAR":"12-31","CURRENCY":"HKD","IS_CNY_CODE":0,"DPS_HKD_LY":null,"ORG_TYPE":"一般企业","PREMIUM_INCOME":null,"PREMIUM_INCOME_YOY":null,"NET_INTEREST_INCOME":null,"NET_INTEREST_INCOME_YOY":null,"FEE_COMMISSION_INCOME":null,"FEE_COMMISSION_INCOME_YOY":null,"ACCOUNTS_RECE_TDAYS":2.409948696962,"INVENTORY_TDAYS":7.417374914721,"CURRENT_ASSETS_TDAYS":1.101596897043,"TOTAL_ASSETS_TDAYS":0.809278698328,"PREMIUM_EXPENSE":null,"LOAN_DEPOSIT":null,"LOAN_EQUITY":null,"LOAN_ASSETS":null,"DEPOSIT_EQUITY":null,"DEPOSIT_ASSETS":null,"EQUITY_MULTIPLIER":-0.958019358323,"EQUITY_RATIO":-1.945400150337}],"count":13},"success":true,"message":"ok","code":0}