{"version":"0d1f3af7368aabf3abd7e05d5c3d4877","result":{"pages":4,"data":[{"SECUCODE":"09963.HK","SECURITY_CODE":"09963","SECURITY_NAME_ABBR":"高科桥","ORG_CODE":"10584043","STD_REPORT_DATE":"2024-06-30 00:00:00","REPORT_DATE":"2024-06-30 00:00:00","DATE_TYPE_CODE":"002","REPORT_TYPE":"2024年中报","PER_NETCASH_OPERATE":-0.006925837077,"PER_OI":0.255732936,"BPS":1.471359510462,"BASIC_EPS":-0.04837204,"DILUTED_EPS":null,"OPERATE_INCOME":66490563.36,"OPERATE_INCOME_YOY":-29.2396752011,"GROSS_PROFIT":-2517171.44,"GROSS_PROFIT_YOY":-117.887571844817,"HOLDER_PROFIT":-12485462.4,"HOLDER_PROFIT_YOY":-373.2174955063,"GROSS_PROFIT_RATIO":-3.785757426014,"EPS_TTM":-0.289619527308,"OPERATE_INCOME_QOQ":-18.010179365577,"NET_PROFIT_RATIO":-18.7777960797,"ROE_AVG":-3.14657809632,"GROSS_PROFIT_QOQ":-104.815906416603,"ROA":-2.758075637402,"HOLDER_PROFIT_QOQ":-29.384937219419,"ROE_YEARLY":-6.293156192641,"ROIC_YEARLY":-5.641737308669,"TOTAL_ASSETS":433422605.2,"TOTAL_LIABILITIES":50869132.48,"TAX_EBT":3.444381705251,"OCF_SALES":-2.70823038489,"TOTAL_PARENT_EQUITY":382553472.72,"DEBT_ASSET_RATIO":11.7366126893,"OPERATE_PROFIT":-12191579.44,"PRETAX_PROFIT":-12930850.24,"NETCASH_OPERATE":-1800717.64,"NETCASH_INVEST":-111346.96,"NETCASH_FINANCE":-5232394.44,"END_CASH":6929979.24,"DIVI_RATIO":null,"DIVIDEND_RATE":null,"CURRENT_RATIO":4.150941687794,"COMMON_ACS":1000000000,"CURRENTDEBT_DEBT":99.074206975743,"ISSUED_COMMON_SHARES":260000000,"HK_COMMON_SHARES":260000000,"PER_SHARES":2000,"TOTAL_MARKET_CAP":93600000,"HKSK_MARKET_CAP":93600000,"PE_TTM":-1.128948606303,"PB_TTM":0.22330694685,"REPORT_DATE_SQ":"2023-06-30 00:00:00","REPORT_TYPE_SQ":"2023年中报","OPERATE_INCOME_SQ":94923372.88,"DPS_HKD":null,"OPERATE_INCOME_QOQ_SQ":3.323840387882,"NET_PROFIT_RATIO_SQ":4.8632425502,"HOLDER_PROFIT_SQ":4616353.86,"HOLDER_PROFIT_QOQ_SQ":12.249044612232,"ROE_AVG_SQ":0.978797605689,"PE_TTM_SQ":-1.087691069992,"PB_TTM_SQ":0.132503552703,"ROA_SQ":0.834155215844,"START_DATE":"2024-01-01 00:00:00","FISCAL_YEAR":"12-31","CURRENCY":"HKD","IS_CNY_CODE":0,"DPS_HKD_LY":null,"ORG_TYPE":"一般企业","PREMIUM_INCOME":null,"PREMIUM_INCOME_YOY":null,"NET_INTEREST_INCOME":null,"NET_INTEREST_INCOME_YOY":null,"FEE_COMMISSION_INCOME":null,"FEE_COMMISSION_INCOME_YOY":null,"ACCOUNTS_RECE_TDAYS":1.824721352536,"INVENTORY_TDAYS":1.41614301902,"CURRENT_ASSETS_TDAYS":0.302944741652,"TOTAL_ASSETS_TDAYS":0.146879624515,"PREMIUM_EXPENSE":null,"LOAN_DEPOSIT":null,"LOAN_EQUITY":null,"LOAN_ASSETS":null,"DEPOSIT_EQUITY":null,"DEPOSIT_ASSETS":null,"EQUITY_MULTIPLIER":1.132972606727,"EQUITY_RATIO":0.132972606727},{"SECUCODE":"09963.HK","SECURITY_CODE":"09963","SECURITY_NAME_ABBR":"高科桥","ORG_CODE":"10584043","STD_REPORT_DATE":"2023-12-31 00:00:00","REPORT_DATE":"2023-12-31 00:00:00","DATE_TYPE_CODE":"001","REPORT_TYPE":"2023年年报","PER_NETCASH_OPERATE":-0.018842405077,"PER_OI":0.607195283692,"BPS":1.569719429385,"BASIC_EPS":-0.22383634,"DILUTED_EPS":null,"OPERATE_INCOME":157870773.76,"OPERATE_INCOME_YOY":-25.1532740717,"GROSS_PROFIT":15827132.3,"GROSS_PROFIT_YOY":-40.662440447082,"HOLDER_PROFIT":-58199260.84,"HOLDER_PROFIT_YOY":9.3165772381,"GROSS_PROFIT_RATIO":10.02537196914,"EPS_TTM":-0.223843310923,"OPERATE_INCOME_QOQ":-26.51086059384,"NET_PROFIT_RATIO":-36.865126745,"ROE_AVG":-13.334039255501,"GROSS_PROFIT_QOQ":-47.49839677559,"ROA":-11.393535762471,"HOLDER_PROFIT_QOQ":-4.839983585691,"ROE_YEARLY":-13.334039255501,"ROIC_YEARLY":-12.178342113148,"TOTAL_ASSETS":468611799.32,"TOTAL_LIABILITIES":60484747.68,"TAX_EBT":1.570953453799,"OCF_SALES":-3.103186994857,"TOTAL_PARENT_EQUITY":408127051.64,"DEBT_ASSET_RATIO":12.9072182493,"OPERATE_PROFIT":-57414474.32,"PRETAX_PROFIT":-59128136.34,"NETCASH_OPERATE":-4899025.32,"NETCASH_INVEST":-16142496.86,"NETCASH_FINANCE":-18427983.7,"END_CASH":13130221.58,"DIVI_RATIO":null,"DIVIDEND_RATE":null,"CURRENT_RATIO":3.80346890675,"COMMON_ACS":1000000000,"CURRENTDEBT_DEBT":99.16696631907,"ISSUED_COMMON_SHARES":260000000,"HK_COMMON_SHARES":260000000,"PER_SHARES":2000,"TOTAL_MARKET_CAP":119600000,"HKSK_MARKET_CAP":119600000,"PE_TTM":-1.442545441388,"PB_TTM":0.285336654308,"REPORT_DATE_SQ":"2022-12-31 00:00:00","REPORT_TYPE_SQ":"2022年年报","OPERATE_INCOME_SQ":207911272.31,"DPS_HKD":null,"OPERATE_INCOME_QOQ_SQ":42.824437350443,"NET_PROFIT_RATIO_SQ":-30.4271051286,"HOLDER_PROFIT_SQ":-63261381.4,"HOLDER_PROFIT_QOQ_SQ":17.504479547499,"ROE_AVG_SQ":-12.780140794491,"PE_TTM_SQ":-1.380530973451,"PB_TTM_SQ":0.168177586122,"ROA_SQ":-10.654214184006,"START_DATE":"2023-01-01 00:00:00","FISCAL_YEAR":"12-31","CURRENCY":"HKD","IS_CNY_CODE":0,"DPS_HKD_LY":null,"ORG_TYPE":"一般企业","PREMIUM_INCOME":null,"PREMIUM_INCOME_YOY":null,"NET_INTEREST_INCOME":null,"NET_INTEREST_INCOME_YOY":null,"FEE_COMMISSION_INCOME":null,"FEE_COMMISSION_INCOME_YOY":null,"ACCOUNTS_RECE_TDAYS":3.518749305675,"INVENTORY_TDAYS":2.679253023375,"CURRENT_ASSETS_TDAYS":0.707325886857,"TOTAL_ASSETS_TDAYS":0.309059991609,"PREMIUM_EXPENSE":null,"LOAN_DEPOSIT":null,"LOAN_EQUITY":null,"LOAN_ASSETS":null,"DEPOSIT_EQUITY":null,"DEPOSIT_ASSETS":null,"EQUITY_MULTIPLIER":1.148200780706,"EQUITY_RATIO":0.148200780705},{"SECUCODE":"09963.HK","SECURITY_CODE":"09963","SECURITY_NAME_ABBR":"高科桥","ORG_CODE":"10584043","STD_REPORT_DATE":"2023-06-30 00:00:00","REPORT_DATE":"2023-06-30 00:00:00","DATE_TYPE_CODE":"002","REPORT_TYPE":"2023年中报","PER_NETCASH_OPERATE":0.018205558923,"PER_OI":0.365089895692,"BPS":1.809119794231,"BASIC_EPS":0.01751762,"DILUTED_EPS":null,"OPERATE_INCOME":94923372.88,"OPERATE_INCOME_YOY":0.0388666485,"GROSS_PROFIT":14072180.74,"GROSS_PROFIT_YOY":32.766130786662,"HOLDER_PROFIT":4616353.86,"HOLDER_PROFIT_YOY":236.6912366912,"GROSS_PROFIT_RATIO":14.824779517464,"EPS_TTM":-0.213509486808,"OPERATE_INCOME_QOQ":3.323840387882,"NET_PROFIT_RATIO":4.8632425502,"ROE_AVG":0.978797605689,"GROSS_PROFIT_QOQ":13.020471583103,"ROA":0.834155215844,"HOLDER_PROFIT_QOQ":12.249044612232,"ROE_YEARLY":1.957595211379,"ROIC_YEARLY":1.810653455321,"TOTAL_ASSETS":544208836.78,"TOTAL_LIABILITIES":73837690.28,"TAX_EBT":16.730417428904,"OCF_SALES":4.986596215859,"TOTAL_PARENT_EQUITY":470371146.5,"DEBT_ASSET_RATIO":13.5678962357,"OPERATE_PROFIT":6450172.08,"PRETAX_PROFIT":5543865.74,"NETCASH_OPERATE":4733445.32,"NETCASH_INVEST":-6799602.5,"NETCASH_FINANCE":-17685420.36,"END_CASH":33390427.68,"DIVI_RATIO":null,"DIVIDEND_RATE":null,"CURRENT_RATIO":2.840391575349,"COMMON_ACS":1000000000,"CURRENTDEBT_DEBT":99.36318457658,"ISSUED_COMMON_SHARES":260000000,"HK_COMMON_SHARES":260000000,"PER_SHARES":2000,"TOTAL_MARKET_CAP":119600000,"HKSK_MARKET_CAP":119600000,"PE_TTM":-1.442545441388,"PB_TTM":0.285336654308,"REPORT_DATE_SQ":"2022-06-30 00:00:00","REPORT_TYPE_SQ":"2022年中报","OPERATE_INCOME_SQ":88012734.04,"DPS_HKD":null,"OPERATE_INCOME_QOQ_SQ":14.1729379663,"NET_PROFIT_RATIO_SQ":-3.559213339,"HOLDER_PROFIT_SQ":-3132560.97,"HOLDER_PROFIT_QOQ_SQ":-7.410990360689,"ROE_AVG_SQ":-0.62550588621,"PE_TTM_SQ":-1.380530973451,"PB_TTM_SQ":0.168177586122,"ROA_SQ":-0.530501673839,"START_DATE":"2023-01-01 00:00:00","FISCAL_YEAR":"12-31","CURRENCY":"HKD","IS_CNY_CODE":0,"DPS_HKD_LY":null,"ORG_TYPE":"一般企业","PREMIUM_INCOME":null,"PREMIUM_INCOME_YOY":null,"NET_INTEREST_INCOME":null,"NET_INTEREST_INCOME_YOY":null,"FEE_COMMISSION_INCOME":null,"FEE_COMMISSION_INCOME_YOY":null,"ACCOUNTS_RECE_TDAYS":2.066580355082,"INVENTORY_TDAYS":1.446697241652,"CURRENT_ASSETS_TDAYS":0.441052552665,"TOTAL_ASSETS_TDAYS":0.171522437393,"PREMIUM_EXPENSE":null,"LOAN_DEPOSIT":null,"LOAN_EQUITY":null,"LOAN_ASSETS":null,"DEPOSIT_EQUITY":null,"DEPOSIT_ASSETS":null,"EQUITY_MULTIPLIER":1.156977507717,"EQUITY_RATIO":0.156977507718},{"SECUCODE":"09963.HK","SECURITY_CODE":"09963","SECURITY_NAME_ABBR":"高科桥","ORG_CODE":"10584043","STD_REPORT_DATE":"2022-12-31 00:00:00","REPORT_DATE":"2022-12-31 00:00:00","DATE_TYPE_CODE":"001","REPORT_TYPE":"2022年年报","PER_NETCASH_OPERATE":0.189747726269,"PER_OI":0.799658739654,"BPS":1.762205263808,"BASIC_EPS":-0.243326748,"DILUTED_EPS":null,"OPERATE_INCOME":207911272.31,"OPERATE_INCOME_YOY":49.2532623681,"GROSS_PROFIT":26673042.2,"GROSS_PROFIT_YOY":67.351923176924,"HOLDER_PROFIT":-63261381.4,"HOLDER_PROFIT_YOY":18.8969434615,"GROSS_PROFIT_RATIO":12.829050538554,"EPS_TTM":-0.243313005385,"OPERATE_INCOME_QOQ":42.824437350443,"NET_PROFIT_RATIO":-30.4271051286,"ROE_AVG":-12.780140794491,"GROSS_PROFIT_QOQ":56.194893595584,"ROA":-10.654214184006,"HOLDER_PROFIT_QOQ":17.504479547499,"ROE_YEARLY":-12.780140794491,"ROIC_YEARLY":-11.265705693381,"TOTAL_ASSETS":545104618.45,"TOTAL_LIABILITIES":86931249.86,"TAX_EBT":-3.90868008686,"OCF_SALES":23.728587816269,"TOTAL_PARENT_EQUITY":458173368.59,"DEBT_ASSET_RATIO":15.947626734,"OPERATE_PROFIT":-58762873.68,"PRETAX_PROFIT":-60881710.12,"NETCASH_OPERATE":49334408.83,"NETCASH_INVEST":-441275.38,"NETCASH_FINANCE":-11479412.77,"END_CASH":51952583.2,"DIVI_RATIO":null,"DIVIDEND_RATE":null,"CURRENT_RATIO":2.494050639466,"COMMON_ACS":1000000000,"CURRENTDEBT_DEBT":99.226247970571,"ISSUED_COMMON_SHARES":260000000,"HK_COMMON_SHARES":260000000,"PER_SHARES":2000,"TOTAL_MARKET_CAP":119600000,"HKSK_MARKET_CAP":119600000,"PE_TTM":-1.442545441388,"PB_TTM":0.285336654308,"REPORT_DATE_SQ":"2021-12-31 00:00:00","REPORT_TYPE_SQ":"2021年年报","OPERATE_INCOME_SQ":127500632,"DPS_HKD":null,"OPERATE_INCOME_QOQ_SQ":-27.12780624829,"NET_PROFIT_RATIO_SQ":-55.9947417359,"HOLDER_PROFIT_SQ":-71393649.6,"HOLDER_PROFIT_QOQ_SQ":-405.238828515725,"ROE_AVG_SQ":-13.307983631916,"PE_TTM_SQ":-1.380530973451,"PB_TTM_SQ":0.168177586122,"ROA_SQ":-11.730914811454,"START_DATE":"2022-01-01 00:00:00","FISCAL_YEAR":"12-31","CURRENCY":"HKD","IS_CNY_CODE":0,"DPS_HKD_LY":null,"ORG_TYPE":"一般企业","PREMIUM_INCOME":null,"PREMIUM_INCOME_YOY":null,"NET_INTEREST_INCOME":null,"NET_INTEREST_INCOME_YOY":null,"FEE_COMMISSION_INCOME":null,"FEE_COMMISSION_INCOME_YOY":null,"ACCOUNTS_RECE_TDAYS":1.947226858417,"INVENTORY_TDAYS":3.128940225773,"CURRENT_ASSETS_TDAYS":0.803444324011,"TOTAL_ASSETS_TDAYS":0.350155367688,"PREMIUM_EXPENSE":null,"LOAN_DEPOSIT":null,"LOAN_EQUITY":null,"LOAN_ASSETS":null,"DEPOSIT_EQUITY":null,"DEPOSIT_ASSETS":null,"EQUITY_MULTIPLIER":1.189734401473,"EQUITY_RATIO":0.189734401472},{"SECUCODE":"09963.HK","SECURITY_CODE":"09963","SECURITY_NAME_ABBR":"高科桥","ORG_CODE":"10584043","STD_REPORT_DATE":"2022-06-30 00:00:00","REPORT_DATE":"2022-06-30 00:00:00","DATE_TYPE_CODE":"002","REPORT_TYPE":"2022年中报","PER_NETCASH_OPERATE":0.056593842846,"PER_OI":0.338510515538,"BPS":1.894071522808,"BASIC_EPS":-0.01197266,"DILUTED_EPS":null,"OPERATE_INCOME":88012734.04,"OPERATE_INCOME_YOY":22.4359660706,"GROSS_PROFIT":10599224.86,"GROSS_PROFIT_YOY":12.033668664056,"HOLDER_PROFIT":-3132560.97,"HOLDER_PROFIT_YOY":-241.2104857363,"GROSS_PROFIT_RATIO":12.042831046679,"EPS_TTM":-0.294940869577,"OPERATE_INCOME_QOQ":14.1729379663,"NET_PROFIT_RATIO":-3.559213339,"ROE_AVG":-0.62550588621,"GROSS_PROFIT_QOQ":7.143018138754,"ROA":-0.530501673839,"HOLDER_PROFIT_QOQ":-7.410990360689,"ROE_YEARLY":-1.25101177242,"ROIC_YEARLY":-1.083825611483,"TOTAL_ASSETS":565934810.35,"TOTAL_LIABILITIES":73476214.42,"TAX_EBT":5.446566855963,"OCF_SALES":16.718488864705,"TOTAL_PARENT_EQUITY":492458595.93,"DEBT_ASSET_RATIO":12.9831586742,"OPERATE_PROFIT":-2170472.22,"PRETAX_PROFIT":-3313006.06,"NETCASH_OPERATE":14714399.14,"NETCASH_INVEST":2081532.46,"NETCASH_FINANCE":-15456704.06,"END_CASH":12895410.01,"DIVI_RATIO":null,"DIVIDEND_RATE":null,"CURRENT_RATIO":3.677156494652,"COMMON_ACS":1000000000,"CURRENTDEBT_DEBT":98.269280011173,"ISSUED_COMMON_SHARES":260000000,"HK_COMMON_SHARES":260000000,"PER_SHARES":2000,"TOTAL_MARKET_CAP":119600000,"HKSK_MARKET_CAP":119600000,"PE_TTM":-1.442545441388,"PB_TTM":0.285336654308,"REPORT_DATE_SQ":"2021-06-30 00:00:00","REPORT_TYPE_SQ":"2021年中报","OPERATE_INCOME_SQ":69942148.56,"DPS_HKD":null,"OPERATE_INCOME_QOQ_SQ":-20.842627882127,"NET_PROFIT_RATIO_SQ":3.0860011659,"HOLDER_PROFIT_SQ":2158415.52,"HOLDER_PROFIT_QOQ_SQ":-1.561004001238,"ROE_AVG_SQ":0.367210144286,"PE_TTM_SQ":-1.380530973451,"PB_TTM_SQ":0.168177586122,"ROA_SQ":0.334813145482,"START_DATE":"2022-01-01 00:00:00","FISCAL_YEAR":"12-31","CURRENCY":"HKD","IS_CNY_CODE":0,"DPS_HKD_LY":null,"ORG_TYPE":"一般企业","PREMIUM_INCOME":null,"PREMIUM_INCOME_YOY":null,"NET_INTEREST_INCOME":null,"NET_INTEREST_INCOME_YOY":null,"FEE_COMMISSION_INCOME":null,"FEE_COMMISSION_INCOME_YOY":null,"ACCOUNTS_RECE_TDAYS":0.58565010428,"INVENTORY_TDAYS":1.480411797895,"CURRENT_ASSETS_TDAYS":0.317144723705,"TOTAL_ASSETS_TDAYS":0.149050260073,"PREMIUM_EXPENSE":null,"LOAN_DEPOSIT":null,"LOAN_EQUITY":null,"LOAN_ASSETS":null,"DEPOSIT_EQUITY":null,"DEPOSIT_ASSETS":null,"EQUITY_MULTIPLIER":1.149202826446,"EQUITY_RATIO":0.149202826445},{"SECUCODE":"09963.HK","SECURITY_CODE":"09963","SECURITY_NAME_ABBR":"高科桥","ORG_CODE":"10584043","STD_REPORT_DATE":"2021-12-31 00:00:00","REPORT_DATE":"2021-12-31 00:00:00","DATE_TYPE_CODE":"001","REPORT_TYPE":"2021年年报","PER_NETCASH_OPERATE":-0.146089396923,"PER_OI":0.490387046154,"BPS":1.872193938462,"BASIC_EPS":-0.27463184,"DILUTED_EPS":null,"OPERATE_INCOME":127500632,"OPERATE_INCOME_YOY":-40.6202046279,"GROSS_PROFIT":15938294.4,"GROSS_PROFIT_YOY":-55.553811824263,"HOLDER_PROFIT":-71393649.6,"HOLDER_PROFIT_YOY":-409.3089157309,"GROSS_PROFIT_RATIO":12.500561095258,"EPS_TTM":-0.27459096,"OPERATE_INCOME_QOQ":-27.12780624829,"NET_PROFIT_RATIO":-55.9947417359,"ROE_AVG":-13.307983631916,"GROSS_PROFIT_QOQ":-46.563732260638,"ROA":-11.730914811454,"HOLDER_PROFIT_QOQ":-405.238828515725,"ROE_YEARLY":-13.307983631916,"ROIC_YEARLY":-12.076649611752,"TOTAL_ASSETS":588011379.2,"TOTAL_LIABILITIES":101240955.2,"TAX_EBT":15.940508278783,"OCF_SALES":-29.790631312322,"TOTAL_PARENT_EQUITY":486770424,"DEBT_ASSET_RATIO":17.2175163239,"OPERATE_PROFIT":-83193252.8,"PRETAX_PROFIT":-84932288,"NETCASH_OPERATE":-37983243.2,"NETCASH_INVEST":-1708784,"NETCASH_FINANCE":28313488,"END_CASH":11446400,"DIVI_RATIO":null,"DIVIDEND_RATE":null,"CURRENT_RATIO":2.7652762009,"COMMON_ACS":1000000000,"CURRENTDEBT_DEBT":98.87100551576,"ISSUED_COMMON_SHARES":260000000,"HK_COMMON_SHARES":260000000,"PER_SHARES":2000,"TOTAL_MARKET_CAP":119600000,"HKSK_MARKET_CAP":119600000,"PE_TTM":-1.442545441388,"PB_TTM":0.285336654308,"REPORT_DATE_SQ":"2020-12-31 00:00:00","REPORT_TYPE_SQ":"2020年年报","OPERATE_INCOME_SQ":221034021.72,"DPS_HKD":null,"OPERATE_INCOME_QOQ_SQ":-24.268748551924,"NET_PROFIT_RATIO_SQ":10.7496296973,"HOLDER_PROFIT_SQ":23760338.84,"HOLDER_PROFIT_QOQ_SQ":47.05609367395,"ROE_AVG_SQ":4.014881413734,"PE_TTM_SQ":-1.380530973451,"PB_TTM_SQ":0.168177586122,"ROA_SQ":3.596007973862,"START_DATE":"2021-01-01 00:00:00","FISCAL_YEAR":"12-31","CURRENCY":"HKD","IS_CNY_CODE":0,"DPS_HKD_LY":null,"ORG_TYPE":"一般企业","PREMIUM_INCOME":null,"PREMIUM_INCOME_YOY":null,"NET_INTEREST_INCOME":null,"NET_INTEREST_INCOME_YOY":null,"FEE_COMMISSION_INCOME":null,"FEE_COMMISSION_INCOME_YOY":null,"ACCOUNTS_RECE_TDAYS":0.619565714013,"INVENTORY_TDAYS":2.514345206287,"CURRENT_ASSETS_TDAYS":0.384023423841,"TOTAL_ASSETS_TDAYS":0.209500293202,"PREMIUM_EXPENSE":null,"LOAN_DEPOSIT":null,"LOAN_EQUITY":null,"LOAN_ASSETS":null,"DEPOSIT_EQUITY":null,"DEPOSIT_ASSETS":null,"EQUITY_MULTIPLIER":1.207985017595,"EQUITY_RATIO":0.207985017594},{"SECUCODE":"09963.HK","SECURITY_CODE":"09963","SECURITY_NAME_ABBR":"高科桥","ORG_CODE":"10584043","STD_REPORT_DATE":"2021-06-30 00:00:00","REPORT_DATE":"2021-06-30 00:00:00","DATE_TYPE_CODE":"002","REPORT_TYPE":"2021年中报","PER_NETCASH_OPERATE":-0.168153767077,"PER_OI":0.269008263692,"BPS":2.226998113846,"BASIC_EPS":0.0083208,"DILUTED_EPS":null,"OPERATE_INCOME":69942148.56,"OPERATE_INCOME_YOY":-33.8159914964,"GROSS_PROFIT":9460749.6,"GROSS_PROFIT_YOY":-38.938360130273,"HOLDER_PROFIT":2158415.52,"HOLDER_PROFIT_YOY":-6.3199711087,"GROSS_PROFIT_RATIO":13.526535565152,"EPS_TTM":0.089959380769,"OPERATE_INCOME_QOQ":-20.842627882127,"NET_PROFIT_RATIO":3.0860011659,"ROE_AVG":0.367210144286,"GROSS_PROFIT_QOQ":-16.8239286611,"ROA":0.334813145482,"HOLDER_PROFIT_QOQ":-1.561004001238,"ROE_YEARLY":0.734420288573,"ROIC_YEARLY":0.685860084807,"TOTAL_ASSETS":649005758.4,"TOTAL_LIABILITIES":69986248.8,"TAX_EBT":24.527203956939,"OCF_SALES":-62.508773808249,"TOTAL_PARENT_EQUITY":579019509.6,"DEBT_ASSET_RATIO":10.7836098361,"OPERATE_PROFIT":3373252.32,"PRETAX_PROFIT":2859858.96,"NETCASH_OPERATE":-43719979.44,"NETCASH_INVEST":-483438.48,"NETCASH_FINANCE":27392073.6,"END_CASH":6703236.48,"DIVI_RATIO":null,"DIVIDEND_RATE":null,"CURRENT_RATIO":6.330857545386,"COMMON_ACS":1000000000,"CURRENTDEBT_DEBT":96.203780763286,"ISSUED_COMMON_SHARES":260000000,"HK_COMMON_SHARES":260000000,"PER_SHARES":2000,"TOTAL_MARKET_CAP":119600000,"HKSK_MARKET_CAP":119600000,"PE_TTM":-1.442545441388,"PB_TTM":0.285336654308,"REPORT_DATE_SQ":"2020-06-30 00:00:00","REPORT_TYPE_SQ":"2020年中报","OPERATE_INCOME_SQ":116011447.2,"DPS_HKD":null,"OPERATE_INCOME_QOQ_SQ":-4.604801769915,"NET_PROFIT_RATIO_SQ":2.1802291248,"HOLDER_PROFIT_SQ":2529315.36,"HOLDER_PROFIT_QOQ_SQ":-14.294787111593,"ROE_AVG_SQ":0.404286104326,"PE_TTM_SQ":-1.380530973451,"PB_TTM_SQ":0.168177586122,"ROA_SQ":0.359378660383,"START_DATE":"2021-01-01 00:00:00","FISCAL_YEAR":"12-31","CURRENCY":"HKD","IS_CNY_CODE":0,"DPS_HKD_LY":null,"ORG_TYPE":"一般企业","PREMIUM_INCOME":null,"PREMIUM_INCOME_YOY":null,"NET_INTEREST_INCOME":null,"NET_INTEREST_INCOME_YOY":null,"FEE_COMMISSION_INCOME":null,"FEE_COMMISSION_INCOME_YOY":null,"ACCOUNTS_RECE_TDAYS":0.262007141087,"INVENTORY_TDAYS":1.8035133861,"CURRENT_ASSETS_TDAYS":0.170520383654,"TOTAL_ASSETS_TDAYS":0.108494173361,"PREMIUM_EXPENSE":null,"LOAN_DEPOSIT":null,"LOAN_EQUITY":null,"LOAN_ASSETS":null,"DEPOSIT_EQUITY":null,"DEPOSIT_ASSETS":null,"EQUITY_MULTIPLIER":1.120870277494,"EQUITY_RATIO":0.120870277494},{"SECUCODE":"09963.HK","SECURITY_CODE":"09963","SECURITY_NAME_ABBR":"高科桥","ORG_CODE":"10584043","STD_REPORT_DATE":"2020-12-31 00:00:00","REPORT_DATE":"2020-12-31 00:00:00","DATE_TYPE_CODE":"001","REPORT_TYPE":"2020年年报","PER_NETCASH_OPERATE":-0.164343158308,"PER_OI":0.850130852769,"BPS":2.320806114615,"BASIC_EPS":0.091402104,"DILUTED_EPS":null,"OPERATE_INCOME":221034021.72,"OPERATE_INCOME_YOY":-29.1668801903,"GROSS_PROFIT":35859755.48,"GROSS_PROFIT_YOY":-52.71844073548,"HOLDER_PROFIT":23760338.84,"HOLDER_PROFIT_YOY":-21.0608729693,"GROSS_PROFIT_RATIO":16.223636162865,"EPS_TTM":0.091385918615,"OPERATE_INCOME_QOQ":-24.268748551924,"NET_PROFIT_RATIO":10.7496296973,"ROE_AVG":4.014881413734,"GROSS_PROFIT_QOQ":-37.515471725995,"ROA":3.596007973862,"HOLDER_PROFIT_QOQ":47.05609367395,"ROE_YEARLY":4.014881413734,"ROIC_YEARLY":4.016960849181,"TOTAL_ASSETS":647676487.24,"TOTAL_LIABILITIES":44266897.44,"TAX_EBT":14.464475079533,"OCF_SALES":-19.331513233799,"TOTAL_PARENT_EQUITY":603409589.8,"DEBT_ASSET_RATIO":6.834723556,"OPERATE_PROFIT":32767570.12,"PRETAX_PROFIT":27778328.2,"NETCASH_OPERATE":-42729221.16,"NETCASH_INVEST":-31447036.96,"NETCASH_FINANCE":-13961965.96,"END_CASH":24087736.8,"DIVI_RATIO":null,"DIVIDEND_RATE":null,"CURRENT_RATIO":10.020183641518,"COMMON_ACS":1000000000,"CURRENTDEBT_DEBT":89.866149517074,"ISSUED_COMMON_SHARES":260000000,"HK_COMMON_SHARES":260000000,"PER_SHARES":2000,"TOTAL_MARKET_CAP":119600000,"HKSK_MARKET_CAP":119600000,"PE_TTM":-1.442545441388,"PB_TTM":0.285336654308,"REPORT_DATE_SQ":"2019-12-31 00:00:00","REPORT_TYPE_SQ":"2019年年报","OPERATE_INCOME_SQ":332122080.14,"DPS_HKD":null,"OPERATE_INCOME_QOQ_SQ":4.41884479685,"NET_PROFIT_RATIO_SQ":9.6457845038,"HOLDER_PROFIT_SQ":32035780.14,"HOLDER_PROFIT_QOQ_SQ":19.406823220026,"ROE_AVG_SQ":5.417126134532,"PE_TTM_SQ":-1.380530973451,"PB_TTM_SQ":0.168177586122,"ROA_SQ":4.708808459344,"START_DATE":"2020-01-01 00:00:00","FISCAL_YEAR":"12-31","CURRENCY":"HKD","IS_CNY_CODE":0,"DPS_HKD_LY":null,"ORG_TYPE":"一般企业","PREMIUM_INCOME":null,"PREMIUM_INCOME_YOY":null,"NET_INTEREST_INCOME":null,"NET_INTEREST_INCOME_YOY":null,"FEE_COMMISSION_INCOME":null,"FEE_COMMISSION_INCOME_YOY":null,"ACCOUNTS_RECE_TDAYS":0.878564044921,"INVENTORY_TDAYS":4.091379903488,"CURRENT_ASSETS_TDAYS":0.530404180657,"TOTAL_ASSETS_TDAYS":0.334523892926,"PREMIUM_EXPENSE":null,"LOAN_DEPOSIT":null,"LOAN_EQUITY":null,"LOAN_ASSETS":null,"DEPOSIT_EQUITY":null,"DEPOSIT_ASSETS":null,"EQUITY_MULTIPLIER":1.07336127597,"EQUITY_RATIO":0.07336127597},{"SECUCODE":"09963.HK","SECURITY_CODE":"09963","SECURITY_NAME_ABBR":"高科桥","ORG_CODE":"10584043","STD_REPORT_DATE":"2020-06-30 00:00:00","REPORT_DATE":"2020-06-30 00:00:00","DATE_TYPE_CODE":"002","REPORT_TYPE":"2020年中报","PER_NETCASH_OPERATE":-0.169119902769,"PER_OI":0.446197873846,"BPS":2.390574363692,"BASIC_EPS":0.01004784,"DILUTED_EPS":null,"OPERATE_INCOME":116011447.2,"OPERATE_INCOME_YOY":-28.5062906358,"GROSS_PROFIT":15493769.28,"GROSS_PROFIT_YOY":-54.358888957873,"HOLDER_PROFIT":2529315.36,"HOLDER_PROFIT_YOY":-86.7676574596,"GROSS_PROFIT_RATIO":13.35537970946,"EPS_TTM":0.062143578231,"OPERATE_INCOME_QOQ":-4.604801769915,"NET_PROFIT_RATIO":2.1802291248,"ROE_AVG":0.404286104326,"GROSS_PROFIT_QOQ":-13.899749615826,"ROA":0.359378660383,"HOLDER_PROFIT_QOQ":-14.294787111593,"ROE_YEARLY":0.808572208652,"ROIC_YEARLY":0.81244338166,"TOTAL_ASSETS":676314629.76,"TOTAL_LIABILITIES":54765295.2,"TAX_EBT":24.240766073871,"OCF_SALES":-37.902444785638,"TOTAL_PARENT_EQUITY":621549334.56,"DEBT_ASSET_RATIO":8.0976061718,"OPERATE_PROFIT":4026443.52,"PRETAX_PROFIT":3338623.2,"NETCASH_OPERATE":-43971174.72,"NETCASH_INVEST":-26594805.6,"NETCASH_FINANCE":-12175241.76,"END_CASH":38161696.32,"DIVI_RATIO":null,"DIVIDEND_RATE":null,"CURRENT_RATIO":8.836205539817,"COMMON_ACS":1000000000,"CURRENTDEBT_DEBT":84.783587690768,"ISSUED_COMMON_SHARES":260000000,"HK_COMMON_SHARES":260000000,"PER_SHARES":2000,"TOTAL_MARKET_CAP":119600000,"HKSK_MARKET_CAP":119600000,"PE_TTM":-1.442545441388,"PB_TTM":0.285336654308,"REPORT_DATE_SQ":"2019-06-30 00:00:00","REPORT_TYPE_SQ":"2019年中报","OPERATE_INCOME_SQ":156267200.7,"DPS_HKD":null,"OPERATE_INCOME_QOQ_SQ":-13.071601413006,"NET_PROFIT_RATIO_SQ":11.7796729432,"HOLDER_PROFIT_SQ":18407765.16,"HOLDER_PROFIT_QOQ_SQ":-24.918085489855,"ROE_AVG_SQ":3.222383911179,"PE_TTM_SQ":-1.380530973451,"PB_TTM_SQ":0.168177586122,"ROA_SQ":2.849579358184,"START_DATE":"2020-01-01 00:00:00","FISCAL_YEAR":"12-31","CURRENCY":"HKD","IS_CNY_CODE":0,"DPS_HKD_LY":null,"ORG_TYPE":"一般企业","PREMIUM_INCOME":null,"PREMIUM_INCOME_YOY":null,"NET_INTEREST_INCOME":null,"NET_INTEREST_INCOME_YOY":null,"FEE_COMMISSION_INCOME":null,"FEE_COMMISSION_INCOME_YOY":null,"ACCOUNTS_RECE_TDAYS":0.471119997329,"INVENTORY_TDAYS":1.617922517092,"CURRENT_ASSETS_TDAYS":0.262998499725,"TOTAL_ASSETS_TDAYS":0.164835271802,"PREMIUM_EXPENSE":null,"LOAN_DEPOSIT":null,"LOAN_EQUITY":null,"LOAN_ASSETS":null,"DEPOSIT_EQUITY":null,"DEPOSIT_ASSETS":null,"EQUITY_MULTIPLIER":1.088110938513,"EQUITY_RATIO":0.088110938513}],"count":29},"success":true,"message":"ok","code":0}