{"version":"cb03cff04489715e50890f8d3705f26d","result":{"pages":2,"data":[{"SECUCODE":"09977.HK","SECURITY_CODE":"09977","SECURITY_NAME_ABBR":"凤祥股份","ORG_CODE":"10000057566","STD_REPORT_DATE":"2024-06-30 00:00:00","REPORT_DATE":"2024-06-30 00:00:00","DATE_TYPE_CODE":"002","REPORT_TYPE":"2024年中报","PER_NETCASH_OPERATE":0.202312876512,"PER_OI":1.676992805592,"BPS":1.950387406938,"BASIC_EPS":0.04,"DILUTED_EPS":0.04,"OPERATE_INCOME":2654039000,"OPERATE_INCOME_YOY":8.9263280588,"GROSS_PROFIT":237414000,"GROSS_PROFIT_YOY":-15.878353240477,"HOLDER_PROFIT":60094000,"HOLDER_PROFIT_YOY":-26.7994396735,"GROSS_PROFIT_RATIO":8.945384751317,"EPS_TTM":0.087397969573,"OPERATE_INCOME_QOQ":4.236005093579,"NET_PROFIT_RATIO":2.2642470589,"ROE_AVG":1.963844015348,"GROSS_PROFIT_QOQ":-7.576618440106,"ROA":1.185927124435,"HOLDER_PROFIT_QOQ":-13.723298498162,"ROE_YEARLY":3.927688030695,"ROIC_YEARLY":2.495596338787,"TOTAL_ASSETS":5077452000,"TOTAL_LIABILITIES":1989310000,"TAX_EBT":-186.844868735084,"OCF_SALES":12.064027695147,"TOTAL_PARENT_EQUITY":3088142000,"DEBT_ASSET_RATIO":39.1792970175,"OPERATE_PROFIT":53306000,"PRETAX_PROFIT":20950000,"NETCASH_OPERATE":320184000,"NETCASH_INVEST":-91850000,"NETCASH_FINANCE":-187823000,"END_CASH":235290000,"DIVI_RATIO":null,"DIVIDEND_RATE":null,"CURRENT_RATIO":1.051940809017,"COMMON_ACS":null,"CURRENTDEBT_DEBT":73.189447597408,"ISSUED_COMMON_SHARES":1583348000,"HK_COMMON_SHARES":538348000,"PER_SHARES":1000,"TOTAL_MARKET_CAP":2010851960,"HKSK_MARKET_CAP":683701960,"PE_TTM":13.082070537622,"PB_TTM":0.594294034035,"REPORT_DATE_SQ":"2023-06-30 00:00:00","REPORT_TYPE_SQ":"2023年中报","OPERATE_INCOME_SQ":2436545000,"DPS_HKD":null,"OPERATE_INCOME_QOQ_SQ":-0.132290163151,"NET_PROFIT_RATIO_SQ":3.3693200823,"HOLDER_PROFIT_SQ":82095000,"HOLDER_PROFIT_QOQ_SQ":19.899388889766,"ROE_AVG_SQ":3.091241784729,"PE_TTM_SQ":-3.491796573035,"PB_TTM_SQ":0.822078725449,"ROA_SQ":1.583875822925,"START_DATE":"2024-01-01 00:00:00","FISCAL_YEAR":"12-31","CURRENCY":"HKD","IS_CNY_CODE":0,"DPS_HKD_LY":null,"ORG_TYPE":"一般企业","PREMIUM_INCOME":null,"PREMIUM_INCOME_YOY":null,"NET_INTEREST_INCOME":null,"NET_INTEREST_INCOME_YOY":null,"FEE_COMMISSION_INCOME":null,"FEE_COMMISSION_INCOME_YOY":null,"ACCOUNTS_RECE_TDAYS":9.159881413376,"INVENTORY_TDAYS":2.701147395007,"CURRENT_ASSETS_TDAYS":1.739687949941,"TOTAL_ASSETS_TDAYS":0.523762245716,"PREMIUM_EXPENSE":null,"LOAN_DEPOSIT":null,"LOAN_EQUITY":null,"LOAN_ASSETS":null,"DEPOSIT_EQUITY":null,"DEPOSIT_ASSETS":null,"EQUITY_MULTIPLIER":1.64417698409,"EQUITY_RATIO":0.644176984089},{"SECUCODE":"09977.HK","SECURITY_CODE":"09977","SECURITY_NAME_ABBR":"凤祥股份","ORG_CODE":"10000057566","STD_REPORT_DATE":"2023-12-31 00:00:00","REPORT_DATE":"2023-12-31 00:00:00","DATE_TYPE_CODE":"001","REPORT_TYPE":"2023年年报","PER_NETCASH_OPERATE":0.222409877488,"PER_OI":3.244252933797,"BPS":1.914863775746,"BASIC_EPS":0.11,"DILUTED_EPS":0.11,"OPERATE_INCOME":5134413089.58,"OPERATE_INCOME_YOY":0.9560560795,"GROSS_PROFIT":591464389.48,"GROSS_PROFIT_YOY":1.365508124079,"HOLDER_PROFIT":160318599.81,"HOLDER_PROFIT_YOY":120.8478492709,"GROSS_PROFIT_RATIO":11.519610501935,"EPS_TTM":0.101299618613,"OPERATE_INCOME_QOQ":1.089787924846,"NET_PROFIT_RATIO":3.1224328275,"ROE_AVG":5.679577111057,"GROSS_PROFIT_QOQ":-8.070298151009,"ROA":3.117401317029,"HOLDER_PROFIT_QOQ":126.025888628138,"ROE_YEARLY":5.679577111057,"ROIC_YEARLY":3.286988200815,"TOTAL_ASSETS":5057066000,"TOTAL_LIABILITIES":2025170000,"TAX_EBT":2.211754254628,"OCF_SALES":6.855503625221,"TOTAL_PARENT_EQUITY":3031896000,"DEBT_ASSET_RATIO":40.0463505308,"OPERATE_PROFIT":266926012.87,"PRETAX_PROFIT":163944652.64,"NETCASH_OPERATE":351989875.49,"NETCASH_INVEST":-243336231.58,"NETCASH_FINANCE":-57758959.48,"END_CASH":189928649.77,"DIVI_RATIO":null,"DIVIDEND_RATE":null,"CURRENT_RATIO":1.018370308908,"COMMON_ACS":null,"CURRENTDEBT_DEBT":73.68102430907,"ISSUED_COMMON_SHARES":1583348000,"HK_COMMON_SHARES":538348000,"PER_SHARES":1000,"TOTAL_MARKET_CAP":1678348880,"HKSK_MARKET_CAP":570648880,"PE_TTM":10.91889351959,"PB_TTM":0.496024941793,"REPORT_DATE_SQ":"2022-12-31 00:00:00","REPORT_TYPE_SQ":"2022年年报","OPERATE_INCOME_SQ":5085790084.29,"DPS_HKD":null,"OPERATE_INCOME_QOQ_SQ":3.991306680736,"NET_PROFIT_RATIO_SQ":-15.1211243194,"HOLDER_PROFIT_SQ":-768993471.35,"HOLDER_PROFIT_QOQ_SQ":-1947.35323020859,"ROE_AVG_SQ":-25.584881203437,"PE_TTM_SQ":-3.491796573035,"PB_TTM_SQ":0.822078725449,"ROA_SQ":-12.649135878243,"START_DATE":"2023-01-01 00:00:00","FISCAL_YEAR":"12-31","CURRENCY":"HKD","IS_CNY_CODE":0,"DPS_HKD_LY":null,"ORG_TYPE":"一般企业","PREMIUM_INCOME":null,"PREMIUM_INCOME_YOY":null,"NET_INTEREST_INCOME":null,"NET_INTEREST_INCOME_YOY":null,"FEE_COMMISSION_INCOME":null,"FEE_COMMISSION_INCOME_YOY":null,"ACCOUNTS_RECE_TDAYS":21.958667603519,"INVENTORY_TDAYS":4.925164164409,"CURRENT_ASSETS_TDAYS":3.333884720782,"TOTAL_ASSETS_TDAYS":0.998388592877,"PREMIUM_EXPENSE":null,"LOAN_DEPOSIT":null,"LOAN_EQUITY":null,"LOAN_ASSETS":null,"DEPOSIT_EQUITY":null,"DEPOSIT_ASSETS":null,"EQUITY_MULTIPLIER":1.667955176797,"EQUITY_RATIO":0.667954969432},{"SECUCODE":"09977.HK","SECURITY_CODE":"09977","SECURITY_NAME_ABBR":"凤祥股份","ORG_CODE":"10000057566","STD_REPORT_DATE":"2023-06-30 00:00:00","REPORT_DATE":"2023-06-30 00:00:00","DATE_TYPE_CODE":"002","REPORT_TYPE":"2023年中报","PER_NETCASH_OPERATE":0.182982857143,"PER_OI":1.740389285714,"BPS":1.703928637293,"BASIC_EPS":0.06,"DILUTED_EPS":0.06,"OPERATE_INCOME":2436545000,"OPERATE_INCOME_YOY":-0.2753683276,"GROSS_PROFIT":282227000,"GROSS_PROFIT_YOY":26.937158175014,"HOLDER_PROFIT":82095000,"HOLDER_PROFIT_YOY":215.7294500754,"GROSS_PROFIT_RATIO":11.583081781785,"EPS_TTM":-0.439997600907,"OPERATE_INCOME_QOQ":-0.132290163151,"NET_PROFIT_RATIO":3.3693200823,"ROE_AVG":3.091241784729,"GROSS_PROFIT_QOQ":10.264154114835,"ROA":1.583875822925,"HOLDER_PROFIT_QOQ":19.899388889766,"ROE_YEARLY":6.182483569458,"ROIC_YEARLY":3.397921227764,"TOTAL_ASSETS":5138009000,"TOTAL_LIABILITIES":2440097000,"TAX_EBT":1.9480209254,"OCF_SALES":10.513903909019,"TOTAL_PARENT_EQUITY":2697912000,"DEBT_ASSET_RATIO":47.4911001518,"OPERATE_PROFIT":125393000,"PRETAX_PROFIT":83726000,"NETCASH_OPERATE":256176000,"NETCASH_INVEST":-132013000,"NETCASH_FINANCE":-93256000,"END_CASH":175309000,"DIVI_RATIO":null,"DIVIDEND_RATE":null,"CURRENT_RATIO":0.715808817181,"COMMON_ACS":null,"CURRENTDEBT_DEBT":85.437095328587,"ISSUED_COMMON_SHARES":1583348000,"HK_COMMON_SHARES":538348000,"PER_SHARES":1000,"TOTAL_MARKET_CAP":1678348880,"HKSK_MARKET_CAP":570648880,"PE_TTM":10.91889351959,"PB_TTM":0.496024941793,"REPORT_DATE_SQ":"2022-06-30 00:00:00","REPORT_TYPE_SQ":"2022年中报","OPERATE_INCOME_SQ":2443273000,"DPS_HKD":null,"OPERATE_INCOME_QOQ_SQ":10.727945742348,"NET_PROFIT_RATIO_SQ":-2.9033595509,"HOLDER_PROFIT_SQ":-70937000,"HOLDER_PROFIT_QOQ_SQ":-18.231933295515,"ROE_AVG_SQ":-2.115161956418,"PE_TTM_SQ":-3.491796573035,"PB_TTM_SQ":0.822078725449,"ROA_SQ":-1.095571561903,"START_DATE":"2023-01-01 00:00:00","FISCAL_YEAR":"12-31","CURRENCY":"HKD","IS_CNY_CODE":0,"DPS_HKD_LY":null,"ORG_TYPE":"一般企业","PREMIUM_INCOME":null,"PREMIUM_INCOME_YOY":null,"NET_INTEREST_INCOME":null,"NET_INTEREST_INCOME_YOY":null,"FEE_COMMISSION_INCOME":null,"FEE_COMMISSION_INCOME_YOY":null,"ACCOUNTS_RECE_TDAYS":11.220344568508,"INVENTORY_TDAYS":2.568997058547,"CURRENT_ASSETS_TDAYS":1.596247239265,"TOTAL_ASSETS_TDAYS":0.470087668794,"PREMIUM_EXPENSE":null,"LOAN_DEPOSIT":null,"LOAN_EQUITY":null,"LOAN_ASSETS":null,"DEPOSIT_EQUITY":null,"DEPOSIT_ASSETS":null,"EQUITY_MULTIPLIER":1.904439062504,"EQUITY_RATIO":0.904439062505},{"SECUCODE":"09977.HK","SECURITY_CODE":"09977","SECURITY_NAME_ABBR":"凤祥股份","ORG_CODE":"10000057566","STD_REPORT_DATE":"2022-12-31 00:00:00","REPORT_DATE":"2022-12-31 00:00:00","DATE_TYPE_CODE":"001","REPORT_TYPE":"2022年年报","PER_NETCASH_OPERATE":0.409563879814,"PER_OI":3.632707203064,"BPS":1.649652920823,"BASIC_EPS":-0.55,"DILUTED_EPS":-0.55,"OPERATE_INCOME":5085790084.29,"OPERATE_INCOME_YOY":15.1474376382,"GROSS_PROFIT":583496694.71,"GROSS_PROFIT_YOY":4.58087721348,"HOLDER_PROFIT":-768993471.35,"HOLDER_PROFIT_YOY":-1610.5450215444,"GROSS_PROFIT_RATIO":11.473078617862,"EPS_TTM":-0.549306172336,"OPERATE_INCOME_QOQ":3.991306680736,"NET_PROFIT_RATIO":-15.1211243194,"ROE_AVG":-25.584881203437,"GROSS_PROFIT_QOQ":-2.934042667137,"ROA":-12.649135878243,"HOLDER_PROFIT_QOQ":-1947.35323020859,"ROE_YEARLY":-25.584881203437,"ROIC_YEARLY":-15.423053490919,"TOTAL_ASSETS":5230119787.74,"TOTAL_LIABILITIES":2616574081.29,"TAX_EBT":-0.09584241358,"OCF_SALES":11.27434326303,"TOTAL_PARENT_EQUITY":2613545706.45,"DEBT_ASSET_RATIO":50.0419317396,"OPERATE_PROFIT":-719152418.82,"PRETAX_PROFIT":-768257155.15,"NETCASH_OPERATE":573389431.74,"NETCASH_INVEST":-1092682394.4,"NETCASH_FINANCE":-731322832.92,"END_CASH":144732805.91,"DIVI_RATIO":null,"DIVIDEND_RATE":null,"CURRENT_RATIO":0.730054696083,"COMMON_ACS":null,"CURRENTDEBT_DEBT":81.694385068438,"ISSUED_COMMON_SHARES":1583348000,"HK_COMMON_SHARES":538348000,"PER_SHARES":1000,"TOTAL_MARKET_CAP":1678348880,"HKSK_MARKET_CAP":570648880,"PE_TTM":10.91889351959,"PB_TTM":0.496024941793,"REPORT_DATE_SQ":"2021-12-31 00:00:00","REPORT_TYPE_SQ":"2021年年报","OPERATE_INCOME_SQ":4416763575.99,"DPS_HKD":null,"OPERATE_INCOME_QOQ_SQ":11.301122974039,"NET_PROFIT_RATIO_SQ":1.0658350582,"HOLDER_PROFIT_SQ":50910673.32,"HOLDER_PROFIT_QOQ_SQ":191.80041350211,"ROE_AVG_SQ":1.49981998527,"PE_TTM_SQ":-3.491796573035,"PB_TTM_SQ":0.822078725449,"ROA_SQ":0.801200201065,"START_DATE":"2022-01-01 00:00:00","FISCAL_YEAR":"12-31","CURRENCY":"HKD","IS_CNY_CODE":0,"DPS_HKD_LY":null,"ORG_TYPE":"一般企业","PREMIUM_INCOME":null,"PREMIUM_INCOME_YOY":null,"NET_INTEREST_INCOME":null,"NET_INTEREST_INCOME_YOY":null,"FEE_COMMISSION_INCOME":null,"FEE_COMMISSION_INCOME_YOY":null,"ACCOUNTS_RECE_TDAYS":22.342252329814,"INVENTORY_TDAYS":4.700922117877,"CURRENT_ASSETS_TDAYS":2.079427274243,"TOTAL_ASSETS_TDAYS":0.836520857249,"PREMIUM_EXPENSE":null,"LOAN_DEPOSIT":null,"LOAN_EQUITY":null,"LOAN_ASSETS":null,"DEPOSIT_EQUITY":null,"DEPOSIT_ASSETS":null,"EQUITY_MULTIPLIER":2.001678677381,"EQUITY_RATIO":1.001158722739},{"SECUCODE":"09977.HK","SECURITY_CODE":"09977","SECURITY_NAME_ABBR":"凤祥股份","ORG_CODE":"10000057566","STD_REPORT_DATE":"2022-06-30 00:00:00","REPORT_DATE":"2022-06-30 00:00:00","DATE_TYPE_CODE":"002","REPORT_TYPE":"2022年中报","PER_NETCASH_OPERATE":0.270855,"PER_OI":1.745195,"BPS":2.089158542531,"BASIC_EPS":-0.05,"DILUTED_EPS":-0.05,"OPERATE_INCOME":2443273000,"OPERATE_INCOME_YOY":24.0589607732,"GROSS_PROFIT":222336000,"GROSS_PROFIT_YOY":24.112984258122,"HOLDER_PROFIT":-70937000,"HOLDER_PROFIT_YOY":-15.054740086,"GROSS_PROFIT_RATIO":9.099924568397,"EPS_TTM":0.029734766657,"OPERATE_INCOME_QOQ":10.727945742348,"NET_PROFIT_RATIO":-2.9033595509,"ROE_AVG":-2.115161956418,"GROSS_PROFIT_QOQ":7.742075684522,"ROA":-1.095571561903,"HOLDER_PROFIT_QOQ":-18.231933295515,"ROE_YEARLY":-4.230323912837,"ROIC_YEARLY":-2.855001602213,"TOTAL_ASSETS":6018718000,"TOTAL_LIABILITIES":2710853000,"TAX_EBT":-6.267789196153,"OCF_SALES":15.520042172938,"TOTAL_PARENT_EQUITY":3307865000,"DEBT_ASSET_RATIO":45.0403723849,"OPERATE_PROFIT":-43203000,"PRETAX_PROFIT":-66754000,"NETCASH_OPERATE":379197000,"NETCASH_INVEST":-164911000,"NETCASH_FINANCE":-614847000,"END_CASH":974382000,"DIVI_RATIO":null,"DIVIDEND_RATE":null,"CURRENT_RATIO":1.075975183054,"COMMON_ACS":null,"CURRENTDEBT_DEBT":80.77878070113,"ISSUED_COMMON_SHARES":1583348000,"HK_COMMON_SHARES":538348000,"PER_SHARES":1000,"TOTAL_MARKET_CAP":1678348880,"HKSK_MARKET_CAP":570648880,"PE_TTM":10.91889351959,"PB_TTM":0.496024941793,"REPORT_DATE_SQ":"2021-06-30 00:00:00","REPORT_TYPE_SQ":"2021年中报","OPERATE_INCOME_SQ":1969445000,"DPS_HKD":null,"OPERATE_INCOME_QOQ_SQ":1.709189656078,"NET_PROFIT_RATIO_SQ":-2.4055000267,"HOLDER_PROFIT_SQ":-61655000,"HOLDER_PROFIT_QOQ_SQ":-136.332547169811,"ROE_AVG_SQ":-1.418764785715,"PE_TTM_SQ":-3.491796573035,"PB_TTM_SQ":0.822078725449,"ROA_SQ":-0.766821802476,"START_DATE":"2022-01-01 00:00:00","FISCAL_YEAR":"12-31","CURRENCY":"HKD","IS_CNY_CODE":0,"DPS_HKD_LY":null,"ORG_TYPE":"一般企业","PREMIUM_INCOME":null,"PREMIUM_INCOME_YOY":null,"NET_INTEREST_INCOME":null,"NET_INTEREST_INCOME_YOY":null,"FEE_COMMISSION_INCOME":null,"FEE_COMMISSION_INCOME_YOY":null,"ACCOUNTS_RECE_TDAYS":9.50498181488,"INVENTORY_TDAYS":2.499068110338,"CURRENT_ASSETS_TDAYS":0.859228361521,"TOTAL_ASSETS_TDAYS":0.377346154583,"PREMIUM_EXPENSE":null,"LOAN_DEPOSIT":null,"LOAN_EQUITY":null,"LOAN_ASSETS":null,"DEPOSIT_EQUITY":null,"DEPOSIT_ASSETS":null,"EQUITY_MULTIPLIER":1.819517422868,"EQUITY_RATIO":0.819517422869},{"SECUCODE":"09977.HK","SECURITY_CODE":"09977","SECURITY_NAME_ABBR":"凤祥股份","ORG_CODE":"10000057566","STD_REPORT_DATE":"2021-12-31 00:00:00","REPORT_DATE":"2021-12-31 00:00:00","DATE_TYPE_CODE":"001","REPORT_TYPE":"2021年年报","PER_NETCASH_OPERATE":0.1172413876,"PER_OI":3.154831125707,"BPS":2.147103427522,"BASIC_EPS":0.04,"DILUTED_EPS":0.04,"OPERATE_INCOME":4416763575.99,"OPERATE_INCOME_YOY":13.2034775632,"GROSS_PROFIT":557938229.49,"GROSS_PROFIT_YOY":-7.510599552662,"HOLDER_PROFIT":50910673.32,"HOLDER_PROFIT_YOY":-66.6465715999,"GROSS_PROFIT_RATIO":12.632286512301,"EPS_TTM":0.036364766657,"OPERATE_INCOME_QOQ":11.301122974039,"NET_PROFIT_RATIO":1.0658350582,"ROE_AVG":1.49981998527,"GROSS_PROFIT_QOQ":129.998899135554,"ROA":0.801200201065,"HOLDER_PROFIT_QOQ":191.80041350211,"ROE_YEARLY":1.49981998527,"ROIC_YEARLY":1.064452829155,"TOTAL_ASSETS":6931052232.59,"TOTAL_LIABILITIES":3531440314.83,"TAX_EBT":3.423265957821,"OCF_SALES":3.716249235804,"TOTAL_PARENT_EQUITY":3399611917.76,"DEBT_ASSET_RATIO":50.950998439,"OPERATE_PROFIT":96440041.47,"PRETAX_PROFIT":48744053.21,"NETCASH_OPERATE":164137942.64,"NETCASH_INVEST":-581637420.85,"NETCASH_FINANCE":503929042.27,"END_CASH":1375111214.07,"DIVI_RATIO":null,"DIVIDEND_RATE":null,"CURRENT_RATIO":1.228929360078,"COMMON_ACS":null,"CURRENTDEBT_DEBT":76.752371810381,"ISSUED_COMMON_SHARES":1583348000,"HK_COMMON_SHARES":538348000,"PER_SHARES":1000,"TOTAL_MARKET_CAP":1678348880,"HKSK_MARKET_CAP":570648880,"PE_TTM":10.91889351959,"PB_TTM":0.496024941793,"REPORT_DATE_SQ":"2020-12-31 00:00:00","REPORT_TYPE_SQ":"2020年年报","OPERATE_INCOME_SQ":3901614748.12,"DPS_HKD":null,"OPERATE_INCOME_QOQ_SQ":-5.932003971402,"NET_PROFIT_RATIO_SQ":3.8859549187,"HOLDER_PROFIT_SQ":152640000.63,"HOLDER_PROFIT_QOQ_SQ":-76.230778214661,"ROE_AVG_SQ":5.399684169417,"PE_TTM_SQ":-3.491796573035,"PB_TTM_SQ":0.822078725449,"ROA_SQ":2.990420427957,"START_DATE":"2021-01-01 00:00:00","FISCAL_YEAR":"12-31","CURRENCY":"HKD","IS_CNY_CODE":0,"DPS_HKD_LY":0.0356,"ORG_TYPE":"一般企业","PREMIUM_INCOME":null,"PREMIUM_INCOME_YOY":null,"NET_INTEREST_INCOME":null,"NET_INTEREST_INCOME_YOY":null,"FEE_COMMISSION_INCOME":null,"FEE_COMMISSION_INCOME_YOY":null,"ACCOUNTS_RECE_TDAYS":19.011007353477,"INVENTORY_TDAYS":4.852125437859,"CURRENT_ASSETS_TDAYS":1.477297023719,"TOTAL_ASSETS_TDAYS":0.695082511067,"PREMIUM_EXPENSE":null,"LOAN_DEPOSIT":null,"LOAN_EQUITY":null,"LOAN_ASSETS":null,"DEPOSIT_EQUITY":null,"DEPOSIT_ASSETS":null,"EQUITY_MULTIPLIER":2.038777484097,"EQUITY_RATIO":1.038777484095},{"SECUCODE":"09977.HK","SECURITY_CODE":"09977","SECURITY_NAME_ABBR":"凤祥股份","ORG_CODE":"10000057566","STD_REPORT_DATE":"2021-06-30 00:00:00","REPORT_DATE":"2021-06-30 00:00:00","DATE_TYPE_CODE":"002","REPORT_TYPE":"2021年中报","PER_NETCASH_OPERATE":0.017715,"PER_OI":1.406746428571,"BPS":2.019139191132,"BASIC_EPS":-0.04,"DILUTED_EPS":-0.04,"OPERATE_INCOME":1969445000,"OPERATE_INCOME_YOY":3.50470028,"GROSS_PROFIT":179140000,"GROSS_PROFIT_YOY":-53.365838928096,"HOLDER_PROFIT":-61655000,"HOLDER_PROFIT_YOY":-128.9522605592,"GROSS_PROFIT_RATIO":11.408442479988,"EPS_TTM":-0.039612857143,"OPERATE_INCOME_QOQ":1.709189656078,"NET_PROFIT_RATIO":-2.4055000267,"ROE_AVG":-1.418764785715,"GROSS_PROFIT_QOQ":-39.66182385291,"ROA":-0.766821802476,"HOLDER_PROFIT_QOQ":-136.332547169811,"ROE_YEARLY":-2.837529571429,"ROIC_YEARLY":-2.079541274256,"TOTAL_ASSETS":6408332000,"TOTAL_LIABILITIES":3211332000,"TAX_EBT":2.46867592279,"OCF_SALES":1.259288784404,"TOTAL_PARENT_EQUITY":3197000000,"DEBT_ASSET_RATIO":50.1118231702,"OPERATE_PROFIT":-45665000,"PRETAX_PROFIT":-59060000,"NETCASH_OPERATE":24801000,"NETCASH_INVEST":-348029000,"NETCASH_FINANCE":596456000,"END_CASH":1562750000,"DIVI_RATIO":null,"DIVIDEND_RATE":null,"CURRENT_RATIO":1.198853789681,"COMMON_ACS":null,"CURRENTDEBT_DEBT":77.731794781729,"ISSUED_COMMON_SHARES":1583348000,"HK_COMMON_SHARES":538348000,"PER_SHARES":1000,"TOTAL_MARKET_CAP":1678348880,"HKSK_MARKET_CAP":570648880,"PE_TTM":10.91889351959,"PB_TTM":0.496024941793,"REPORT_DATE_SQ":"2020-06-30 00:00:00","REPORT_TYPE_SQ":"2020年中报","OPERATE_INCOME_SQ":1902759000,"DPS_HKD":null,"OPERATE_INCOME_QOQ_SQ":5.639958260076,"NET_PROFIT_RATIO_SQ":7.6033801443,"HOLDER_PROFIT_SQ":161376000,"HOLDER_PROFIT_QOQ_SQ":-23.324402224658,"ROE_AVG_SQ":6.221082330997,"PE_TTM_SQ":-3.491796573035,"PB_TTM_SQ":0.822078725449,"ROA_SQ":2.944673788505,"START_DATE":"2021-01-01 00:00:00","FISCAL_YEAR":"12-31","CURRENCY":"HKD","IS_CNY_CODE":0,"DPS_HKD_LY":0.0356,"ORG_TYPE":"一般企业","PREMIUM_INCOME":null,"PREMIUM_INCOME_YOY":null,"NET_INTEREST_INCOME":null,"NET_INTEREST_INCOME_YOY":null,"FEE_COMMISSION_INCOME":null,"FEE_COMMISSION_INCOME_YOY":null,"ACCOUNTS_RECE_TDAYS":10.270454359629,"INVENTORY_TDAYS":2.56556236858,"CURRENT_ASSETS_TDAYS":0.698241018117,"TOTAL_ASSETS_TDAYS":0.323233886558,"PREMIUM_EXPENSE":null,"LOAN_DEPOSIT":null,"LOAN_EQUITY":null,"LOAN_ASSETS":null,"DEPOSIT_EQUITY":null,"DEPOSIT_ASSETS":null,"EQUITY_MULTIPLIER":2.004482952768,"EQUITY_RATIO":1.004482952768},{"SECUCODE":"09977.HK","SECURITY_CODE":"09977","SECURITY_NAME_ABBR":"凤祥股份","ORG_CODE":"10000057566","STD_REPORT_DATE":"2020-12-31 00:00:00","REPORT_DATE":"2020-12-31 00:00:00","DATE_TYPE_CODE":"001","REPORT_TYPE":"2020年年报","PER_NETCASH_OPERATE":0.208825,"PER_OI":2.786867677229,"BPS":2.140585645101,"BASIC_EPS":0.13,"DILUTED_EPS":0.13,"OPERATE_INCOME":3901614748.12,"OPERATE_INCOME_YOY":-0.6266082593,"GROSS_PROFIT":603245590.08,"GROSS_PROFIT_YOY":40.808699527328,"HOLDER_PROFIT":152640000.63,"HOLDER_PROFIT_YOY":-81.7748071095,"GROSS_PROFIT_RATIO":10.304425218788,"EPS_TTM":0.109028571429,"OPERATE_INCOME_QOQ":-5.932003971402,"NET_PROFIT_RATIO":3.8859549187,"ROE_AVG":5.399684169417,"GROSS_PROFIT_QOQ":-21.003705785033,"ROA":2.990420427957,"HOLDER_PROFIT_QOQ":-76.230778214661,"ROE_YEARLY":5.399684169417,"ROIC_YEARLY":3.652661646251,"TOTAL_ASSETS":5777549016.33,"TOTAL_LIABILITIES":2390013424.34,"TAX_EBT":3.774396016095,"OCF_SALES":7.493179106601,"TOTAL_PARENT_EQUITY":3389292593.45,"DEBT_ASSET_RATIO":41.367275056,"OPERATE_PROFIT":210590797.57,"PRETAX_PROFIT":157562100.92,"NETCASH_OPERATE":292354779.95,"NETCASH_INVEST":-670649799.94,"NETCASH_FINANCE":1105509890,"END_CASH":1289981009.01,"DIVI_RATIO":null,"DIVIDEND_RATE":null,"CURRENT_RATIO":1.224756105512,"COMMON_ACS":null,"CURRENTDEBT_DEBT":90.212067451688,"ISSUED_COMMON_SHARES":1583348000,"HK_COMMON_SHARES":538348000,"PER_SHARES":1000,"TOTAL_MARKET_CAP":1678348880,"HKSK_MARKET_CAP":570648880,"PE_TTM":10.91889351959,"PB_TTM":0.496024941793,"REPORT_DATE_SQ":"2019-12-31 00:00:00","REPORT_TYPE_SQ":"2019年年报","OPERATE_INCOME_SQ":3926217000,"DPS_HKD":null,"OPERATE_INCOME_QOQ_SQ":12.075863687201,"NET_PROFIT_RATIO_SQ":21.3279347525,"HOLDER_PROFIT_SQ":837522000,"HOLDER_PROFIT_QOQ_SQ":65.666495894546,"ROE_AVG_SQ":45.379905167972,"PE_TTM_SQ":-3.491796573035,"PB_TTM_SQ":0.822078725449,"ROA_SQ":20.059095536986,"START_DATE":"2020-01-01 00:00:00","FISCAL_YEAR":"12-31","CURRENCY":"HKD","IS_CNY_CODE":0,"DPS_HKD_LY":null,"ORG_TYPE":"一般企业","PREMIUM_INCOME":null,"PREMIUM_INCOME_YOY":null,"NET_INTEREST_INCOME":null,"NET_INTEREST_INCOME_YOY":null,"FEE_COMMISSION_INCOME":null,"FEE_COMMISSION_INCOME_YOY":null,"ACCOUNTS_RECE_TDAYS":18.986254309198,"INVENTORY_TDAYS":6.618276789066,"CURRENT_ASSETS_TDAYS":1.778065745706,"TOTAL_ASSETS_TDAYS":0.764378223141,"PREMIUM_EXPENSE":null,"LOAN_DEPOSIT":null,"LOAN_EQUITY":null,"LOAN_ASSETS":null,"DEPOSIT_EQUITY":null,"DEPOSIT_ASSETS":null,"EQUITY_MULTIPLIER":1.705532193762,"EQUITY_RATIO":0.705165859377},{"SECUCODE":"09977.HK","SECURITY_CODE":"09977","SECURITY_NAME_ABBR":"凤祥股份","ORG_CODE":"10000057566","STD_REPORT_DATE":"2020-06-30 00:00:00","REPORT_DATE":"2020-06-30 00:00:00","DATE_TYPE_CODE":"002","REPORT_TYPE":"2020年中报","PER_NETCASH_OPERATE":0.175852631579,"PER_OI":1.820822009569,"BPS":1.522430950113,"BASIC_EPS":0.15,"DILUTED_EPS":0.15,"OPERATE_INCOME":1902759000,"OPERATE_INCOME_YOY":13.1704099512,"GROSS_PROFIT":384139000,"GROSS_PROFIT_YOY":161.548569833391,"HOLDER_PROFIT":161376000,"HOLDER_PROFIT_YOY":-57.3265211497,"GROSS_PROFIT_RATIO":11.950541292933,"EPS_TTM":0.6145215311,"OPERATE_INCOME_QOQ":5.639958260076,"NET_PROFIT_RATIO":7.6033801443,"ROE_AVG":6.221082330997,"GROSS_PROFIT_QOQ":18.794626705414,"ROA":2.944673788505,"HOLDER_PROFIT_QOQ":-23.324402224658,"ROE_YEARLY":12.442164661994,"ROIC_YEARLY":7.066481000343,"TOTAL_ASSETS":5445428000,"TOTAL_LIABILITIES":3036363000,"TAX_EBT":0.580461899469,"OCF_SALES":9.657870492269,"TOTAL_PARENT_EQUITY":2410538000,"DEBT_ASSET_RATIO":55.7598594638,"OPERATE_PROFIT":191339000,"PRETAX_PROFIT":161940000,"NETCASH_OPERATE":284449000,"NETCASH_INVEST":-200794000,"NETCASH_FINANCE":437030000,"END_CASH":1084062000,"DIVI_RATIO":null,"DIVIDEND_RATE":null,"CURRENT_RATIO":0.950735229119,"COMMON_ACS":null,"CURRENTDEBT_DEBT":90.90573162695,"ISSUED_COMMON_SHARES":1583348000,"HK_COMMON_SHARES":538348000,"PER_SHARES":1000,"TOTAL_MARKET_CAP":1678348880,"HKSK_MARKET_CAP":570648880,"PE_TTM":10.91889351959,"PB_TTM":0.496024941793,"REPORT_DATE_SQ":"2019-06-30 00:00:00","REPORT_TYPE_SQ":"2019年中报","OPERATE_INCOME_SQ":1681322000,"DPS_HKD":null,"OPERATE_INCOME_QOQ_SQ":9.573647860138,"NET_PROFIT_RATIO_SQ":20.2588201427,"HOLDER_PROFIT_SQ":340762000,"HOLDER_PROFIT_QOQ_SQ":260.119815077324,"ROE_AVG_SQ":21.335849507884,"PE_TTM_SQ":-3.491796573035,"PB_TTM_SQ":0.822078725449,"ROA_SQ":8.280422708287,"START_DATE":"2020-01-01 00:00:00","FISCAL_YEAR":"12-31","CURRENCY":"HKD","IS_CNY_CODE":0,"DPS_HKD_LY":null,"ORG_TYPE":"一般企业","PREMIUM_INCOME":null,"PREMIUM_INCOME_YOY":null,"NET_INTEREST_INCOME":null,"NET_INTEREST_INCOME_YOY":null,"FEE_COMMISSION_INCOME":null,"FEE_COMMISSION_INCOME_YOY":null,"ACCOUNTS_RECE_TDAYS":9.339221600238,"INVENTORY_TDAYS":3.100591573615,"CURRENT_ASSETS_TDAYS":0.871965063821,"TOTAL_ASSETS_TDAYS":0.385311319544,"PREMIUM_EXPENSE":null,"LOAN_DEPOSIT":null,"LOAN_EQUITY":null,"LOAN_ASSETS":null,"DEPOSIT_EQUITY":null,"DEPOSIT_ASSETS":null,"EQUITY_MULTIPLIER":2.260390649487,"EQUITY_RATIO":1.259620466468}],"count":15},"success":true,"message":"ok","code":0}