{"version":"0e366fbbec1280ec1a3abfc5a4323fd0","result":{"pages":2,"data":[{"SECUCODE":"09979.HK","SECURITY_CODE":"09979","SECURITY_NAME_ABBR":"绿城管理控股","ORG_CODE":"10000077193","STD_REPORT_DATE":"2024-06-30 00:00:00","REPORT_DATE":"2024-06-30 00:00:00","DATE_TYPE_CODE":"002","REPORT_TYPE":"2024年中报","PER_NETCASH_OPERATE":0.038550248756,"PER_OI":0.830662686567,"BPS":1.74882238806,"BASIC_EPS":0.26,"DILUTED_EPS":0.25,"OPERATE_INCOME":1669632000,"OPERATE_INCOME_YOY":7.7871077573,"GROSS_PROFIT":860143000,"GROSS_PROFIT_YOY":6.696710442259,"HOLDER_PROFIT":501179000,"HOLDER_PROFIT_YOY":5.8199170212,"GROSS_PROFIT_RATIO":51.51692109399,"EPS_TTM":0.498095024876,"OPERATE_INCOME_QOQ":3.652561665347,"NET_PROFIT_RATIO":29.4212137764,"ROE_AVG":13.34541358669,"GROSS_PROFIT_QOQ":3.134525768419,"ROA":7.126522474619,"HOLDER_PROFIT_QOQ":2.831121797604,"ROE_YEARLY":26.690827173381,"ROIC_YEARLY":20.885040681593,"TOTAL_ASSETS":7332526000,"TOTAL_LIABILITIES":3685330000,"TAX_EBT":24.69404743472,"OCF_SALES":4.64090290555,"TOTAL_PARENT_EQUITY":3515133000,"DEBT_ASSET_RATIO":50.2600331727,"OPERATE_PROFIT":630239000,"PRETAX_PROFIT":652307000,"NETCASH_OPERATE":77486000,"NETCASH_INVEST":37569000,"NETCASH_FINANCE":-7634000,"END_CASH":2152065000,"DIVI_RATIO":0.199816137422,"DIVIDEND_RATE":3.77412371134,"CURRENT_RATIO":1.397492392261,"COMMON_ACS":100000000000,"CURRENTDEBT_DEBT":98.548243983578,"ISSUED_COMMON_SHARES":2010000000,"HK_COMMON_SHARES":2010000000,"PER_SHARES":1000,"TOTAL_MARKET_CAP":5849100000,"HKSK_MARKET_CAP":5849100000,"PE_TTM":5.270427537761,"PB_TTM":1.518678407901,"REPORT_DATE_SQ":"2023-06-30 00:00:00","REPORT_TYPE_SQ":"2023年中报","OPERATE_INCOME_SQ":1549009000,"DPS_HKD":0.109827,"OPERATE_INCOME_QOQ_SQ":10.937532944376,"NET_PROFIT_RATIO_SQ":29.8350751997,"HOLDER_PROFIT_SQ":473615000,"HOLDER_PROFIT_QOQ_SQ":15.148869643701,"ROE_AVG_SQ":13.095257515779,"PE_TTM_SQ":10.622697649016,"PB_TTM_SQ":2.593470232063,"ROA_SQ":7.295003381303,"START_DATE":"2024-01-01 00:00:00","FISCAL_YEAR":"12-31","CURRENCY":"HKD","IS_CNY_CODE":0,"DPS_HKD_LY":0.109827,"ORG_TYPE":"一般企业","PREMIUM_INCOME":null,"PREMIUM_INCOME_YOY":null,"NET_INTEREST_INCOME":null,"NET_INTEREST_INCOME_YOY":null,"FEE_COMMISSION_INCOME":null,"FEE_COMMISSION_INCOME_YOY":null,"ACCOUNTS_RECE_TDAYS":1.927620930034,"INVENTORY_TDAYS":null,"CURRENT_ASSETS_TDAYS":0.350928130998,"TOTAL_ASSETS_TDAYS":0.237413578229,"PREMIUM_EXPENSE":null,"LOAN_DEPOSIT":null,"LOAN_EQUITY":null,"LOAN_ASSETS":null,"DEPOSIT_EQUITY":null,"DEPOSIT_ASSETS":null,"EQUITY_MULTIPLIER":2.010455703503,"EQUITY_RATIO":1.0484183671},{"SECUCODE":"09979.HK","SECURITY_CODE":"09979","SECURITY_NAME_ABBR":"绿城管理控股","ORG_CODE":"10000077193","STD_REPORT_DATE":"2023-12-31 00:00:00","REPORT_DATE":"2023-12-31 00:00:00","DATE_TYPE_CODE":"001","REPORT_TYPE":"2023年年报","PER_NETCASH_OPERATE":0.475161691542,"PER_OI":1.642996019901,"BPS":1.987933830846,"BASIC_EPS":0.5,"DILUTED_EPS":0.49,"OPERATE_INCOME":3302422000,"OPERATE_INCOME_YOY":24.3385522246,"GROSS_PROFIT":1722302000,"GROSS_PROFIT_YOY":24.030917314978,"HOLDER_PROFIT":973607000,"HOLDER_PROFIT_YOY":30.7655423991,"GROSS_PROFIT_RATIO":52.152692781238,"EPS_TTM":0.48438159204,"OPERATE_INCOME_QOQ":12.079788439948,"NET_PROFIT_RATIO":29.6962956279,"ROE_AVG":25.174228663404,"GROSS_PROFIT_QOQ":10.399940514994,"ROA":15.101741356619,"HOLDER_PROFIT_QOQ":13.562158971883,"ROE_YEARLY":25.174228663404,"ROIC_YEARLY":22.524659304253,"TOTAL_ASSETS":6732651000,"TOTAL_LIABILITIES":2599045000,"TAX_EBT":16.707122764581,"OCF_SALES":28.920440815862,"TOTAL_PARENT_EQUITY":3995747000,"DEBT_ASSET_RATIO":38.6035901757,"OPERATE_PROFIT":1139820000,"PRETAX_PROFIT":1177408000,"NETCASH_OPERATE":955075000,"NETCASH_INVEST":-61406000,"NETCASH_FINANCE":-766008000,"END_CASH":2044377000,"DIVI_RATIO":0.205473175644,"DIVIDEND_RATE":3.421401869159,"CURRENT_RATIO":1.834521691023,"COMMON_ACS":100000000000,"CURRENTDEBT_DEBT":93.122166026367,"ISSUED_COMMON_SHARES":2010000000,"HK_COMMON_SHARES":2010000000,"PER_SHARES":1000,"TOTAL_MARKET_CAP":6452100000,"HKSK_MARKET_CAP":6452100000,"PE_TTM":5.813770582891,"PB_TTM":1.675243192221,"REPORT_DATE_SQ":"2022-12-31 00:00:00","REPORT_TYPE_SQ":"2022年年报","OPERATE_INCOME_SQ":2655992000,"DPS_HKD":0.109827,"OPERATE_INCOME_QOQ_SQ":9.711024586744,"NET_PROFIT_RATIO_SQ":27.6870186356,"HOLDER_PROFIT_SQ":744544000,"HOLDER_PROFIT_QOQ_SQ":13.563864268315,"ROE_AVG_SQ":21.030941055691,"PE_TTM_SQ":11.730586360877,"PB_TTM_SQ":2.863954857493,"ROA_SQ":13.055897155421,"START_DATE":"2023-01-01 00:00:00","FISCAL_YEAR":"12-31","CURRENCY":"HKD","IS_CNY_CODE":0,"DPS_HKD_LY":0.089098,"ORG_TYPE":"一般企业","PREMIUM_INCOME":null,"PREMIUM_INCOME_YOY":null,"NET_INTEREST_INCOME":null,"NET_INTEREST_INCOME_YOY":null,"FEE_COMMISSION_INCOME":null,"FEE_COMMISSION_INCOME_YOY":null,"ACCOUNTS_RECE_TDAYS":4.008187698063,"INVENTORY_TDAYS":null,"CURRENT_ASSETS_TDAYS":0.795991434665,"TOTAL_ASSETS_TDAYS":0.512242854606,"PREMIUM_EXPENSE":null,"LOAN_DEPOSIT":null,"LOAN_EQUITY":null,"LOAN_ASSETS":null,"DEPOSIT_EQUITY":null,"DEPOSIT_ASSETS":null,"EQUITY_MULTIPLIER":1.628759731818,"EQUITY_RATIO":0.650452843986},{"SECUCODE":"09979.HK","SECURITY_CODE":"09979","SECURITY_NAME_ABBR":"绿城管理控股","ORG_CODE":"10000077193","STD_REPORT_DATE":"2023-06-30 00:00:00","REPORT_DATE":"2023-06-30 00:00:00","DATE_TYPE_CODE":"002","REPORT_TYPE":"2023年中报","PER_NETCASH_OPERATE":0.295047263682,"PER_OI":0.770651243781,"BPS":1.738397512438,"BASIC_EPS":0.24,"DILUTED_EPS":0.24,"OPERATE_INCOME":1549009000,"OPERATE_INCOME_YOY":23.0828702854,"GROSS_PROFIT":806157000,"GROSS_PROFIT_YOY":27.012464018831,"HOLDER_PROFIT":473615000,"HOLDER_PROFIT_YOY":31.2589205293,"GROSS_PROFIT_RATIO":52.043403233939,"EPS_TTM":0.426534328358,"OPERATE_INCOME_QOQ":10.937532944376,"NET_PROFIT_RATIO":29.8350751997,"ROE_AVG":13.095257515779,"GROSS_PROFIT_QOQ":12.346905928027,"ROA":7.295003381303,"HOLDER_PROFIT_QOQ":15.148869643701,"ROE_YEARLY":26.190515031558,"ROIC_YEARLY":22.932769070795,"TOTAL_ASSETS":6823322000,"TOTAL_LIABILITIES":3206098000,"TAX_EBT":22.173722676906,"OCF_SALES":38.285445726913,"TOTAL_PARENT_EQUITY":3494179000,"DEBT_ASSET_RATIO":46.9873472188,"OPERATE_PROFIT":574791000,"PRETAX_PROFIT":593820000,"NETCASH_OPERATE":593045000,"NETCASH_INVEST":13153000,"NETCASH_FINANCE":-6203000,"END_CASH":2533742000,"DIVI_RATIO":0.23333977437,"DIVIDEND_RATE":3.328090909091,"CURRENT_RATIO":1.482613882591,"COMMON_ACS":100000000000,"CURRENTDEBT_DEBT":93.205978107968,"ISSUED_COMMON_SHARES":2010000000,"HK_COMMON_SHARES":2010000000,"PER_SHARES":1000,"TOTAL_MARKET_CAP":6633000000,"HKSK_MARKET_CAP":6633000000,"PE_TTM":5.97677349643,"PB_TTM":1.722212627517,"REPORT_DATE_SQ":"2022-06-30 00:00:00","REPORT_TYPE_SQ":"2022年中报","OPERATE_INCOME_SQ":1258509000,"DPS_HKD":0.109827,"OPERATE_INCOME_QOQ_SQ":7.923650496309,"NET_PROFIT_RATIO_SQ":29.0581155955,"HOLDER_PROFIT_SQ":360825000,"HOLDER_PROFIT_QOQ_SQ":15.992420704004,"ROE_AVG_SQ":10.805359781871,"PE_TTM_SQ":12.078159290088,"PB_TTM_SQ":2.948812779196,"ROA_SQ":6.592087576612,"START_DATE":"2023-01-01 00:00:00","FISCAL_YEAR":"12-31","CURRENCY":"HKD","IS_CNY_CODE":0,"DPS_HKD_LY":0.089098,"ORG_TYPE":"一般企业","PREMIUM_INCOME":null,"PREMIUM_INCOME_YOY":null,"NET_INTEREST_INCOME":null,"NET_INTEREST_INCOME_YOY":null,"FEE_COMMISSION_INCOME":null,"FEE_COMMISSION_INCOME_YOY":null,"ACCOUNTS_RECE_TDAYS":1.849471339629,"INVENTORY_TDAYS":null,"CURRENT_ASSETS_TDAYS":0.373794660993,"TOTAL_ASSETS_TDAYS":0.238590962969,"PREMIUM_EXPENSE":null,"LOAN_DEPOSIT":null,"LOAN_EQUITY":null,"LOAN_ASSETS":null,"DEPOSIT_EQUITY":null,"DEPOSIT_ASSETS":null,"EQUITY_MULTIPLIER":1.886342123129,"EQUITY_RATIO":0.91755402342},{"SECUCODE":"09979.HK","SECURITY_CODE":"09979","SECURITY_NAME_ABBR":"绿城管理控股","ORG_CODE":"10000077193","STD_REPORT_DATE":"2022-12-31 00:00:00","REPORT_DATE":"2022-12-31 00:00:00","DATE_TYPE_CODE":"001","REPORT_TYPE":"2022年年报","PER_NETCASH_OPERATE":0.360524875622,"PER_OI":1.321389054726,"BPS":1.8603,"BASIC_EPS":0.38,"DILUTED_EPS":0.38,"OPERATE_INCOME":2655992000,"OPERATE_INCOME_YOY":18.4041427309,"GROSS_PROFIT":1388607000,"GROSS_PROFIT_YOY":33.43548024423,"HOLDER_PROFIT":744544000,"HOLDER_PROFIT_YOY":31.7254752098,"GROSS_PROFIT_RATIO":52.282047536288,"EPS_TTM":0.370419900498,"OPERATE_INCOME_QOQ":9.711024586744,"NET_PROFIT_RATIO":27.6870186356,"ROE_AVG":21.030941055691,"GROSS_PROFIT_QOQ":19.475861024617,"ROA":13.055897155421,"HOLDER_PROFIT_QOQ":13.563864268315,"ROE_YEARLY":21.030941055691,"ROIC_YEARLY":20.766982978356,"TOTAL_ASSETS":6161319000,"TOTAL_LIABILITIES":2288291000,"TAX_EBT":20.466774316705,"OCF_SALES":27.283779469215,"TOTAL_PARENT_EQUITY":3739203000,"DEBT_ASSET_RATIO":37.1396287061,"OPERATE_PROFIT":873490000,"PRETAX_PROFIT":924601000,"NETCASH_OPERATE":724655000,"NETCASH_INVEST":-530236000,"NETCASH_FINANCE":-400403000,"END_CASH":1933099000,"DIVI_RATIO":0.268688112616,"DIVIDEND_RATE":3.421401869159,"CURRENT_RATIO":1.848201751822,"COMMON_ACS":100000000000,"CURRENTDEBT_DEBT":91.212087973077,"ISSUED_COMMON_SHARES":2010000000,"HK_COMMON_SHARES":2010000000,"PER_SHARES":1000,"TOTAL_MARKET_CAP":6452100000,"HKSK_MARKET_CAP":6452100000,"PE_TTM":5.813770582891,"PB_TTM":1.675243192221,"REPORT_DATE_SQ":"2021-12-31 00:00:00","REPORT_TYPE_SQ":"2021年年报","OPERATE_INCOME_SQ":2243158000,"DPS_HKD":0.109827,"OPERATE_INCOME_QOQ_SQ":7.900159698305,"NET_PROFIT_RATIO_SQ":25.440249862,"HOLDER_PROFIT_SQ":565224000,"HOLDER_PROFIT_QOQ_SQ":-1.754849475075,"ROE_AVG_SQ":17.617941609227,"PE_TTM_SQ":11.730586360877,"PB_TTM_SQ":2.863954857493,"ROA_SQ":11.313862586243,"START_DATE":"2022-01-01 00:00:00","FISCAL_YEAR":"12-31","CURRENCY":"HKD","IS_CNY_CODE":0,"DPS_HKD_LY":0.234363,"ORG_TYPE":"一般企业","PREMIUM_INCOME":null,"PREMIUM_INCOME_YOY":null,"NET_INTEREST_INCOME":null,"NET_INTEREST_INCOME_YOY":null,"FEE_COMMISSION_INCOME":null,"FEE_COMMISSION_INCOME_YOY":null,"ACCOUNTS_RECE_TDAYS":3.377455290865,"INVENTORY_TDAYS":null,"CURRENT_ASSETS_TDAYS":0.702768694736,"TOTAL_ASSETS_TDAYS":0.465739545247,"PREMIUM_EXPENSE":null,"LOAN_DEPOSIT":null,"LOAN_EQUITY":null,"LOAN_ASSETS":null,"DEPOSIT_EQUITY":null,"DEPOSIT_ASSETS":null,"EQUITY_MULTIPLIER":1.590827383638,"EQUITY_RATIO":0.611972925781},{"SECUCODE":"09979.HK","SECURITY_CODE":"09979","SECURITY_NAME_ABBR":"绿城管理控股","ORG_CODE":"10000077193","STD_REPORT_DATE":"2022-06-30 00:00:00","REPORT_DATE":"2022-06-30 00:00:00","DATE_TYPE_CODE":"002","REPORT_TYPE":"2022年中报","PER_NETCASH_OPERATE":0.180723880597,"PER_OI":0.626123880597,"BPS":1.660383084577,"BASIC_EPS":0.19,"DILUTED_EPS":0.18,"OPERATE_INCOME":1258509000,"OPERATE_INCOME_YOY":16.4456974617,"GROSS_PROFIT":634707000,"GROSS_PROFIT_YOY":23.696591024252,"HOLDER_PROFIT":360825000,"HOLDER_PROFIT_YOY":33.4254082357,"GROSS_PROFIT_RATIO":50.433250775322,"EPS_TTM":0.32617761194,"OPERATE_INCOME_QOQ":7.923650496309,"NET_PROFIT_RATIO":29.0581155955,"ROE_AVG":10.805359781871,"GROSS_PROFIT_QOQ":11.684049899198,"ROA":6.592087576612,"HOLDER_PROFIT_QOQ":15.992420704004,"ROE_YEARLY":21.610719563743,"ROIC_YEARLY":20.966592909041,"TOTAL_ASSETS":5703052000,"TOTAL_LIABILITIES":2209749000,"TAX_EBT":21.663514205355,"OCF_SALES":28.863917540518,"TOTAL_PARENT_EQUITY":3337370000,"DEBT_ASSET_RATIO":38.7467797944,"OPERATE_PROFIT":441706000,"PRETAX_PROFIT":466831000,"NETCASH_OPERATE":363255000,"NETCASH_INVEST":-367491000,"NETCASH_FINANCE":-394310000,"END_CASH":1739375000,"DIVI_RATIO":0.305132603516,"DIVIDEND_RATE":3.328090909091,"CURRENT_RATIO":1.678311490005,"COMMON_ACS":100000000000,"CURRENTDEBT_DEBT":92.407146694036,"ISSUED_COMMON_SHARES":2010000000,"HK_COMMON_SHARES":2010000000,"PER_SHARES":1000,"TOTAL_MARKET_CAP":6633000000,"HKSK_MARKET_CAP":6633000000,"PE_TTM":5.97677349643,"PB_TTM":1.722212627517,"REPORT_DATE_SQ":"2021-06-30 00:00:00","REPORT_TYPE_SQ":"2021年中报","OPERATE_INCOME_SQ":1080769000,"DPS_HKD":0.109827,"OPERATE_INCOME_QOQ_SQ":14.668983300928,"NET_PROFIT_RATIO_SQ":25.534133566,"HOLDER_PROFIT_SQ":270432000,"HOLDER_PROFIT_QOQ_SQ":30.955443009162,"ROE_AVG_SQ":8.861847722383,"PE_TTM_SQ":12.078159290088,"PB_TTM_SQ":2.948812779196,"ROA_SQ":5.44888766384,"START_DATE":"2022-01-01 00:00:00","FISCAL_YEAR":"12-31","CURRENCY":"HKD","IS_CNY_CODE":0,"DPS_HKD_LY":0.234363,"ORG_TYPE":"一般企业","PREMIUM_INCOME":null,"PREMIUM_INCOME_YOY":null,"NET_INTEREST_INCOME":null,"NET_INTEREST_INCOME_YOY":null,"FEE_COMMISSION_INCOME":null,"FEE_COMMISSION_INCOME_YOY":null,"ACCOUNTS_RECE_TDAYS":1.610304081071,"INVENTORY_TDAYS":null,"CURRENT_ASSETS_TDAYS":0.353109869834,"TOTAL_ASSETS_TDAYS":0.229923135702,"PREMIUM_EXPENSE":null,"LOAN_DEPOSIT":null,"LOAN_EQUITY":null,"LOAN_ASSETS":null,"DEPOSIT_EQUITY":null,"DEPOSIT_ASSETS":null,"EQUITY_MULTIPLIER":1.632567229353,"EQUITY_RATIO":0.662122869205},{"SECUCODE":"09979.HK","SECURITY_CODE":"09979","SECURITY_NAME_ABBR":"绿城管理控股","ORG_CODE":"10000077193","STD_REPORT_DATE":"2021-12-31 00:00:00","REPORT_DATE":"2021-12-31 00:00:00","DATE_TYPE_CODE":"001","REPORT_TYPE":"2021年年报","PER_NETCASH_OPERATE":0.288898331747,"PER_OI":1.145651427801,"BPS":1.66231840796,"BASIC_EPS":0.29,"DILUTED_EPS":0.29,"OPERATE_INCOME":2243158000,"OPERATE_INCOME_YOY":23.7280161061,"GROSS_PROFIT":1040658000,"GROSS_PROFIT_YOY":20.192093357926,"HOLDER_PROFIT":565224000,"HOLDER_PROFIT_YOY":28.6573721049,"GROSS_PROFIT_RATIO":46.39254122982,"EPS_TTM":0.288677695743,"OPERATE_INCOME_QOQ":7.900159698305,"NET_PROFIT_RATIO":25.440249862,"ROE_AVG":17.617941609227,"GROSS_PROFIT_QOQ":0.149070020566,"ROA":11.313862586243,"HOLDER_PROFIT_QOQ":-1.754849475075,"ROE_YEARLY":17.617941609227,"ROIC_YEARLY":20.937079745884,"TOTAL_ASSETS":5244163000,"TOTAL_LIABILITIES":1872452000,"TAX_EBT":20.987009894191,"OCF_SALES":25.216948605493,"TOTAL_PARENT_EQUITY":3341260000,"DEBT_ASSET_RATIO":35.7054500404,"OPERATE_PROFIT":675626000,"PRETAX_PROFIT":722242000,"NETCASH_OPERATE":565656000,"NETCASH_INVEST":-496669000,"NETCASH_FINANCE":-322191000,"END_CASH":2137648000,"DIVI_RATIO":0.344770051194,"DIVIDEND_RATE":3.421401869159,"CURRENT_RATIO":2.007221158346,"COMMON_ACS":100000000000,"CURRENTDEBT_DEBT":98.474460226484,"ISSUED_COMMON_SHARES":2010000000,"HK_COMMON_SHARES":2010000000,"PER_SHARES":1000,"TOTAL_MARKET_CAP":6452100000,"HKSK_MARKET_CAP":6452100000,"PE_TTM":5.813770582891,"PB_TTM":1.675243192221,"REPORT_DATE_SQ":"2020-12-31 00:00:00","REPORT_TYPE_SQ":"2020年年报","OPERATE_INCOME_SQ":1812975000,"DPS_HKD":0.109827,"OPERATE_INCOME_QOQ_SQ":2.249635804673,"NET_PROFIT_RATIO_SQ":22.7390890663,"HOLDER_PROFIT_SQ":439325000,"HOLDER_PROFIT_QOQ_SQ":45.300572834672,"ROE_AVG_SQ":18.814944374232,"PE_TTM_SQ":11.730586360877,"PB_TTM_SQ":2.863954857493,"ROA_SQ":10.328248220254,"START_DATE":"2021-01-01 00:00:00","FISCAL_YEAR":"12-31","CURRENCY":"HKD","IS_CNY_CODE":0,"DPS_HKD_LY":0.2,"ORG_TYPE":"一般企业","PREMIUM_INCOME":null,"PREMIUM_INCOME_YOY":null,"NET_INTEREST_INCOME":null,"NET_INTEREST_INCOME_YOY":null,"FEE_COMMISSION_INCOME":null,"FEE_COMMISSION_INCOME_YOY":null,"ACCOUNTS_RECE_TDAYS":3.945227982236,"INVENTORY_TDAYS":261.413043478261,"CURRENT_ASSETS_TDAYS":0.638887599305,"TOTAL_ASSETS_TDAYS":0.449003958983,"PREMIUM_EXPENSE":null,"LOAN_DEPOSIT":null,"LOAN_EQUITY":null,"LOAN_ASSETS":null,"DEPOSIT_EQUITY":null,"DEPOSIT_ASSETS":null,"EQUITY_MULTIPLIER":1.555341783446,"EQUITY_RATIO":0.560402961757},{"SECUCODE":"09979.HK","SECURITY_CODE":"09979","SECURITY_NAME_ABBR":"绿城管理控股","ORG_CODE":"10000077193","STD_REPORT_DATE":"2021-06-30 00:00:00","REPORT_DATE":"2021-06-30 00:00:00","DATE_TYPE_CODE":"002","REPORT_TYPE":"2021年中报","PER_NETCASH_OPERATE":0.132058309193,"PER_OI":0.551982761791,"BPS":1.506511442786,"BASIC_EPS":0.14,"DILUTED_EPS":0.14,"OPERATE_INCOME":1080769000,"OPERATE_INCOME_YOY":32.6383366224,"GROSS_PROFIT":513116000,"GROSS_PROFIT_YOY":50.989300721525,"HOLDER_PROFIT":270432000,"HOLDER_PROFIT_YOY":101.1589071461,"GROSS_PROFIT_RATIO":47.476935404328,"EPS_TTM":0.293834040867,"OPERATE_INCOME_QOQ":14.668983300928,"NET_PROFIT_RATIO":25.534133566,"ROE_AVG":8.861847722383,"GROSS_PROFIT_QOQ":20.013189671402,"ROA":5.44888766384,"HOLDER_PROFIT_QOQ":30.955443009162,"ROE_YEARLY":17.723695444766,"ROIC_YEARLY":20.468056788352,"TOTAL_ASSETS":5178592000,"TOTAL_LIABILITIES":2117961000,"TAX_EBT":20.028920746144,"OCF_SALES":23.924353862851,"TOTAL_PARENT_EQUITY":3028088000,"DEBT_ASSET_RATIO":40.898394776,"OPERATE_PROFIT":322758000,"PRETAX_PROFIT":345081000,"NETCASH_OPERATE":258567000,"NETCASH_INVEST":-481674000,"NETCASH_FINANCE":14033000,"END_CASH":2184291000,"DIVI_RATIO":0.338719855761,"DIVIDEND_RATE":3.328090909091,"CURRENT_RATIO":1.642876792087,"COMMON_ACS":100000000000,"CURRENTDEBT_DEBT":98.690721878259,"ISSUED_COMMON_SHARES":2010000000,"HK_COMMON_SHARES":2010000000,"PER_SHARES":1000,"TOTAL_MARKET_CAP":6633000000,"HKSK_MARKET_CAP":6633000000,"PE_TTM":5.97677349643,"PB_TTM":1.722212627517,"REPORT_DATE_SQ":"2020-06-30 00:00:00","REPORT_TYPE_SQ":"2020年中报","OPERATE_INCOME_SQ":814824000,"DPS_HKD":0.109827,"OPERATE_INCOME_QOQ_SQ":-11.074070210423,"NET_PROFIT_RATIO_SQ":16.5024594268,"HOLDER_PROFIT_SQ":134437000,"HOLDER_PROFIT_QOQ_SQ":-6.901212862065,"ROE_AVG_SQ":8.102875789497,"PE_TTM_SQ":12.078159290088,"PB_TTM_SQ":2.948812779196,"ROA_SQ":3.510916624577,"START_DATE":"2021-01-01 00:00:00","FISCAL_YEAR":"12-31","CURRENCY":"HKD","IS_CNY_CODE":0,"DPS_HKD_LY":0.2,"ORG_TYPE":"一般企业","PREMIUM_INCOME":null,"PREMIUM_INCOME_YOY":null,"NET_INTEREST_INCOME":null,"NET_INTEREST_INCOME_YOY":null,"FEE_COMMISSION_INCOME":null,"FEE_COMMISSION_INCOME_YOY":null,"ACCOUNTS_RECE_TDAYS":2.45950731069,"INVENTORY_TDAYS":null,"CURRENT_ASSETS_TDAYS":0.319991911149,"TOTAL_ASSETS_TDAYS":0.2177622793,"PREMIUM_EXPENSE":null,"LOAN_DEPOSIT":null,"LOAN_EQUITY":null,"LOAN_ASSETS":null,"DEPOSIT_EQUITY":null,"DEPOSIT_ASSETS":null,"EQUITY_MULTIPLIER":1.692001420621,"EQUITY_RATIO":0.699438391487},{"SECUCODE":"09979.HK","SECURITY_CODE":"09979","SECURITY_NAME_ABBR":"绿城管理控股","ORG_CODE":"10000077193","STD_REPORT_DATE":"2020-12-31 00:00:00","REPORT_DATE":"2020-12-31 00:00:00","DATE_TYPE_CODE":"001","REPORT_TYPE":"2020年年报","PER_NETCASH_OPERATE":0.461358566193,"PER_OI":0.925943423208,"BPS":1.529949751244,"BASIC_EPS":0.26,"DILUTED_EPS":0.26,"OPERATE_INCOME":1812975000,"OPERATE_INCOME_YOY":-9.0735606542,"GROSS_PROFIT":865829000,"GROSS_PROFIT_YOY":-1.785675799227,"HOLDER_PROFIT":439325000,"HOLDER_PROFIT_YOY":35.2730710136,"GROSS_PROFIT_RATIO":47.757360140101,"EPS_TTM":0.224377111875,"OPERATE_INCOME_QOQ":2.249635804673,"NET_PROFIT_RATIO":22.7390890663,"ROE_AVG":18.814944374232,"GROSS_PROFIT_QOQ":14.152723264727,"ROA":10.328248220254,"HOLDER_PROFIT_QOQ":45.300572834672,"ROE_YEARLY":18.814944374232,"ROIC_YEARLY":18.043187421004,"TOTAL_ASSETS":4747544000,"TOTAL_LIABILITIES":1645335000,"TAX_EBT":22.36738332819,"OCF_SALES":49.825783587749,"TOTAL_PARENT_EQUITY":3075199000,"DEBT_ASSET_RATIO":34.6565508398,"OPERATE_PROFIT":null,"PRETAX_PROFIT":524934000,"NETCASH_OPERATE":903329000,"NETCASH_INVEST":-92396000,"NETCASH_FINANCE":485889000,"END_CASH":2397335000,"DIVI_RATIO":0.443572087672,"DIVIDEND_RATE":3.421401869159,"CURRENT_RATIO":2.050635045209,"COMMON_ACS":100000000000,"CURRENTDEBT_DEBT":98.42925604816,"ISSUED_COMMON_SHARES":2010000000,"HK_COMMON_SHARES":2010000000,"PER_SHARES":1000,"TOTAL_MARKET_CAP":6452100000,"HKSK_MARKET_CAP":6452100000,"PE_TTM":5.813770582891,"PB_TTM":1.675243192221,"REPORT_DATE_SQ":"2019-12-31 00:00:00","REPORT_TYPE_SQ":"2019年年报","OPERATE_INCOME_SQ":1993892000,"DPS_HKD":0.109827,"OPERATE_INCOME_QOQ_SQ":6.817111592427,"NET_PROFIT_RATIO_SQ":18.592682051,"HOLDER_PROFIT_SQ":324769000,"HOLDER_PROFIT_QOQ_SQ":-5.238356452168,"ROE_AVG_SQ":26.666475078876,"PE_TTM_SQ":11.730586360877,"PB_TTM_SQ":2.863954857493,"ROA_SQ":10.560116796676,"START_DATE":"2020-01-01 00:00:00","FISCAL_YEAR":"12-31","CURRENCY":"HKD","IS_CNY_CODE":0,"DPS_HKD_LY":null,"ORG_TYPE":"一般企业","PREMIUM_INCOME":null,"PREMIUM_INCOME_YOY":null,"NET_INTEREST_INCOME":null,"NET_INTEREST_INCOME_YOY":null,"FEE_COMMISSION_INCOME":null,"FEE_COMMISSION_INCOME_YOY":null,"ACCOUNTS_RECE_TDAYS":5.171469524849,"INVENTORY_TDAYS":null,"CURRENT_ASSETS_TDAYS":0.620671203711,"TOTAL_ASSETS_TDAYS":0.426218763264,"PREMIUM_EXPENSE":null,"LOAN_DEPOSIT":null,"LOAN_EQUITY":null,"LOAN_ASSETS":null,"DEPOSIT_EQUITY":null,"DEPOSIT_ASSETS":null,"EQUITY_MULTIPLIER":1.530375290641,"EQUITY_RATIO":0.53503366774},{"SECUCODE":"09979.HK","SECURITY_CODE":"09979","SECURITY_NAME_ABBR":"绿城管理控股","ORG_CODE":"10000077193","STD_REPORT_DATE":"2020-06-30 00:00:00","REPORT_DATE":"2020-06-30 00:00:00","DATE_TYPE_CODE":"002","REPORT_TYPE":"2020年中报","PER_NETCASH_OPERATE":-0.034189549509,"PER_OI":0.568749040247,"BPS":0.857460199005,"BASIC_EPS":0.09,"DILUTED_EPS":null,"OPERATE_INCOME":814824000,"OPERATE_INCOME_YOY":-21.3208591107,"GROSS_PROFIT":339836000,"GROSS_PROFIT_YOY":-26.589245750922,"HOLDER_PROFIT":134437000,"HOLDER_PROFIT_YOY":-14.2894485177,"GROSS_PROFIT_RATIO":41.706675306569,"EPS_TTM":0.21104518867,"OPERATE_INCOME_QOQ":-11.074070210423,"NET_PROFIT_RATIO":16.5024594268,"ROE_AVG":8.102875789497,"GROSS_PROFIT_QOQ":-13.962346765037,"ROA":3.510916624577,"HOLDER_PROFIT_QOQ":-6.901212862065,"ROE_YEARLY":16.205751578993,"ROIC_YEARLY":10.427052149416,"TOTAL_ASSETS":3898521000,"TOTAL_LIABILITIES":2090597000,"TAX_EBT":23.426767588336,"OCF_SALES":-6.011359508311,"TOTAL_PARENT_EQUITY":1723495000,"DEBT_ASSET_RATIO":53.6253876791,"OPERATE_PROFIT":197861000,"PRETAX_PROFIT":199891000,"NETCASH_OPERATE":-48982000,"NETCASH_INVEST":118983000,"NETCASH_FINANCE":-1410000,"END_CASH":1207779000,"DIVI_RATIO":0.471592953941,"DIVIDEND_RATE":3.328090909091,"CURRENT_RATIO":1.338163590156,"COMMON_ACS":100000000000,"CURRENTDEBT_DEBT":98.926000563475,"ISSUED_COMMON_SHARES":2010000000,"HK_COMMON_SHARES":2010000000,"PER_SHARES":1000,"TOTAL_MARKET_CAP":6633000000,"HKSK_MARKET_CAP":6633000000,"PE_TTM":5.97677349643,"PB_TTM":1.722212627517,"REPORT_DATE_SQ":"2019-06-30 00:00:00","REPORT_TYPE_SQ":"2019年中报","OPERATE_INCOME_SQ":1035629000,"DPS_HKD":0.109827,"OPERATE_INCOME_QOQ_SQ":0,"NET_PROFIT_RATIO_SQ":18.6341827044,"HOLDER_PROFIT_SQ":156850000,"HOLDER_PROFIT_QOQ_SQ":0,"ROE_AVG_SQ":null,"PE_TTM_SQ":12.078159290088,"PB_TTM_SQ":2.948812779196,"ROA_SQ":null,"START_DATE":"2020-01-01 00:00:00","FISCAL_YEAR":"12-31","CURRENCY":"HKD","IS_CNY_CODE":0,"DPS_HKD_LY":null,"ORG_TYPE":"一般企业","PREMIUM_INCOME":null,"PREMIUM_INCOME_YOY":null,"NET_INTEREST_INCOME":null,"NET_INTEREST_INCOME_YOY":null,"FEE_COMMISSION_INCOME":null,"FEE_COMMISSION_INCOME_YOY":null,"ACCOUNTS_RECE_TDAYS":2.325958594703,"INVENTORY_TDAYS":null,"CURRENT_ASSETS_TDAYS":0.308148681519,"TOTAL_ASSETS_TDAYS":0.212797007349,"PREMIUM_EXPENSE":null,"LOAN_DEPOSIT":null,"LOAN_EQUITY":null,"LOAN_ASSETS":null,"DEPOSIT_EQUITY":null,"DEPOSIT_ASSETS":null,"EQUITY_MULTIPLIER":2.156352258171,"EQUITY_RATIO":1.212998587173}],"count":15},"success":true,"message":"ok","code":0}