{"version":"7ea0e4f4934a05290f9409d3064e9ab1","result":{"pages":3,"data":[{"SECUCODE":"09978.HK","SECURITY_CODE":"09978","SECURITY_NAME_ABBR":"方圆生活服务","ORG_CODE":"10727045","STD_REPORT_DATE":"2024-06-30 00:00:00","REPORT_DATE":"2024-06-30 00:00:00","DATE_TYPE_CODE":"002","REPORT_TYPE":"2024年中报","PER_NETCASH_OPERATE":-0.0563775,"PER_OI":0.4652125,"BPS":0.2449625,"BASIC_EPS":-0.0367,"DILUTED_EPS":-0.0367,"OPERATE_INCOME":186085000,"OPERATE_INCOME_YOY":-14.4810312737,"GROSS_PROFIT":37991000,"GROSS_PROFIT_YOY":-27.312210614931,"HOLDER_PROFIT":-14673000,"HOLDER_PROFIT_YOY":35.9565274322,"GROSS_PROFIT_RATIO":20.415938952629,"EPS_TTM":-0.1309275,"OPERATE_INCOME_QOQ":-7.38312589038,"NET_PROFIT_RATIO":-6.6152564688,"ROE_AVG":-13.924555160142,"GROSS_PROFIT_QOQ":-16.401636142197,"ROA":-3.177538723073,"HOLDER_PROFIT_QOQ":13.592040786022,"ROE_YEARLY":-27.849110320285,"ROIC_YEARLY":-8.862460626889,"TOTAL_ASSETS":445254000,"TOTAL_LIABILITIES":288590000,"TAX_EBT":7.533989333734,"OCF_SALES":-12.118655453153,"TOTAL_PARENT_EQUITY":97985000,"DEBT_ASSET_RATIO":64.8146900421,"OPERATE_PROFIT":-12542000,"PRETAX_PROFIT":-13313000,"NETCASH_OPERATE":-22551000,"NETCASH_INVEST":-1016000,"NETCASH_FINANCE":-10392000,"END_CASH":54317000,"DIVI_RATIO":null,"DIVIDEND_RATE":null,"CURRENT_RATIO":1.190280712776,"COMMON_ACS":10000000000,"CURRENTDEBT_DEBT":97.073356665165,"ISSUED_COMMON_SHARES":400000000,"HK_COMMON_SHARES":400000000,"PER_SHARES":4000,"TOTAL_MARKET_CAP":28000000,"HKSK_MARKET_CAP":28000000,"PE_TTM":-0.481860039732,"PB_TTM":0.260805633515,"REPORT_DATE_SQ":"2023-06-30 00:00:00","REPORT_TYPE_SQ":"2023年中报","OPERATE_INCOME_SQ":217595000,"DPS_HKD":null,"OPERATE_INCOME_QOQ_SQ":-11.757122347127,"NET_PROFIT_RATIO_SQ":-8.5273099106,"HOLDER_PROFIT_SQ":-22911000,"HOLDER_PROFIT_QOQ_SQ":-179.849143863899,"ROE_AVG_SQ":-14.21551290881,"PE_TTM_SQ":-1.98449534514,"PB_TTM_SQ":0.195408112894,"ROA_SQ":-4.108608872486,"START_DATE":"2024-01-01 00:00:00","FISCAL_YEAR":"12-31","CURRENCY":"HKD","IS_CNY_CODE":0,"DPS_HKD_LY":null,"ORG_TYPE":"一般企业","PREMIUM_INCOME":null,"PREMIUM_INCOME_YOY":null,"NET_INTEREST_INCOME":null,"NET_INTEREST_INCOME_YOY":null,"FEE_COMMISSION_INCOME":null,"FEE_COMMISSION_INCOME_YOY":null,"ACCOUNTS_RECE_TDAYS":1.726486210656,"INVENTORY_TDAYS":null,"CURRENT_ASSETS_TDAYS":0.530990243944,"TOTAL_ASSETS_TDAYS":0.402979822315,"PREMIUM_EXPENSE":null,"LOAN_DEPOSIT":null,"LOAN_EQUITY":null,"LOAN_ASSETS":null,"DEPOSIT_EQUITY":null,"DEPOSIT_ASSETS":null,"EQUITY_MULTIPLIER":2.8420951846,"EQUITY_RATIO":2.945246721437},{"SECUCODE":"09978.HK","SECURITY_CODE":"09978","SECURITY_NAME_ABBR":"方圆生活服务","ORG_CODE":"10727045","STD_REPORT_DATE":"2023-12-31 00:00:00","REPORT_DATE":"2023-12-31 00:00:00","DATE_TYPE_CODE":"001","REPORT_TYPE":"2023年年报","PER_NETCASH_OPERATE":0.01205,"PER_OI":1.06696,"BPS":0.2819125,"BASIC_EPS":-0.1515,"DILUTED_EPS":-0.1515,"OPERATE_INCOME":426784000,"OPERATE_INCOME_YOY":-16.6347947533,"GROSS_PROFIT":87034000,"GROSS_PROFIT_YOY":-14.893658631986,"HOLDER_PROFIT":-60609000,"HOLDER_PROFIT_YOY":-433.6948741948,"GROSS_PROFIT_RATIO":20.392985678938,"EPS_TTM":-0.1515225,"OPERATE_INCOME_QOQ":-5.527553651869,"NET_PROFIT_RATIO":-13.3819449651,"ROE_AVG":-42.38287874073,"GROSS_PROFIT_QOQ":-5.871537804311,"ROA":-11.521210802098,"HOLDER_PROFIT_QOQ":-317.906640005516,"ROE_YEARLY":-42.38287874073,"ROIC_YEARLY":-16.791871281437,"TOTAL_ASSETS":478291000,"TOTAL_LIABILITIES":305365000,"TAX_EBT":15.372077171562,"OCF_SALES":1.129376921347,"TOTAL_PARENT_EQUITY":112765000,"DEBT_ASSET_RATIO":63.8450232181,"OPERATE_PROFIT":-66013000,"PRETAX_PROFIT":-67486000,"NETCASH_OPERATE":4820000,"NETCASH_INVEST":-11147000,"NETCASH_FINANCE":-23365000,"END_CASH":88134000,"DIVI_RATIO":null,"DIVIDEND_RATE":null,"CURRENT_RATIO":1.240862749601,"COMMON_ACS":10000000000,"CURRENTDEBT_DEBT":96.973457992894,"ISSUED_COMMON_SHARES":400000000,"HK_COMMON_SHARES":400000000,"PER_SHARES":4000,"TOTAL_MARKET_CAP":25600000,"HKSK_MARKET_CAP":25600000,"PE_TTM":-0.440557750612,"PB_TTM":0.238450864928,"REPORT_DATE_SQ":"2022-12-31 00:00:00","REPORT_TYPE_SQ":"2022年年报","OPERATE_INCOME_SQ":511945000,"DPS_HKD":null,"OPERATE_INCOME_QOQ_SQ":-12.461099141616,"NET_PROFIT_RATIO_SQ":6.1944154157,"HOLDER_PROFIT_SQ":18163000,"HOLDER_PROFIT_QOQ_SQ":-3.705863641183,"ROE_AVG_SQ":10.938765677462,"PE_TTM_SQ":-2.160336704836,"PB_TTM_SQ":0.212722755808,"ROA_SQ":3.533626651129,"START_DATE":"2023-01-01 00:00:00","FISCAL_YEAR":"12-31","CURRENCY":"HKD","IS_CNY_CODE":0,"DPS_HKD_LY":null,"ORG_TYPE":"一般企业","PREMIUM_INCOME":null,"PREMIUM_INCOME_YOY":null,"NET_INTEREST_INCOME":null,"NET_INTEREST_INCOME_YOY":null,"FEE_COMMISSION_INCOME":null,"FEE_COMMISSION_INCOME_YOY":null,"ACCOUNTS_RECE_TDAYS":4.047724729225,"INVENTORY_TDAYS":null,"CURRENT_ASSETS_TDAYS":1.010509168441,"TOTAL_ASSETS_TDAYS":0.811276944177,"PREMIUM_EXPENSE":null,"LOAN_DEPOSIT":null,"LOAN_EQUITY":null,"LOAN_ASSETS":null,"DEPOSIT_EQUITY":null,"DEPOSIT_ASSETS":null,"EQUITY_MULTIPLIER":2.765870950581,"EQUITY_RATIO":2.70797676584},{"SECUCODE":"09978.HK","SECURITY_CODE":"09978","SECURITY_NAME_ABBR":"方圆生活服务","ORG_CODE":"10727045","STD_REPORT_DATE":"2023-06-30 00:00:00","REPORT_DATE":"2023-06-30 00:00:00","DATE_TYPE_CODE":"002","REPORT_TYPE":"2023年中报","PER_NETCASH_OPERATE":-0.00384,"PER_OI":0.5439875,"BPS":0.37274,"BASIC_EPS":-0.0573,"DILUTED_EPS":-0.0573,"OPERATE_INCOME":217595000,"OPERATE_INCOME_YOY":-21.6678366362,"GROSS_PROFIT":52266000,"GROSS_PROFIT_YOY":-15.792356769994,"HOLDER_PROFIT":-22911000,"HOLDER_PROFIT_YOY":-334.8641722194,"GROSS_PROFIT_RATIO":24.019853397367,"EPS_TTM":-0.0362575,"OPERATE_INCOME_QOQ":-11.757122347127,"NET_PROFIT_RATIO":-8.5273099106,"ROE_AVG":-14.21551290881,"GROSS_PROFIT_QOQ":-9.584901970371,"ROA":-4.108608872486,"HOLDER_PROFIT_QOQ":-179.849143863899,"ROE_YEARLY":-28.43102581762,"ROIC_YEARLY":-12.167173167536,"TOTAL_ASSETS":541430000,"TOTAL_LIABILITIES":324023000,"TAX_EBT":10.266950382049,"OCF_SALES":-0.705898573037,"TOTAL_PARENT_EQUITY":149096000,"DEBT_ASSET_RATIO":59.845778771,"OPERATE_PROFIT":-19937000,"PRETAX_PROFIT":-20678000,"NETCASH_OPERATE":-1536000,"NETCASH_INVEST":-2660000,"NETCASH_FINANCE":-1838000,"END_CASH":111801000,"DIVI_RATIO":null,"DIVIDEND_RATE":null,"CURRENT_RATIO":1.406005628291,"COMMON_ACS":10000000000,"CURRENTDEBT_DEBT":97.165324683742,"ISSUED_COMMON_SHARES":400000000,"HK_COMMON_SHARES":400000000,"PER_SHARES":4000,"TOTAL_MARKET_CAP":25600000,"HKSK_MARKET_CAP":25600000,"PE_TTM":-0.440557750612,"PB_TTM":0.238450864928,"REPORT_DATE_SQ":"2022-06-30 00:00:00","REPORT_TYPE_SQ":"2022年中报","OPERATE_INCOME_SQ":277785000,"DPS_HKD":null,"OPERATE_INCOME_QOQ_SQ":2.347184498642,"NET_PROFIT_RATIO_SQ":6.2757168314,"HOLDER_PROFIT_SQ":9755000,"HOLDER_PROFIT_QOQ_SQ":-6.609892558301,"ROE_AVG_SQ":5.989825585858,"PE_TTM_SQ":-2.160336704836,"PB_TTM_SQ":0.212722755808,"ROA_SQ":1.949364483199,"START_DATE":"2023-01-01 00:00:00","FISCAL_YEAR":"12-31","CURRENCY":"HKD","IS_CNY_CODE":0,"DPS_HKD_LY":null,"ORG_TYPE":"一般企业","PREMIUM_INCOME":null,"PREMIUM_INCOME_YOY":null,"NET_INTEREST_INCOME":null,"NET_INTEREST_INCOME_YOY":null,"FEE_COMMISSION_INCOME":null,"FEE_COMMISSION_INCOME_YOY":null,"ACCOUNTS_RECE_TDAYS":1.893579434698,"INVENTORY_TDAYS":null,"CURRENT_ASSETS_TDAYS":0.473080430957,"TOTAL_ASSETS_TDAYS":0.390211142075,"PREMIUM_EXPENSE":null,"LOAN_DEPOSIT":null,"LOAN_EQUITY":null,"LOAN_ASSETS":null,"DEPOSIT_EQUITY":null,"DEPOSIT_ASSETS":null,"EQUITY_MULTIPLIER":2.490398193248,"EQUITY_RATIO":2.173250791436},{"SECUCODE":"09978.HK","SECURITY_CODE":"09978","SECURITY_NAME_ABBR":"方圆生活服务","ORG_CODE":"10727045","STD_REPORT_DATE":"2022-12-31 00:00:00","REPORT_DATE":"2022-12-31 00:00:00","DATE_TYPE_CODE":"001","REPORT_TYPE":"2022年年报","PER_NETCASH_OPERATE":0.04265,"PER_OI":1.2798625,"BPS":0.433105,"BASIC_EPS":0.0454,"DILUTED_EPS":0.0454,"OPERATE_INCOME":511945000,"OPERATE_INCOME_YOY":-10.4063996304,"GROSS_PROFIT":102265000,"GROSS_PROFIT_YOY":-26.218922701759,"HOLDER_PROFIT":18163000,"HOLDER_PROFIT_YOY":-10.0708025944,"GROSS_PROFIT_RATIO":19.975778648097,"EPS_TTM":0.0454075,"OPERATE_INCOME_QOQ":-12.461099141616,"NET_PROFIT_RATIO":6.1944154157,"ROE_AVG":10.938765677462,"GROSS_PROFIT_QOQ":-30.322004796686,"ROA":3.533626651129,"HOLDER_PROFIT_QOQ":-3.705863641183,"ROE_YEARLY":10.938765677462,"ROIC_YEARLY":5.119864244529,"TOTAL_ASSETS":573838000,"TOTAL_LIABILITIES":336331000,"TAX_EBT":-3.39071465832,"OCF_SALES":3.332389221498,"TOTAL_PARENT_EQUITY":173242000,"DEBT_ASSET_RATIO":58.610792593,"OPERATE_PROFIT":31860000,"PRETAX_PROFIT":30672000,"NETCASH_OPERATE":17060000,"NETCASH_INVEST":-20386000,"NETCASH_FINANCE":30810000,"END_CASH":117684000,"DIVI_RATIO":null,"DIVIDEND_RATE":null,"CURRENT_RATIO":1.496214341923,"COMMON_ACS":10000000000,"CURRENTDEBT_DEBT":94.837228801389,"ISSUED_COMMON_SHARES":400000000,"HK_COMMON_SHARES":400000000,"PER_SHARES":4000,"TOTAL_MARKET_CAP":25600000,"HKSK_MARKET_CAP":25600000,"PE_TTM":-0.440557750612,"PB_TTM":0.238450864928,"REPORT_DATE_SQ":"2021-12-31 00:00:00","REPORT_TYPE_SQ":"2021年年报","OPERATE_INCOME_SQ":571408000,"DPS_HKD":null,"OPERATE_INCOME_QOQ_SQ":38.629013671046,"NET_PROFIT_RATIO_SQ":5.1215593761,"HOLDER_PROFIT_SQ":20197000,"HOLDER_PROFIT_QOQ_SQ":4.680211464704,"ROE_AVG_SQ":13.482958547096,"PE_TTM_SQ":-2.160336704836,"PB_TTM_SQ":0.212722755808,"ROA_SQ":5.992428243364,"START_DATE":"2022-01-01 00:00:00","FISCAL_YEAR":"12-31","CURRENCY":"HKD","IS_CNY_CODE":0,"DPS_HKD_LY":null,"ORG_TYPE":"一般企业","PREMIUM_INCOME":null,"PREMIUM_INCOME_YOY":null,"NET_INTEREST_INCOME":null,"NET_INTEREST_INCOME_YOY":null,"FEE_COMMISSION_INCOME":null,"FEE_COMMISSION_INCOME_YOY":null,"ACCOUNTS_RECE_TDAYS":5.092535947517,"INVENTORY_TDAYS":null,"CURRENT_ASSETS_TDAYS":1.203268447006,"TOTAL_ASSETS_TDAYS":0.99599322574,"PREMIUM_EXPENSE":null,"LOAN_DEPOSIT":null,"LOAN_EQUITY":null,"LOAN_ASSETS":null,"DEPOSIT_EQUITY":null,"DEPOSIT_ASSETS":null,"EQUITY_MULTIPLIER":2.41608878896,"EQUITY_RATIO":1.941394119209},{"SECUCODE":"09978.HK","SECURITY_CODE":"09978","SECURITY_NAME_ABBR":"方圆生活服务","ORG_CODE":"10727045","STD_REPORT_DATE":"2022-06-30 00:00:00","REPORT_DATE":"2022-06-30 00:00:00","DATE_TYPE_CODE":"002","REPORT_TYPE":"2022年中报","PER_NETCASH_OPERATE":-0.0939975,"PER_OI":0.6944625,"BPS":0.41719,"BASIC_EPS":0.0244,"DILUTED_EPS":0.0244,"OPERATE_INCOME":277785000,"OPERATE_INCOME_YOY":5.073135305,"GROSS_PROFIT":62068000,"GROSS_PROFIT_YOY":15.141171669202,"HOLDER_PROFIT":9755000,"HOLDER_PROFIT_YOY":-12.0378719567,"GROSS_PROFIT_RATIO":22.343899058625,"EPS_TTM":0.047155,"OPERATE_INCOME_QOQ":2.347184498642,"NET_PROFIT_RATIO":6.2757168314,"ROE_AVG":5.989825585858,"GROSS_PROFIT_QOQ":5.888633969669,"ROA":1.949364483199,"HOLDER_PROFIT_QOQ":-6.609892558301,"ROE_YEARLY":11.979651171716,"ROIC_YEARLY":5.340786527312,"TOTAL_ASSETS":546668000,"TOTAL_LIABILITIES":320407000,"TAX_EBT":1.990217574633,"OCF_SALES":-13.53528808251,"TOTAL_PARENT_EQUITY":166876000,"DEBT_ASSET_RATIO":58.610893632,"OPERATE_PROFIT":18217000,"PRETAX_PROFIT":17787000,"NETCASH_OPERATE":-37599000,"NETCASH_INVEST":-16622000,"NETCASH_FINANCE":38142000,"END_CASH":74301000,"DIVI_RATIO":null,"DIVIDEND_RATE":null,"CURRENT_RATIO":1.524477713416,"COMMON_ACS":10000000000,"CURRENTDEBT_DEBT":92.727999076175,"ISSUED_COMMON_SHARES":400000000,"HK_COMMON_SHARES":400000000,"PER_SHARES":4000,"TOTAL_MARKET_CAP":25600000,"HKSK_MARKET_CAP":25600000,"PE_TTM":-0.440557750612,"PB_TTM":0.238450864928,"REPORT_DATE_SQ":"2021-06-30 00:00:00","REPORT_TYPE_SQ":"2021年中报","OPERATE_INCOME_SQ":264373000,"DPS_HKD":null,"OPERATE_INCOME_QOQ_SQ":48.951124762851,"NET_PROFIT_RATIO_SQ":5.7362136073,"HOLDER_PROFIT_SQ":11090000,"HOLDER_PROFIT_QOQ_SQ":76.782114715045,"ROE_AVG_SQ":7.65365981587,"PE_TTM_SQ":-2.160336704836,"PB_TTM_SQ":0.212722755808,"ROA_SQ":3.590181872333,"START_DATE":"2022-01-01 00:00:00","FISCAL_YEAR":"12-31","CURRENCY":"HKD","IS_CNY_CODE":0,"DPS_HKD_LY":null,"ORG_TYPE":"一般企业","PREMIUM_INCOME":null,"PREMIUM_INCOME_YOY":null,"NET_INTEREST_INCOME":null,"NET_INTEREST_INCOME_YOY":null,"FEE_COMMISSION_INCOME":null,"FEE_COMMISSION_INCOME_YOY":null,"ACCOUNTS_RECE_TDAYS":2.663965475905,"INVENTORY_TDAYS":null,"CURRENT_ASSETS_TDAYS":0.672103303356,"TOTAL_ASSETS_TDAYS":0.55510426752,"PREMIUM_EXPENSE":null,"LOAN_DEPOSIT":null,"LOAN_EQUITY":null,"LOAN_ASSETS":null,"DEPOSIT_EQUITY":null,"DEPOSIT_ASSETS":null,"EQUITY_MULTIPLIER":2.416094687111,"EQUITY_RATIO":1.920030441765},{"SECUCODE":"09978.HK","SECURITY_CODE":"09978","SECURITY_NAME_ABBR":"方圆生活服务","ORG_CODE":"10727045","STD_REPORT_DATE":"2021-12-31 00:00:00","REPORT_DATE":"2021-12-31 00:00:00","DATE_TYPE_CODE":"001","REPORT_TYPE":"2021年年报","PER_NETCASH_OPERATE":-0.044565,"PER_OI":1.42852,"BPS":0.3971075,"BASIC_EPS":0.0505,"DILUTED_EPS":0.0505,"OPERATE_INCOME":571408000,"OPERATE_INCOME_YOY":106.4894751107,"GROSS_PROFIT":138606000,"GROSS_PROFIT_YOY":175.99761051374,"HOLDER_PROFIT":20197000,"HOLDER_PROFIT_YOY":85.0558915155,"GROSS_PROFIT_RATIO":24.256923249237,"EPS_TTM":0.0504925,"OPERATE_INCOME_QOQ":38.629013671046,"NET_PROFIT_RATIO":5.1215593761,"ROE_AVG":13.482958547096,"GROSS_PROFIT_QOQ":-55.603885933191,"ROA":5.992428243364,"HOLDER_PROFIT_QOQ":4.680211464704,"ROE_YEARLY":13.482958547096,"ROIC_YEARLY":10.155676458461,"TOTAL_ASSETS":454171000,"TOTAL_LIABILITIES":249121000,"TAX_EBT":6.480682580769,"OCF_SALES":-3.119662307843,"TOTAL_PARENT_EQUITY":158843000,"DEBT_ASSET_RATIO":54.8518069185,"OPERATE_PROFIT":31554000,"PRETAX_PROFIT":31293000,"NETCASH_OPERATE":-17826000,"NETCASH_INVEST":-23083000,"NETCASH_FINANCE":-7202000,"END_CASH":90342000,"DIVI_RATIO":null,"DIVIDEND_RATE":null,"CURRENT_RATIO":1.619777285554,"COMMON_ACS":10000000000,"CURRENTDEBT_DEBT":92.605199882788,"ISSUED_COMMON_SHARES":400000000,"HK_COMMON_SHARES":400000000,"PER_SHARES":4000,"TOTAL_MARKET_CAP":25600000,"HKSK_MARKET_CAP":25600000,"PE_TTM":-0.440557750612,"PB_TTM":0.238450864928,"REPORT_DATE_SQ":"2020-12-31 00:00:00","REPORT_TYPE_SQ":"2020年年报","OPERATE_INCOME_SQ":276725000,"DPS_HKD":null,"OPERATE_INCOME_QOQ_SQ":7.678868131569,"NET_PROFIT_RATIO_SQ":4.218989972,"HOLDER_PROFIT_SQ":10914000,"HOLDER_PROFIT_QOQ_SQ":-34.058365053471,"ROE_AVG_SQ":8.120535714286,"PE_TTM_SQ":-2.160336704836,"PB_TTM_SQ":0.212722755808,"ROA_SQ":5.072610274894,"START_DATE":"2021-01-01 00:00:00","FISCAL_YEAR":"12-31","CURRENCY":"HKD","IS_CNY_CODE":0,"DPS_HKD_LY":0.01,"ORG_TYPE":"一般企业","PREMIUM_INCOME":null,"PREMIUM_INCOME_YOY":null,"NET_INTEREST_INCOME":null,"NET_INTEREST_INCOME_YOY":null,"FEE_COMMISSION_INCOME":null,"FEE_COMMISSION_INCOME_YOY":null,"ACCOUNTS_RECE_TDAYS":9.696138737348,"INVENTORY_TDAYS":null,"CURRENT_ASSETS_TDAYS":1.95390236438,"TOTAL_ASSETS_TDAYS":1.695361408964,"PREMIUM_EXPENSE":null,"LOAN_DEPOSIT":null,"LOAN_EQUITY":null,"LOAN_ASSETS":null,"DEPOSIT_EQUITY":null,"DEPOSIT_ASSETS":null,"EQUITY_MULTIPLIER":2.214928066323,"EQUITY_RATIO":1.56834736186},{"SECUCODE":"09978.HK","SECURITY_CODE":"09978","SECURITY_NAME_ABBR":"方圆生活服务","ORG_CODE":"10727045","STD_REPORT_DATE":"2021-06-30 00:00:00","REPORT_DATE":"2021-06-30 00:00:00","DATE_TYPE_CODE":"002","REPORT_TYPE":"2021年中报","PER_NETCASH_OPERATE":-0.1756125,"PER_OI":0.6609325,"BPS":0.372615,"BASIC_EPS":0.0277,"DILUTED_EPS":0.0277,"OPERATE_INCOME":264373000,"OPERATE_INCOME_YOY":105.0786189135,"GROSS_PROFIT":53906000,"GROSS_PROFIT_YOY":192.522248751899,"HOLDER_PROFIT":11090000,"HOLDER_PROFIT_YOY":309.2250922509,"GROSS_PROFIT_RATIO":20.390130610917,"EPS_TTM":0.048235,"OPERATE_INCOME_QOQ":48.951124762851,"NET_PROFIT_RATIO":5.7362136073,"ROE_AVG":7.65365981587,"GROSS_PROFIT_QOQ":12.820670340591,"ROA":3.590181872333,"HOLDER_PROFIT_QOQ":76.782114715045,"ROE_YEARLY":15.307319631741,"ROIC_YEARLY":12.949442876201,"TOTAL_ASSETS":397883000,"TOTAL_LIABILITIES":210537000,"TAX_EBT":14.803370786517,"OCF_SALES":-26.570413771452,"TOTAL_PARENT_EQUITY":149046000,"DEBT_ASSET_RATIO":52.9142989271,"OPERATE_PROFIT":17963000,"PRETAX_PROFIT":17800000,"NETCASH_OPERATE":-70245000,"NETCASH_INVEST":35156000,"NETCASH_FINANCE":-6813000,"END_CASH":97146000,"DIVI_RATIO":null,"DIVIDEND_RATE":null,"CURRENT_RATIO":1.781197769452,"COMMON_ACS":10000000000,"CURRENTDEBT_DEBT":92.927608923847,"ISSUED_COMMON_SHARES":400000000,"HK_COMMON_SHARES":400000000,"PER_SHARES":4000,"TOTAL_MARKET_CAP":25600000,"HKSK_MARKET_CAP":25600000,"PE_TTM":-0.440557750612,"PB_TTM":0.238450864928,"REPORT_DATE_SQ":"2020-06-30 00:00:00","REPORT_TYPE_SQ":"2020年中报","OPERATE_INCOME_SQ":128913000,"DPS_HKD":null,"OPERATE_INCOME_QOQ_SQ":0.484060793031,"NET_PROFIT_RATIO_SQ":2.0269484071,"HOLDER_PROFIT_SQ":2710000,"HOLDER_PROFIT_QOQ_SQ":-20.842699316084,"ROE_AVG_SQ":2.098310898441,"PE_TTM_SQ":-2.160336704836,"PB_TTM_SQ":0.212722755808,"ROA_SQ":1.263114719714,"START_DATE":"2021-01-01 00:00:00","FISCAL_YEAR":"12-31","CURRENCY":"HKD","IS_CNY_CODE":0,"DPS_HKD_LY":0.01,"ORG_TYPE":"一般企业","PREMIUM_INCOME":null,"PREMIUM_INCOME_YOY":null,"NET_INTEREST_INCOME":null,"NET_INTEREST_INCOME_YOY":null,"FEE_COMMISSION_INCOME":null,"FEE_COMMISSION_INCOME_YOY":null,"ACCOUNTS_RECE_TDAYS":5.475261468365,"INVENTORY_TDAYS":1631.52713178295,"CURRENT_ASSETS_TDAYS":0.944705499791,"TOTAL_ASSETS_TDAYS":0.855858568201,"PREMIUM_EXPENSE":null,"LOAN_DEPOSIT":null,"LOAN_EQUITY":null,"LOAN_ASSETS":null,"DEPOSIT_EQUITY":null,"DEPOSIT_ASSETS":null,"EQUITY_MULTIPLIER":2.123787003727,"EQUITY_RATIO":1.412563906445},{"SECUCODE":"09978.HK","SECURITY_CODE":"09978","SECURITY_NAME_ABBR":"方圆生活服务","ORG_CODE":"10727045","STD_REPORT_DATE":"2020-12-31 00:00:00","REPORT_DATE":"2020-12-31 00:00:00","DATE_TYPE_CODE":"001","REPORT_TYPE":"2020年年报","PER_NETCASH_OPERATE":0.107005,"PER_OI":0.6918125,"BPS":0.351875,"BASIC_EPS":0.0273,"DILUTED_EPS":0.0273,"OPERATE_INCOME":276725000,"OPERATE_INCOME_YOY":7.9797092967,"GROSS_PROFIT":50220000,"GROSS_PROFIT_YOY":-80.403863037752,"HOLDER_PROFIT":10914000,"HOLDER_PROFIT_YOY":-50.7602075344,"GROSS_PROFIT_RATIO":null,"EPS_TTM":0.027285,"OPERATE_INCOME_QOQ":7.678868131569,"NET_PROFIT_RATIO":4.218989972,"ROE_AVG":8.120535714286,"GROSS_PROFIT_QOQ":7.678868131569,"ROA":5.072610274894,"HOLDER_PROFIT_QOQ":-34.058365053471,"ROE_YEARLY":8.120535714286,"ROIC_YEARLY":11.409336337074,"TOTAL_ASSETS":219913000,"TOTAL_LIABILITIES":77857000,"TAX_EBT":46.912513641324,"OCF_SALES":15.467341223236,"TOTAL_PARENT_EQUITY":140750000,"DEBT_ASSET_RATIO":35.4035459477,"OPERATE_PROFIT":22425000,"PRETAX_PROFIT":21992000,"NETCASH_OPERATE":42802000,"NETCASH_INVEST":1192000,"NETCASH_FINANCE":-4131000,"END_CASH":138481000,"DIVI_RATIO":null,"DIVIDEND_RATE":null,"CURRENT_RATIO":3.050375505488,"COMMON_ACS":10000000000,"CURRENTDEBT_DEBT":88.932273270226,"ISSUED_COMMON_SHARES":400000000,"HK_COMMON_SHARES":400000000,"PER_SHARES":4000,"TOTAL_MARKET_CAP":25600000,"HKSK_MARKET_CAP":25600000,"PE_TTM":-0.440557750612,"PB_TTM":0.238450864928,"REPORT_DATE_SQ":"2019-12-31 00:00:00","REPORT_TYPE_SQ":"2019年年报","OPERATE_INCOME_SQ":256275000,"DPS_HKD":null,"OPERATE_INCOME_QOQ_SQ":-9.501663241308,"NET_PROFIT_RATIO_SQ":8.7472441713,"HOLDER_PROFIT_SQ":22165000,"HOLDER_PROFIT_QOQ_SQ":-36.133122028526,"ROE_AVG_SQ":18.91728116892,"PE_TTM_SQ":-2.160336704836,"PB_TTM_SQ":0.212722755808,"ROA_SQ":11.386578581006,"START_DATE":"2020-01-01 00:00:00","FISCAL_YEAR":"12-31","CURRENCY":"HKD","IS_CNY_CODE":0,"DPS_HKD_LY":null,"ORG_TYPE":"一般企业","PREMIUM_INCOME":null,"PREMIUM_INCOME_YOY":null,"NET_INTEREST_INCOME":null,"NET_INTEREST_INCOME_YOY":null,"FEE_COMMISSION_INCOME":null,"FEE_COMMISSION_INCOME_YOY":null,"ACCOUNTS_RECE_TDAYS":9.420906599486,"INVENTORY_TDAYS":null,"CURRENT_ASSETS_TDAYS":1.366050757011,"TOTAL_ASSETS_TDAYS":1.286162798534,"PREMIUM_EXPENSE":null,"LOAN_DEPOSIT":null,"LOAN_EQUITY":null,"LOAN_ASSETS":null,"DEPOSIT_EQUITY":null,"DEPOSIT_ASSETS":null,"EQUITY_MULTIPLIER":1.54807259109,"EQUITY_RATIO":0.553158081705},{"SECUCODE":"09978.HK","SECURITY_CODE":"09978","SECURITY_NAME_ABBR":"方圆生活服务","ORG_CODE":"10727045","STD_REPORT_DATE":"2020-06-30 00:00:00","REPORT_DATE":"2020-06-30 00:00:00","DATE_TYPE_CODE":"002","REPORT_TYPE":"2020年中报","PER_NETCASH_OPERATE":-0.015525,"PER_OI":0.3222825,"BPS":0.3256325,"BASIC_EPS":0.0068,"DILUTED_EPS":0.0068,"OPERATE_INCOME":128913000,"OPERATE_INCOME_YOY":0.5585154099,"GROSS_PROFIT":18428000,"GROSS_PROFIT_YOY":-85.625248640764,"HOLDER_PROFIT":2710000,"HOLDER_PROFIT_YOY":-67.4435367612,"GROSS_PROFIT_RATIO":null,"EPS_TTM":0.0413775,"OPERATE_INCOME_QOQ":0.484060793031,"NET_PROFIT_RATIO":2.0269484071,"ROE_AVG":2.098310898441,"GROSS_PROFIT_QOQ":0.484060793031,"ROA":1.263114719714,"HOLDER_PROFIT_QOQ":-20.842699316084,"ROE_YEARLY":4.196621796882,"ROIC_YEARLY":4.53691263932,"TOTAL_ASSETS":218700000,"TOTAL_LIABILITIES":87999000,"TAX_EBT":26.269751693002,"OCF_SALES":-4.817202299225,"TOTAL_PARENT_EQUITY":130253000,"DEBT_ASSET_RATIO":40.2373113855,"OPERATE_PROFIT":3774000,"PRETAX_PROFIT":3544000,"NETCASH_OPERATE":-6210000,"NETCASH_INVEST":730000,"NETCASH_FINANCE":-2161000,"END_CASH":90514000,"DIVI_RATIO":null,"DIVIDEND_RATE":null,"CURRENT_RATIO":2.543062346816,"COMMON_ACS":10000000000,"CURRENTDEBT_DEBT":93.193104467096,"ISSUED_COMMON_SHARES":400000000,"HK_COMMON_SHARES":400000000,"PER_SHARES":4000,"TOTAL_MARKET_CAP":25600000,"HKSK_MARKET_CAP":25600000,"PE_TTM":-0.440557750612,"PB_TTM":0.238450864928,"REPORT_DATE_SQ":"2019-06-30 00:00:00","REPORT_TYPE_SQ":"2019年中报","OPERATE_INCOME_SQ":128197000,"DPS_HKD":null,"OPERATE_INCOME_QOQ_SQ":6.491167689833,"NET_PROFIT_RATIO_SQ":6.536814434,"HOLDER_PROFIT_SQ":8324000,"HOLDER_PROFIT_QOQ_SQ":9.250378190479,"ROE_AVG_SQ":7.53275899515,"PE_TTM_SQ":-2.160336704836,"PB_TTM_SQ":0.212722755808,"ROA_SQ":4.42618810236,"START_DATE":"2020-01-01 00:00:00","FISCAL_YEAR":"12-31","CURRENCY":"HKD","IS_CNY_CODE":0,"DPS_HKD_LY":null,"ORG_TYPE":"一般企业","PREMIUM_INCOME":null,"PREMIUM_INCOME_YOY":null,"NET_INTEREST_INCOME":null,"NET_INTEREST_INCOME_YOY":null,"FEE_COMMISSION_INCOME":null,"FEE_COMMISSION_INCOME_YOY":null,"ACCOUNTS_RECE_TDAYS":3.01836827872,"INVENTORY_TDAYS":null,"CURRENT_ASSETS_TDAYS":0.640574222593,"TOTAL_ASSETS_TDAYS":0.60085574857,"PREMIUM_EXPENSE":null,"LOAN_DEPOSIT":null,"LOAN_EQUITY":null,"LOAN_ASSETS":null,"DEPOSIT_EQUITY":null,"DEPOSIT_ASSETS":null,"EQUITY_MULTIPLIER":1.673284825672,"EQUITY_RATIO":0.675600561983}],"count":24},"success":true,"message":"ok","code":0}