{"version":"aac01857f03b9efa2dc7c3d31b8cc3cb","result":{"pages":3,"data":[{"SECUCODE":"09989.HK","SECURITY_CODE":"09989","SECURITY_NAME_ABBR":"海普瑞","ORG_CODE":"10140532","STD_REPORT_DATE":"2024-09-30 00:00:00","REPORT_DATE":"2024-09-30 00:00:00","DATE_TYPE_CODE":"004","REPORT_TYPE":"2024年三季报","PER_NETCASH_OPERATE":1.221388855689,"PER_OI":2.77307610821,"BPS":8.273983761809,"BASIC_EPS":0.5317,"DILUTED_EPS":0.5317,"OPERATE_INCOME":4068924046.98,"OPERATE_INCOME_YOY":0.1400604743,"GROSS_PROFIT":1350998872.86,"GROSS_PROFIT_YOY":0.628714390783,"HOLDER_PROFIT":780113811.99,"HOLDER_PROFIT_YOY":444.8859057494,"GROSS_PROFIT_RATIO":33.202853070279,"EPS_TTM":-0.099716954812,"OPERATE_INCOME_QOQ":-2.101781463018,"NET_PROFIT_RATIO":19.1465674632,"ROE_AVG":6.486479756106,"GROSS_PROFIT_QOQ":-3.248548177152,"ROA":4.18013275109,"HOLDER_PROFIT_QOQ":39.769264635296,"ROE_YEARLY":8.648639674808,"ROIC_YEARLY":4.716384483927,"TOTAL_ASSETS":18121417326.69,"TOTAL_LIABILITIES":5906888588.09,"TAX_EBT":12.189263750748,"OCF_SALES":44.044548653842,"TOTAL_PARENT_EQUITY":12140384965.66,"DEBT_ASSET_RATIO":32.5961732551,"OPERATE_PROFIT":970161920.24,"PRETAX_PROFIT":887202773.78,"NETCASH_OPERATE":1792139231.56,"NETCASH_INVEST":-226221859.93,"NETCASH_FINANCE":-1345954669.9,"END_CASH":1995479199.24,"DIVI_RATIO":null,"DIVIDEND_RATE":null,"CURRENT_RATIO":2.389146709286,"COMMON_ACS":null,"CURRENTDEBT_DEBT":73.495404570916,"ISSUED_COMMON_SHARES":1467296204,"HK_COMMON_SHARES":220094500,"PER_SHARES":500,"TOTAL_MARKET_CAP":6925638082.88,"HKSK_MARKET_CAP":1038846040,"PE_TTM":-44.606041724668,"PB_TTM":0.514437654525,"REPORT_DATE_SQ":"2023-09-30 00:00:00","REPORT_TYPE_SQ":"2023年三季报","OPERATE_INCOME_SQ":4063233063.48,"DPS_HKD":null,"OPERATE_INCOME_QOQ_SQ":-4.619860523033,"NET_PROFIT_RATIO_SQ":3.4919356272,"HOLDER_PROFIT_SQ":143170121.26,"HOLDER_PROFIT_QOQ_SQ":-35.75058546477,"ROE_AVG_SQ":1.158385867393,"PE_TTM_SQ":16.277189198034,"PB_TTM_SQ":0.29954159753,"ROA_SQ":0.699503814031,"START_DATE":"2024-01-01 00:00:00","FISCAL_YEAR":"12-31","CURRENCY":"HKD","IS_CNY_CODE":0,"DPS_HKD_LY":null,"ORG_TYPE":"一般企业","PREMIUM_INCOME":null,"PREMIUM_INCOME_YOY":null,"NET_INTEREST_INCOME":null,"NET_INTEREST_INCOME_YOY":null,"FEE_COMMISSION_INCOME":null,"FEE_COMMISSION_INCOME_YOY":null,"ACCOUNTS_RECE_TDAYS":3.303811206385,"INVENTORY_TDAYS":0.443130349012,"CURRENT_ASSETS_TDAYS":0.387955303538,"TOTAL_ASSETS_TDAYS":0.218027708381,"PREMIUM_EXPENSE":null,"LOAN_DEPOSIT":null,"LOAN_EQUITY":null,"LOAN_ASSETS":null,"DEPOSIT_EQUITY":null,"DEPOSIT_ASSETS":null,"EQUITY_MULTIPLIER":1.483595291681,"EQUITY_RATIO":0.486548705399},{"SECUCODE":"09989.HK","SECURITY_CODE":"09989","SECURITY_NAME_ABBR":"海普瑞","ORG_CODE":"10140532","STD_REPORT_DATE":"2024-06-30 00:00:00","REPORT_DATE":"2024-06-30 00:00:00","DATE_TYPE_CODE":"002","REPORT_TYPE":"2024年中报","PER_NETCASH_OPERATE":0.882468036427,"PER_OI":1.927802302145,"BPS":8.270330807726,"BASIC_EPS":0.45,"DILUTED_EPS":0.45,"OPERATE_INCOME":2828657000,"OPERATE_INCOME_YOY":4.5232768935,"GROSS_PROFIT":999274000,"GROSS_PROFIT_YOY":4.204146584105,"HOLDER_PROFIT":663684000,"HOLDER_PROFIT_YOY":438.0538147857,"GROSS_PROFIT_RATIO":35.326799961961,"EPS_TTM":-0.165558255612,"OPERATE_INCOME_QOQ":0.911846261574,"NET_PROFIT_RATIO":23.4328870556,"ROE_AVG":5.519620696437,"GROSS_PROFIT_QOQ":2.14917416106,"ROA":3.513700307068,"HOLDER_PROFIT_QOQ":65.034863417819,"ROE_YEARLY":11.039241392873,"ROIC_YEARLY":7.912404931048,"TOTAL_ASSETS":18573510000,"TOTAL_LIABILITIES":6364087000,"TAX_EBT":13.653766239518,"OCF_SALES":45.775857588955,"TOTAL_PARENT_EQUITY":12135025000,"DEBT_ASSET_RATIO":34.2643205296,"OPERATE_PROFIT":929918000,"PRETAX_PROFIT":767649000,"NETCASH_OPERATE":1294842000,"NETCASH_INVEST":160063000,"NETCASH_FINANCE":-1028824000,"END_CASH":2202718000,"DIVI_RATIO":null,"DIVIDEND_RATE":null,"CURRENT_RATIO":2.366484676363,"COMMON_ACS":null,"CURRENTDEBT_DEBT":70.39358512855,"ISSUED_COMMON_SHARES":1467296204,"HK_COMMON_SHARES":220094500,"PER_SHARES":500,"TOTAL_MARKET_CAP":6118625170.68,"HKSK_MARKET_CAP":917794065,"PE_TTM":-39.408303811836,"PB_TTM":0.454492588849,"REPORT_DATE_SQ":"2023-06-30 00:00:00","REPORT_TYPE_SQ":"2023年中报","OPERATE_INCOME_SQ":2706246000,"DPS_HKD":null,"OPERATE_INCOME_QOQ_SQ":-6.738071898295,"NET_PROFIT_RATIO_SQ":4.5216140735,"HOLDER_PROFIT_SQ":123349000,"HOLDER_PROFIT_QOQ_SQ":-39.269375058532,"ROE_AVG_SQ":0.998358381189,"PE_TTM_SQ":21.938820223438,"PB_TTM_SQ":0.403729979279,"ROA_SQ":0.593000731822,"START_DATE":"2024-01-01 00:00:00","FISCAL_YEAR":"12-31","CURRENCY":"HKD","IS_CNY_CODE":0,"DPS_HKD_LY":null,"ORG_TYPE":"一般企业","PREMIUM_INCOME":null,"PREMIUM_INCOME_YOY":null,"NET_INTEREST_INCOME":null,"NET_INTEREST_INCOME_YOY":null,"FEE_COMMISSION_INCOME":null,"FEE_COMMISSION_INCOME_YOY":null,"ACCOUNTS_RECE_TDAYS":2.194732802257,"INVENTORY_TDAYS":0.288629252327,"CURRENT_ASSETS_TDAYS":0.26678012563,"TOTAL_ASSETS_TDAYS":0.149755802001,"PREMIUM_EXPENSE":null,"LOAN_DEPOSIT":null,"LOAN_EQUITY":null,"LOAN_ASSETS":null,"DEPOSIT_EQUITY":null,"DEPOSIT_ASSETS":null,"EQUITY_MULTIPLIER":1.521243878601,"EQUITY_RATIO":0.52443954586},{"SECUCODE":"09989.HK","SECURITY_CODE":"09989","SECURITY_NAME_ABBR":"海普瑞","ORG_CODE":"10140532","STD_REPORT_DATE":"2024-03-31 00:00:00","REPORT_DATE":"2024-03-31 00:00:00","DATE_TYPE_CODE":"003","REPORT_TYPE":"2024年一季报","PER_NETCASH_OPERATE":0.600051904823,"PER_OI":0.93590640948,"BPS":8.221735806658,"BASIC_EPS":0.1057,"DILUTED_EPS":0.1057,"OPERATE_INCOME":1373251921.93,"OPERATE_INCOME_YOY":5.5518089188,"GROSS_PROFIT":473701611.49,"GROSS_PROFIT_YOY":4.332694229067,"HOLDER_PROFIT":155040262.39,"HOLDER_PROFIT_YOY":133.0030180595,"GROSS_PROFIT_RATIO":34.494880649739,"EPS_TTM":-0.473495234954,"OPERATE_INCOME_QOQ":1.32996839775,"NET_PROFIT_RATIO":11.2577914126,"ROE_AVG":1.293248504462,"GROSS_PROFIT_QOQ":2.090743995086,"ROA":0.814321571236,"HOLDER_PROFIT_QOQ":11.29898949516,"ROE_YEARLY":5.172994017847,"ROIC_YEARLY":3.663989930942,"TOTAL_ASSETS":18874970670.54,"TOTAL_LIABILITIES":6736457897.24,"TAX_EBT":14.683861105703,"OCF_SALES":64.114520292285,"TOTAL_PARENT_EQUITY":12063721739.4,"DEBT_ASSET_RATIO":35.689898622,"OPERATE_PROFIT":243938033.59,"PRETAX_PROFIT":181205852.66,"NETCASH_OPERATE":880453882.15,"NETCASH_INVEST":130688287.99,"NETCASH_FINANCE":-670833066.44,"END_CASH":2108383601.96,"DIVI_RATIO":null,"DIVIDEND_RATE":null,"CURRENT_RATIO":2.262678027504,"COMMON_ACS":null,"CURRENTDEBT_DEBT":68.488507955053,"ISSUED_COMMON_SHARES":1467296204,"HK_COMMON_SHARES":220094500,"PER_SHARES":500,"TOTAL_MARKET_CAP":6118625170.68,"HKSK_MARKET_CAP":917794065,"PE_TTM":-39.408303811836,"PB_TTM":0.454492588849,"REPORT_DATE_SQ":"2023-03-31 00:00:00","REPORT_TYPE_SQ":"2023年一季报","OPERATE_INCOME_SQ":1301021684.04,"DPS_HKD":null,"OPERATE_INCOME_QOQ_SQ":-8.520469007371,"NET_PROFIT_RATIO_SQ":5.0689888515,"HOLDER_PROFIT_SQ":66540023.25,"HOLDER_PROFIT_QOQ_SQ":-23.161693795843,"ROE_AVG_SQ":0.539036639938,"PE_TTM_SQ":21.938820223438,"PB_TTM_SQ":0.403729979279,"ROA_SQ":0.321160601217,"START_DATE":"2024-01-01 00:00:00","FISCAL_YEAR":"12-31","CURRENCY":"HKD","IS_CNY_CODE":0,"DPS_HKD_LY":null,"ORG_TYPE":"一般企业","PREMIUM_INCOME":null,"PREMIUM_INCOME_YOY":null,"NET_INTEREST_INCOME":null,"NET_INTEREST_INCOME_YOY":null,"FEE_COMMISSION_INCOME":null,"FEE_COMMISSION_INCOME_YOY":null,"ACCOUNTS_RECE_TDAYS":1.135748838231,"INVENTORY_TDAYS":0.138437736246,"CURRENT_ASSETS_TDAYS":0.130515013475,"TOTAL_ASSETS_TDAYS":0.072127629658,"PREMIUM_EXPENSE":null,"LOAN_DEPOSIT":null,"LOAN_EQUITY":null,"LOAN_ASSETS":null,"DEPOSIT_EQUITY":null,"DEPOSIT_ASSETS":null,"EQUITY_MULTIPLIER":1.554965671912,"EQUITY_RATIO":0.558406273185},{"SECUCODE":"09989.HK","SECURITY_CODE":"09989","SECURITY_NAME_ABBR":"海普瑞","ORG_CODE":"10140532","STD_REPORT_DATE":"2023-12-31 00:00:00","REPORT_DATE":"2023-12-31 00:00:00","DATE_TYPE_CODE":"001","REPORT_TYPE":"2023年年报","PER_NETCASH_OPERATE":0.27139509999,"PER_OI":3.701348088542,"BPS":8.119115940956,"BASIC_EPS":-0.53,"DILUTED_EPS":-0.53,"OPERATE_INCOME":5430974000,"OPERATE_INCOME_YOY":-24.0533578407,"GROSS_PROFIT":940896000,"GROSS_PROFIT_YOY":-58.916229184578,"HOLDER_PROFIT":-783258000,"HOLDER_PROFIT_YOY":-207.6754304567,"GROSS_PROFIT_RATIO":17.324627221563,"EPS_TTM":-0.533810418009,"OPERATE_INCOME_QOQ":-6.669776740263,"NET_PROFIT_RATIO":-14.7700762331,"ROE_AVG":-6.466289018331,"GROSS_PROFIT_QOQ":-50.272696556129,"ROA":-3.914565536017,"HOLDER_PROFIT_QOQ":-459.310348179222,"ROE_YEARLY":-6.466289018331,"ROIC_YEARLY":-4.360552459791,"TOTAL_ASSETS":19203415131.24,"TOTAL_LIABILITIES":7215037414.42,"TAX_EBT":13.591552178419,"OCF_SALES":7.332331180374,"TOTAL_PARENT_EQUITY":11913149195.32,"DEBT_ASSET_RATIO":37.5716467543,"OPERATE_PROFIT":-252296000,"PRETAX_PROFIT":-928334000,"NETCASH_OPERATE":398217000,"NETCASH_INVEST":1221568000,"NETCASH_FINANCE":-1210172000,"END_CASH":1765645000,"DIVI_RATIO":null,"DIVIDEND_RATE":null,"CURRENT_RATIO":2.12673123444,"COMMON_ACS":null,"CURRENTDEBT_DEBT":69.108169725975,"ISSUED_COMMON_SHARES":1467296204,"HK_COMMON_SHARES":220094500,"PER_SHARES":500,"TOTAL_MARKET_CAP":6118625170.68,"HKSK_MARKET_CAP":917794065,"PE_TTM":-39.408303811836,"PB_TTM":0.454492588849,"REPORT_DATE_SQ":"2022-12-31 00:00:00","REPORT_TYPE_SQ":"2022年年报","OPERATE_INCOME_SQ":7151039000,"DPS_HKD":null,"OPERATE_INCOME_QOQ_SQ":0.384042426054,"NET_PROFIT_RATIO_SQ":9.9941700779,"HOLDER_PROFIT_SQ":727425000,"HOLDER_PROFIT_QOQ_SQ":68.484188157699,"ROE_AVG_SQ":6.129911097459,"PE_TTM_SQ":21.938820223438,"PB_TTM_SQ":0.403729979279,"ROA_SQ":3.642453089158,"START_DATE":"2023-01-01 00:00:00","FISCAL_YEAR":"12-31","CURRENCY":"HKD","IS_CNY_CODE":0,"DPS_HKD_LY":0.11215,"ORG_TYPE":"一般企业","PREMIUM_INCOME":null,"PREMIUM_INCOME_YOY":null,"NET_INTEREST_INCOME":null,"NET_INTEREST_INCOME_YOY":null,"FEE_COMMISSION_INCOME":null,"FEE_COMMISSION_INCOME_YOY":null,"ACCOUNTS_RECE_TDAYS":3.784921499179,"INVENTORY_TDAYS":0.665294465106,"CURRENT_ASSETS_TDAYS":0.470691410946,"TOTAL_ASSETS_TDAYS":0.271429128683,"PREMIUM_EXPENSE":null,"LOAN_DEPOSIT":null,"LOAN_EQUITY":null,"LOAN_ASSETS":null,"DEPOSIT_EQUITY":null,"DEPOSIT_ASSETS":null,"EQUITY_MULTIPLIER":1.601836261905,"EQUITY_RATIO":0.605636452304},{"SECUCODE":"09989.HK","SECURITY_CODE":"09989","SECURITY_NAME_ABBR":"海普瑞","ORG_CODE":"10140532","STD_REPORT_DATE":"2023-09-30 00:00:00","REPORT_DATE":"2023-09-30 00:00:00","DATE_TYPE_CODE":"004","REPORT_TYPE":"2023年三季报","PER_NETCASH_OPERATE":-0.159469485631,"PER_OI":2.769197556978,"BPS":8.455115486089,"BASIC_EPS":0.0976,"DILUTED_EPS":0.0976,"OPERATE_INCOME":4063233063.48,"OPERATE_INCOME_YOY":-24.6876844069,"GROSS_PROFIT":1342558017.4,"GROSS_PROFIT_YOY":-22.869666742791,"HOLDER_PROFIT":143170121.26,"HOLDER_PROFIT_YOY":-78.0500731917,"GROSS_PROFIT_RATIO":33.041619725602,"EPS_TTM":0.148565278098,"OPERATE_INCOME_QOQ":-4.619860523033,"NET_PROFIT_RATIO":3.4919356272,"ROE_AVG":1.158385867393,"GROSS_PROFIT_QOQ":-6.823292533991,"ROA":0.699503814031,"HOLDER_PROFIT_QOQ":-35.75058546477,"ROE_YEARLY":1.544514489858,"ROIC_YEARLY":0.776316470334,"TOTAL_ASSETS":20120561011.47,"TOTAL_LIABILITIES":7621518381.46,"TAX_EBT":21.685888771734,"OCF_SALES":-5.758689380215,"TOTAL_PARENT_EQUITY":12406158857.12,"DEBT_ASSET_RATIO":37.8792538494,"OPERATE_PROFIT":255325267.76,"PRETAX_PROFIT":181174862.02,"NETCASH_OPERATE":-233988970.92,"NETCASH_INVEST":1312338280.1,"NETCASH_FINANCE":-672098505.03,"END_CASH":1757779083.22,"DIVI_RATIO":null,"DIVIDEND_RATE":null,"CURRENT_RATIO":2.373149727459,"COMMON_ACS":null,"CURRENTDEBT_DEBT":65.56687716684,"ISSUED_COMMON_SHARES":1467296204,"HK_COMMON_SHARES":220094500,"PER_SHARES":500,"TOTAL_MARKET_CAP":6118625170.68,"HKSK_MARKET_CAP":917794065,"PE_TTM":-39.408303811836,"PB_TTM":0.454492588849,"REPORT_DATE_SQ":"2022-09-30 00:00:00","REPORT_TYPE_SQ":"2022年三季报","OPERATE_INCOME_SQ":5395177444.06,"DPS_HKD":null,"OPERATE_INCOME_QOQ_SQ":1.694857548733,"NET_PROFIT_RATIO_SQ":12.0489753323,"HOLDER_PROFIT_SQ":652257852.66,"HOLDER_PROFIT_QOQ_SQ":4.294956482965,"ROE_AVG_SQ":5.487521763807,"PE_TTM_SQ":21.938820223438,"PB_TTM_SQ":0.403729979279,"ROA_SQ":3.214892242165,"START_DATE":"2023-01-01 00:00:00","FISCAL_YEAR":"12-31","CURRENCY":"HKD","IS_CNY_CODE":0,"DPS_HKD_LY":0.11215,"ORG_TYPE":"一般企业","PREMIUM_INCOME":null,"PREMIUM_INCOME_YOY":null,"NET_INTEREST_INCOME":null,"NET_INTEREST_INCOME_YOY":null,"FEE_COMMISSION_INCOME":null,"FEE_COMMISSION_INCOME_YOY":null,"ACCOUNTS_RECE_TDAYS":2.847625741985,"INVENTORY_TDAYS":0.371442685021,"CURRENT_ASSETS_TDAYS":0.333990968026,"TOTAL_ASSETS_TDAYS":0.198522359288,"PREMIUM_EXPENSE":null,"LOAN_DEPOSIT":null,"LOAN_EQUITY":null,"LOAN_ASSETS":null,"DEPOSIT_EQUITY":null,"DEPOSIT_ASSETS":null,"EQUITY_MULTIPLIER":1.609768172416,"EQUITY_RATIO":0.614333450767},{"SECUCODE":"09989.HK","SECURITY_CODE":"09989","SECURITY_NAME_ABBR":"海普瑞","ORG_CODE":"10140532","STD_REPORT_DATE":"2023-06-30 00:00:00","REPORT_DATE":"2023-06-30 00:00:00","DATE_TYPE_CODE":"002","REPORT_TYPE":"2023年中报","PER_NETCASH_OPERATE":-0.369899409894,"PER_OI":1.844376065734,"BPS":8.449298762038,"BASIC_EPS":0.08,"DILUTED_EPS":0.08,"OPERATE_INCOME":2706246000,"OPERATE_INCOME_YOY":-27.9551477704,"GROSS_PROFIT":958958000,"GROSS_PROFIT_YOY":-21.29863756148,"HOLDER_PROFIT":123349000,"HOLDER_PROFIT_YOY":-75.8678639903,"GROSS_PROFIT_RATIO":35.434990019385,"EPS_TTM":0.231232111877,"OPERATE_INCOME_QOQ":-6.738071898295,"NET_PROFIT_RATIO":4.5216140735,"ROE_AVG":0.998358381189,"GROSS_PROFIT_QOQ":-6.206962454379,"ROA":0.593000731822,"HOLDER_PROFIT_QOQ":-39.269375058532,"ROE_YEARLY":1.996716762379,"ROIC_YEARLY":1.32845575567,"TOTAL_ASSETS":20787431000,"TOTAL_LIABILITIES":8293967000,"TAX_EBT":27.044977582753,"OCF_SALES":-20.055530798013,"TOTAL_PARENT_EQUITY":12397624000,"DEBT_ASSET_RATIO":39.8989514385,"OPERATE_PROFIT":526244000,"PRETAX_PROFIT":167728000,"NETCASH_OPERATE":-542752000,"NETCASH_INVEST":934481000,"NETCASH_FINANCE":-306842000,"END_CASH":1438055000,"DIVI_RATIO":null,"DIVIDEND_RATE":null,"CURRENT_RATIO":2.269455433072,"COMMON_ACS":null,"CURRENTDEBT_DEBT":66.470278938896,"ISSUED_COMMON_SHARES":1467296204,"HK_COMMON_SHARES":220094500,"PER_SHARES":500,"TOTAL_MARKET_CAP":6118625170.68,"HKSK_MARKET_CAP":917794065,"PE_TTM":-39.408303811836,"PB_TTM":0.454492588849,"REPORT_DATE_SQ":"2022-06-30 00:00:00","REPORT_TYPE_SQ":"2022年中报","OPERATE_INCOME_SQ":3756335000,"DPS_HKD":null,"OPERATE_INCOME_QOQ_SQ":0.038902600495,"NET_PROFIT_RATIO_SQ":13.5878189778,"HOLDER_PROFIT_SQ":511140000,"HOLDER_PROFIT_QOQ_SQ":24.536150507052,"ROE_AVG_SQ":4.360242308477,"PE_TTM_SQ":21.938820223438,"PB_TTM_SQ":0.403729979279,"ROA_SQ":2.526013780845,"START_DATE":"2023-01-01 00:00:00","FISCAL_YEAR":"12-31","CURRENCY":"HKD","IS_CNY_CODE":0,"DPS_HKD_LY":0.11215,"ORG_TYPE":"一般企业","PREMIUM_INCOME":null,"PREMIUM_INCOME_YOY":null,"NET_INTEREST_INCOME":null,"NET_INTEREST_INCOME_YOY":null,"FEE_COMMISSION_INCOME":null,"FEE_COMMISSION_INCOME_YOY":null,"ACCOUNTS_RECE_TDAYS":1.863778187857,"INVENTORY_TDAYS":0.232807324801,"CURRENT_ASSETS_TDAYS":0.216639447106,"TOTAL_ASSETS_TDAYS":0.130102867351,"PREMIUM_EXPENSE":null,"LOAN_DEPOSIT":null,"LOAN_EQUITY":null,"LOAN_ASSETS":null,"DEPOSIT_EQUITY":null,"DEPOSIT_ASSETS":null,"EQUITY_MULTIPLIER":1.66386448146,"EQUITY_RATIO":0.668996494812},{"SECUCODE":"09989.HK","SECURITY_CODE":"09989","SECURITY_NAME_ABBR":"海普瑞","ORG_CODE":"10140532","STD_REPORT_DATE":"2023-03-31 00:00:00","REPORT_DATE":"2023-03-31 00:00:00","DATE_TYPE_CODE":"003","REPORT_TYPE":"2023年一季报","PER_NETCASH_OPERATE":-0.145832312669,"PER_OI":0.886679649612,"BPS":8.434395389208,"BASIC_EPS":0.0453,"DILUTED_EPS":0.0453,"OPERATE_INCOME":1301021684.04,"OPERATE_INCOME_YOY":-31.8952252496,"GROSS_PROFIT":454029884.87,"GROSS_PROFIT_YOY":-21.606096807189,"HOLDER_PROFIT":66540023.25,"HOLDER_PROFIT_YOY":-71.6782717543,"GROSS_PROFIT_RATIO":34.897949084148,"EPS_TTM":0.380750423859,"OPERATE_INCOME_QOQ":-8.520469007371,"NET_PROFIT_RATIO":5.0689888515,"ROE_AVG":0.539036639938,"GROSS_PROFIT_QOQ":-5.463955386215,"ROA":0.321160601217,"HOLDER_PROFIT_QOQ":-23.161693795843,"ROE_YEARLY":2.156146559754,"ROIC_YEARLY":1.455125510012,"TOTAL_ASSETS":20623022731.91,"TOTAL_LIABILITIES":8151172088.52,"TAX_EBT":14.968445021172,"OCF_SALES":-16.447012484492,"TOTAL_PARENT_EQUITY":12375756337.62,"DEBT_ASSET_RATIO":39.5246234972,"OPERATE_PROFIT":158186350.92,"PRETAX_PROFIT":77557847.95,"NETCASH_OPERATE":-213979198.8,"NETCASH_INVEST":795650734.04,"NETCASH_FINANCE":-119571139.46,"END_CASH":1753147431.84,"DIVI_RATIO":null,"DIVIDEND_RATE":null,"CURRENT_RATIO":2.414525121158,"COMMON_ACS":null,"CURRENTDEBT_DEBT":62.989712882289,"ISSUED_COMMON_SHARES":1467296204,"HK_COMMON_SHARES":220094500,"PER_SHARES":500,"TOTAL_MARKET_CAP":6118625170.68,"HKSK_MARKET_CAP":917794065,"PE_TTM":-39.408303811836,"PB_TTM":0.454492588849,"REPORT_DATE_SQ":"2022-03-31 00:00:00","REPORT_TYPE_SQ":"2022年一季报","OPERATE_INCOME_SQ":1910323745.74,"DPS_HKD":null,"OPERATE_INCOME_QOQ_SQ":10.101707027406,"NET_PROFIT_RATIO_SQ":12.314101699,"HOLDER_PROFIT_SQ":234943371.65,"HOLDER_PROFIT_QOQ_SQ":37.983664019802,"ROE_AVG_SQ":2.038325479921,"PE_TTM_SQ":21.938820223438,"PB_TTM_SQ":0.403729979279,"ROA_SQ":1.197509849484,"START_DATE":"2023-01-01 00:00:00","FISCAL_YEAR":"12-31","CURRENCY":"HKD","IS_CNY_CODE":0,"DPS_HKD_LY":0.11215,"ORG_TYPE":"一般企业","PREMIUM_INCOME":null,"PREMIUM_INCOME_YOY":null,"NET_INTEREST_INCOME":null,"NET_INTEREST_INCOME_YOY":null,"FEE_COMMISSION_INCOME":null,"FEE_COMMISSION_INCOME_YOY":null,"ACCOUNTS_RECE_TDAYS":0.893137651561,"INVENTORY_TDAYS":0.117896649452,"CURRENT_ASSETS_TDAYS":0.104628108865,"TOTAL_ASSETS_TDAYS":0.062794824203,"PREMIUM_EXPENSE":null,"LOAN_DEPOSIT":null,"LOAN_EQUITY":null,"LOAN_ASSETS":null,"DEPOSIT_EQUITY":null,"DEPOSIT_ASSETS":null,"EQUITY_MULTIPLIER":1.653565563091,"EQUITY_RATIO":0.658640317905},{"SECUCODE":"09989.HK","SECURITY_CODE":"09989","SECURITY_NAME_ABBR":"海普瑞","ORG_CODE":"10140532","STD_REPORT_DATE":"2022-12-31 00:00:00","REPORT_DATE":"2022-12-31 00:00:00","DATE_TYPE_CODE":"001","REPORT_TYPE":"2022年年报","PER_NETCASH_OPERATE":-0.515651848575,"PER_OI":4.873616506678,"BPS":8.390204354403,"BASIC_EPS":0.5,"DILUTED_EPS":0.5,"OPERATE_INCOME":7151039000,"OPERATE_INCOME_YOY":12.4415035349,"GROSS_PROFIT":2290189000,"GROSS_PROFIT_YOY":14.878093803014,"HOLDER_PROFIT":727425000,"HOLDER_PROFIT_YOY":201.9573234547,"GROSS_PROFIT_RATIO":32.025961542092,"EPS_TTM":0.495521625435,"OPERATE_INCOME_QOQ":0.384042426054,"NET_PROFIT_RATIO":9.9941700779,"ROE_AVG":6.129911097459,"GROSS_PROFIT_QOQ":0.551486892597,"ROA":3.642453089158,"HOLDER_PROFIT_QOQ":68.484188157699,"ROE_YEARLY":6.129911097459,"ROIC_YEARLY":4.187668064942,"TOTAL_ASSETS":20816030000,"TOTAL_LIABILITIES":8406565000,"TAX_EBT":13.835736776843,"OCF_SALES":-10.580476487403,"TOTAL_PARENT_EQUITY":12312741000,"DEBT_ASSET_RATIO":40.388597133,"OPERATE_PROFIT":1173942000,"PRETAX_PROFIT":829851000,"NETCASH_OPERATE":-756614000,"NETCASH_INVEST":249840000,"NETCASH_FINANCE":329565000,"END_CASH":1319707000,"DIVI_RATIO":null,"DIVIDEND_RATE":null,"CURRENT_RATIO":2.236866449203,"COMMON_ACS":null,"CURRENTDEBT_DEBT":66.326686345731,"ISSUED_COMMON_SHARES":1467296204,"HK_COMMON_SHARES":220094500,"PER_SHARES":500,"TOTAL_MARKET_CAP":6118625170.68,"HKSK_MARKET_CAP":917794065,"PE_TTM":-39.408303811836,"PB_TTM":0.454492588849,"REPORT_DATE_SQ":"2021-12-31 00:00:00","REPORT_TYPE_SQ":"2021年年报","OPERATE_INCOME_SQ":6359786000,"DPS_HKD":null,"OPERATE_INCOME_QOQ_SQ":-0.697986714762,"NET_PROFIT_RATIO_SQ":3.6696832252,"HOLDER_PROFIT_SQ":240788000,"HOLDER_PROFIT_QOQ_SQ":-69.015282835235,"ROE_AVG_SQ":2.09556295518,"PE_TTM_SQ":21.938820223438,"PB_TTM_SQ":0.403729979279,"ROA_SQ":1.262849663681,"START_DATE":"2022-01-01 00:00:00","FISCAL_YEAR":"12-31","CURRENCY":"HKD","IS_CNY_CODE":0,"DPS_HKD_LY":0.04109,"ORG_TYPE":"一般企业","PREMIUM_INCOME":null,"PREMIUM_INCOME_YOY":null,"NET_INTEREST_INCOME":null,"NET_INTEREST_INCOME_YOY":null,"FEE_COMMISSION_INCOME":null,"FEE_COMMISSION_INCOME_YOY":null,"ACCOUNTS_RECE_TDAYS":4.567281935991,"INVENTORY_TDAYS":0.841599608015,"CURRENT_ASSETS_TDAYS":0.615322893466,"TOTAL_ASSETS_TDAYS":0.358247119579,"PREMIUM_EXPENSE":null,"LOAN_DEPOSIT":null,"LOAN_EQUITY":null,"LOAN_ASSETS":null,"DEPOSIT_EQUITY":null,"DEPOSIT_ASSETS":null,"EQUITY_MULTIPLIER":1.677531398198,"EQUITY_RATIO":0.682753336564},{"SECUCODE":"09989.HK","SECURITY_CODE":"09989","SECURITY_NAME_ABBR":"海普瑞","ORG_CODE":"10140532","STD_REPORT_DATE":"2022-09-30 00:00:00","REPORT_DATE":"2022-09-30 00:00:00","DATE_TYPE_CODE":"004","REPORT_TYPE":"2022年三季报","PER_NETCASH_OPERATE":-0.490208512691,"PER_OI":3.676951817467,"BPS":8.424370929491,"BASIC_EPS":0.4445,"DILUTED_EPS":0.4445,"OPERATE_INCOME":5395177444.06,"OPERATE_INCOME_YOY":16.4942444935,"GROSS_PROFIT":1740635571.9,"GROSS_PROFIT_YOY":19.500772183287,"HOLDER_PROFIT":652257852.66,"HOLDER_PROFIT_YOY":41.3325810348,"GROSS_PROFIT_RATIO":32.26280488358,"EPS_TTM":0.29410571452,"OPERATE_INCOME_QOQ":1.694857548733,"NET_PROFIT_RATIO":12.0489753323,"ROE_AVG":5.487521763807,"GROSS_PROFIT_QOQ":1.900370942558,"ROA":3.214892242165,"HOLDER_PROFIT_QOQ":4.294956482965,"ROE_YEARLY":7.316695685076,"ROIC_YEARLY":3.782563203206,"TOTAL_ASSETS":21469099221.29,"TOTAL_LIABILITIES":8997212942.94,"TAX_EBT":22.712259605004,"OCF_SALES":-13.331926471333,"TOTAL_PARENT_EQUITY":12361047485.93,"DEBT_ASSET_RATIO":41.9077337628,"OPERATE_PROFIT":787580357.25,"PRETAX_PROFIT":841095361.37,"NETCASH_OPERATE":-719281089.84,"NETCASH_INVEST":2353780.24,"NETCASH_FINANCE":970216608.77,"END_CASH":1743507813.58,"DIVI_RATIO":null,"DIVIDEND_RATE":null,"CURRENT_RATIO":2.064117873998,"COMMON_ACS":null,"CURRENTDEBT_DEBT":69.374131875225,"ISSUED_COMMON_SHARES":1467296204,"HK_COMMON_SHARES":220094500,"PER_SHARES":500,"TOTAL_MARKET_CAP":6118625170.68,"HKSK_MARKET_CAP":917794065,"PE_TTM":-39.408303811836,"PB_TTM":0.454492588849,"REPORT_DATE_SQ":"2021-09-30 00:00:00","REPORT_TYPE_SQ":"2021年三季报","OPERATE_INCOME_SQ":4631282401.56,"DPS_HKD":null,"OPERATE_INCOME_QOQ_SQ":10.589052082538,"NET_PROFIT_RATIO_SQ":9.8690277927,"HOLDER_PROFIT_SQ":461505654.17,"HOLDER_PROFIT_QOQ_SQ":-0.536458101138,"ROE_AVG_SQ":3.965455296282,"PE_TTM_SQ":21.938820223438,"PB_TTM_SQ":0.403729979279,"ROA_SQ":2.410498078296,"START_DATE":"2022-01-01 00:00:00","FISCAL_YEAR":"12-31","CURRENCY":"HKD","IS_CNY_CODE":0,"DPS_HKD_LY":0.04109,"ORG_TYPE":"一般企业","PREMIUM_INCOME":null,"PREMIUM_INCOME_YOY":null,"NET_INTEREST_INCOME":null,"NET_INTEREST_INCOME_YOY":null,"FEE_COMMISSION_INCOME":null,"FEE_COMMISSION_INCOME_YOY":null,"ACCOUNTS_RECE_TDAYS":3.460367179834,"INVENTORY_TDAYS":0.651958833489,"CURRENT_ASSETS_TDAYS":0.456163438587,"TOTAL_ASSETS_TDAYS":0.265921123667,"PREMIUM_EXPENSE":null,"LOAN_DEPOSIT":null,"LOAN_EQUITY":null,"LOAN_ASSETS":null,"DEPOSIT_EQUITY":null,"DEPOSIT_ASSETS":null,"EQUITY_MULTIPLIER":1.721399533488,"EQUITY_RATIO":0.727868164343}],"count":26},"success":true,"message":"ok","code":0}