{"version":"0d83ebd894e0e3f7255a20553b4d2f9c","result":{"pages":2,"data":[{"SECUCODE":"09982.HK","SECURITY_CODE":"09982","SECURITY_NAME_ABBR":"中原建业","ORG_CODE":"10000140634","STD_REPORT_DATE":"2024-06-30 00:00:00","REPORT_DATE":"2024-06-30 00:00:00","DATE_TYPE_CODE":"002","REPORT_TYPE":"2024年中报","PER_NETCASH_OPERATE":-0.002183351309,"PER_OI":0.0378304418,"BPS":0.650613338513,"BASIC_EPS":0.012,"DILUTED_EPS":0.0118,"OPERATE_INCOME":146238000,"OPERATE_INCOME_YOY":-61.7580451985,"GROSS_PROFIT":146238000,"GROSS_PROFIT_YOY":-61.758045198508,"HOLDER_PROFIT":44931000,"HOLDER_PROFIT_YOY":-76.5767221695,"GROSS_PROFIT_RATIO":null,"EPS_TTM":0.013369146407,"OPERATE_INCOME_QOQ":-50.421775620921,"NET_PROFIT_RATIO":33.0461302808,"ROE_AVG":1.822177963168,"GROSS_PROFIT_QOQ":-50.421775620921,"ROA":1.445949468522,"HOLDER_PROFIT_QOQ":-73.974044548298,"ROE_YEARLY":3.644355926337,"ROIC_YEARLY":8.366466540698,"TOTAL_ASSETS":3089169000,"TOTAL_LIABILITIES":568086000,"TAX_EBT":37.815580204339,"OCF_SALES":-5.771413722835,"TOTAL_PARENT_EQUITY":2515022000,"DEBT_ASSET_RATIO":18.3896057483,"OPERATE_PROFIT":77872000,"PRETAX_PROFIT":77714000,"NETCASH_OPERATE":-8440000,"NETCASH_INVEST":473919000,"NETCASH_FINANCE":-79179000,"END_CASH":2222083000,"DIVI_RATIO":null,"DIVIDEND_RATE":null,"CURRENT_RATIO":5.398136360422,"COMMON_ACS":10000000000,"CURRENTDEBT_DEBT":99.555349014058,"ISSUED_COMMON_SHARES":3865617028,"HK_COMMON_SHARES":3865617028,"PER_SHARES":2000,"TOTAL_MARKET_CAP":425217873.08,"HKSK_MARKET_CAP":425217873.08,"PE_TTM":7.05224195089,"PB_TTM":0.154307933848,"REPORT_DATE_SQ":"2023-06-30 00:00:00","REPORT_TYPE_SQ":"2023年中报","OPERATE_INCOME_SQ":382402000,"DPS_HKD":null,"OPERATE_INCOME_QOQ_SQ":0.702187132128,"NET_PROFIT_RATIO_SQ":50.0489014179,"HOLDER_PROFIT_SQ":191822000,"HOLDER_PROFIT_QOQ_SQ":-4.207897138828,"ROE_AVG_SQ":8.112683156758,"PE_TTM_SQ":2.930973738658,"PB_TTM_SQ":0.32683710301,"ROA_SQ":6.540973664689,"START_DATE":"2024-01-01 00:00:00","FISCAL_YEAR":"12-31","CURRENCY":"HKD","IS_CNY_CODE":0,"DPS_HKD_LY":null,"ORG_TYPE":"一般企业","PREMIUM_INCOME":null,"PREMIUM_INCOME_YOY":null,"NET_INTEREST_INCOME":null,"NET_INTEREST_INCOME_YOY":null,"FEE_COMMISSION_INCOME":null,"FEE_COMMISSION_INCOME_YOY":null,"ACCOUNTS_RECE_TDAYS":0.158631308959,"INVENTORY_TDAYS":null,"CURRENT_ASSETS_TDAYS":0.047668602198,"TOTAL_ASSETS_TDAYS":0.047061663078,"PREMIUM_EXPENSE":null,"LOAN_DEPOSIT":null,"LOAN_EQUITY":null,"LOAN_ASSETS":null,"DEPOSIT_EQUITY":null,"DEPOSIT_ASSETS":null,"EQUITY_MULTIPLIER":1.225334112363,"EQUITY_RATIO":0.225877149385},{"SECUCODE":"09982.HK","SECURITY_CODE":"09982","SECURITY_NAME_ABBR":"中原建业","ORG_CODE":"10000140634","STD_REPORT_DATE":"2023-12-31 00:00:00","REPORT_DATE":"2023-12-31 00:00:00","DATE_TYPE_CODE":"001","REPORT_TYPE":"2023年年报","PER_NETCASH_OPERATE":0.100835149197,"PER_OI":0.126886660797,"BPS":0.625139268193,"BASIC_EPS":0.0559,"DILUTED_EPS":0.0559,"OPERATE_INCOME":468377000,"OPERATE_INCOME_YOY":-22.6691036011,"GROSS_PROFIT":468377000,"GROSS_PROFIT_YOY":-22.669103601082,"HOLDER_PROFIT":198571000,"HOLDER_PROFIT_YOY":-34.6590983876,"GROSS_PROFIT_RATIO":null,"EPS_TTM":0.053794296306,"OPERATE_INCOME_QOQ":-23.208324862444,"NET_PROFIT_RATIO":42.9647484825,"ROE_AVG":8.644155930089,"GROSS_PROFIT_QOQ":-23.208324862444,"ROA":6.824910160789,"HOLDER_PROFIT_QOQ":-31.693767263946,"ROE_YEARLY":8.644155930089,"ROIC_YEARLY":16.438398123133,"TOTAL_ASSETS":3125571000,"TOTAL_LIABILITIES":706356000,"TAX_EBT":18.599703097254,"OCF_SALES":79.468675874349,"TOTAL_PARENT_EQUITY":2416549000,"DEBT_ASSET_RATIO":22.5992626627,"OPERATE_PROFIT":248043000,"PRETAX_PROFIT":247219000,"NETCASH_OPERATE":372213000,"NETCASH_INVEST":-256591000,"NETCASH_FINANCE":153223000,"END_CASH":1835783000,"DIVI_RATIO":null,"DIVIDEND_RATE":null,"CURRENT_RATIO":4.389094471204,"COMMON_ACS":10000000000,"CURRENTDEBT_DEBT":99.43158973662,"ISSUED_COMMON_SHARES":3865617028,"HK_COMMON_SHARES":3865617028,"PER_SHARES":2000,"TOTAL_MARKET_CAP":425217873.08,"HKSK_MARKET_CAP":425217873.08,"PE_TTM":7.05224195089,"PB_TTM":0.154307933848,"REPORT_DATE_SQ":"2022-12-31 00:00:00","REPORT_TYPE_SQ":"2022年年报","OPERATE_INCOME_SQ":605679000,"DPS_HKD":null,"OPERATE_INCOME_QOQ_SQ":-42.027472101488,"NET_PROFIT_RATIO_SQ":50.105253773,"HOLDER_PROFIT_SQ":303900000,"HOLDER_PROFIT_QOQ_SQ":-50.419627146944,"ROE_AVG_SQ":13.495172053138,"PE_TTM_SQ":2.895084264307,"PB_TTM_SQ":0.322835016034,"ROA_SQ":10.86083178088,"START_DATE":"2023-01-01 00:00:00","FISCAL_YEAR":"12-31","CURRENCY":"HKD","IS_CNY_CODE":0,"DPS_HKD_LY":0.0644,"ORG_TYPE":"一般企业","PREMIUM_INCOME":null,"PREMIUM_INCOME_YOY":null,"NET_INTEREST_INCOME":null,"NET_INTEREST_INCOME_YOY":null,"FEE_COMMISSION_INCOME":null,"FEE_COMMISSION_INCOME_YOY":null,"ACCOUNTS_RECE_TDAYS":0.525488097402,"INVENTORY_TDAYS":null,"CURRENT_ASSETS_TDAYS":0.163385226271,"TOTAL_ASSETS_TDAYS":0.160981762009,"PREMIUM_EXPENSE":null,"LOAN_DEPOSIT":null,"LOAN_EQUITY":null,"LOAN_ASSETS":null,"DEPOSIT_EQUITY":null,"DEPOSIT_ASSETS":null,"EQUITY_MULTIPLIER":1.291977356291,"EQUITY_RATIO":0.29229947334},{"SECUCODE":"09982.HK","SECURITY_CODE":"09982","SECURITY_NAME_ABBR":"中原建业","ORG_CODE":"10000140634","STD_REPORT_DATE":"2023-06-30 00:00:00","REPORT_DATE":"2023-06-30 00:00:00","DATE_TYPE_CODE":"002","REPORT_TYPE":"2023年中报","PER_NETCASH_OPERATE":0.046332368519,"PER_OI":0.105466869769,"BPS":0.659959065143,"BASIC_EPS":0.0564,"DILUTED_EPS":0.0564,"OPERATE_INCOME":382402000,"OPERATE_INCOME_YOY":1.1246889454,"GROSS_PROFIT":382402000,"GROSS_PROFIT_YOY":1.124688945363,"HOLDER_PROFIT":191822000,"HOLDER_PROFIT_YOY":-6.2416907797,"GROSS_PROFIT_RATIO":null,"EPS_TTM":0.080177293294,"OPERATE_INCOME_QOQ":0.702187132128,"NET_PROFIT_RATIO":50.0489014179,"ROE_AVG":8.112683156758,"GROSS_PROFIT_QOQ":0.702187132128,"ROA":6.540973664689,"HOLDER_PROFIT_QOQ":-4.207897138828,"ROE_YEARLY":16.225366313515,"ROIC_YEARLY":29.002660288224,"TOTAL_ASSETS":3171807000,"TOTAL_LIABILITIES":621092000,"TAX_EBT":21.646428834612,"OCF_SALES":43.930732579851,"TOTAL_PARENT_EQUITY":2551149000,"DEBT_ASSET_RATIO":19.5816454154,"OPERATE_PROFIT":244623000,"PRETAX_PROFIT":244262000,"NETCASH_OPERATE":167992000,"NETCASH_INVEST":-321897000,"NETCASH_FINANCE":244759000,"END_CASH":1655482000,"DIVI_RATIO":null,"DIVIDEND_RATE":null,"CURRENT_RATIO":5.085008816043,"COMMON_ACS":10000000000,"CURRENTDEBT_DEBT":98.802431845846,"ISSUED_COMMON_SHARES":3865617028,"HK_COMMON_SHARES":3865617028,"PER_SHARES":2000,"TOTAL_MARKET_CAP":425217873.08,"HKSK_MARKET_CAP":425217873.08,"PE_TTM":7.05224195089,"PB_TTM":0.154307933848,"REPORT_DATE_SQ":"2022-06-30 00:00:00","REPORT_TYPE_SQ":"2022年中报","OPERATE_INCOME_SQ":378149000,"DPS_HKD":null,"OPERATE_INCOME_QOQ_SQ":-19.722632235301,"NET_PROFIT_RATIO_SQ":54.0419252728,"HOLDER_PROFIT_SQ":204592000,"HOLDER_PROFIT_QOQ_SQ":-20.523660821523,"ROE_AVG_SQ":8.932756375974,"PE_TTM_SQ":2.895084264307,"PB_TTM_SQ":0.322835016034,"ROA_SQ":7.274295423767,"START_DATE":"2023-01-01 00:00:00","FISCAL_YEAR":"12-31","CURRENCY":"HKD","IS_CNY_CODE":0,"DPS_HKD_LY":0.0644,"ORG_TYPE":"一般企业","PREMIUM_INCOME":null,"PREMIUM_INCOME_YOY":null,"NET_INTEREST_INCOME":null,"NET_INTEREST_INCOME_YOY":null,"FEE_COMMISSION_INCOME":null,"FEE_COMMISSION_INCOME_YOY":null,"ACCOUNTS_RECE_TDAYS":0.447497962339,"INVENTORY_TDAYS":null,"CURRENT_ASSETS_TDAYS":0.132520746978,"TOTAL_ASSETS_TDAYS":0.130395961429,"PREMIUM_EXPENSE":null,"LOAN_DEPOSIT":null,"LOAN_EQUITY":null,"LOAN_ASSETS":null,"DEPOSIT_EQUITY":null,"DEPOSIT_ASSETS":null,"EQUITY_MULTIPLIER":1.243497215487,"EQUITY_RATIO":0.24345579188},{"SECUCODE":"09982.HK","SECURITY_CODE":"09982","SECURITY_NAME_ABBR":"中原建业","ORG_CODE":"10000140634","STD_REPORT_DATE":"2022-12-31 00:00:00","REPORT_DATE":"2022-12-31 00:00:00","DATE_TYPE_CODE":"001","REPORT_TYPE":"2022年年报","PER_NETCASH_OPERATE":0.040884199103,"PER_OI":0.184113406458,"BPS":0.563411994573,"BASIC_EPS":0.0925,"DILUTED_EPS":0.0925,"OPERATE_INCOME":605679000,"OPERATE_INCOME_YOY":-53.4611805764,"GROSS_PROFIT":605679000,"GROSS_PROFIT_YOY":-53.461180576419,"HOLDER_PROFIT":303900000,"HOLDER_PROFIT_YOY":-60.5953347054,"GROSS_PROFIT_RATIO":null,"EPS_TTM":0.092250489536,"OPERATE_INCOME_QOQ":-42.027472101488,"NET_PROFIT_RATIO":50.105253773,"ROE_AVG":13.495172053138,"GROSS_PROFIT_QOQ":-42.027472101488,"ROA":10.86083178088,"HOLDER_PROFIT_QOQ":-50.419627146944,"ROE_YEARLY":13.495172053138,"ROIC_YEARLY":29.635789074844,"TOTAL_ASSETS":2693436000,"TOTAL_LIABILITIES":515644000,"TAX_EBT":24.695585808376,"OCF_SALES":22.205986999714,"TOTAL_PARENT_EQUITY":2177792000,"DEBT_ASSET_RATIO":19.1391590519,"OPERATE_PROFIT":404044000,"PRETAX_PROFIT":403562000,"NETCASH_OPERATE":134497000,"NETCASH_INVEST":-96899000,"NETCASH_FINANCE":-452393000,"END_CASH":1564617000,"DIVI_RATIO":null,"DIVIDEND_RATE":null,"CURRENT_RATIO":5.148468045022,"COMMON_ACS":10000000000,"CURRENTDEBT_DEBT":99.848926778941,"ISSUED_COMMON_SHARES":3865617028,"HK_COMMON_SHARES":3865617028,"PER_SHARES":2000,"TOTAL_MARKET_CAP":425217873.08,"HKSK_MARKET_CAP":425217873.08,"PE_TTM":7.05224195089,"PB_TTM":0.154307933848,"REPORT_DATE_SQ":"2021-12-31 00:00:00","REPORT_TYPE_SQ":"2021年年报","OPERATE_INCOME_SQ":1301449000,"DPS_HKD":null,"OPERATE_INCOME_QOQ_SQ":-0.346866220667,"NET_PROFIT_RATIO_SQ":59.1767330107,"HOLDER_PROFIT_SQ":770155000,"HOLDER_PROFIT_QOQ_SQ":3.809304294144,"ROE_AVG_SQ":46.296972576969,"PE_TTM_SQ":2.895084264307,"PB_TTM_SQ":0.322835016034,"ROA_SQ":33.704209246136,"START_DATE":"2022-01-01 00:00:00","FISCAL_YEAR":"12-31","CURRENCY":"HKD","IS_CNY_CODE":0,"DPS_HKD_LY":0.1571,"ORG_TYPE":"一般企业","PREMIUM_INCOME":null,"PREMIUM_INCOME_YOY":null,"NET_INTEREST_INCOME":null,"NET_INTEREST_INCOME_YOY":null,"FEE_COMMISSION_INCOME":null,"FEE_COMMISSION_INCOME_YOY":null,"ACCOUNTS_RECE_TDAYS":0.98542794876,"INVENTORY_TDAYS":null,"CURRENT_ASSETS_TDAYS":0.22043840995,"TOTAL_ASSETS_TDAYS":0.216760338748,"PREMIUM_EXPENSE":null,"LOAN_DEPOSIT":null,"LOAN_EQUITY":null,"LOAN_ASSETS":null,"DEPOSIT_EQUITY":null,"DEPOSIT_ASSETS":null,"EQUITY_MULTIPLIER":1.236692555104,"EQUITY_RATIO":0.236773759845},{"SECUCODE":"09982.HK","SECURITY_CODE":"09982","SECURITY_NAME_ABBR":"中原建业","ORG_CODE":"10000140634","STD_REPORT_DATE":"2022-06-30 00:00:00","REPORT_DATE":"2022-06-30 00:00:00","DATE_TYPE_CODE":"002","REPORT_TYPE":"2022年中报","PER_NETCASH_OPERATE":0.019055197551,"PER_OI":0.114949173636,"BPS":0.58357255353,"BASIC_EPS":0.0622,"DILUTED_EPS":0.0622,"OPERATE_INCOME":378149000,"OPERATE_INCOME_YOY":-40.4329354834,"GROSS_PROFIT":378149000,"GROSS_PROFIT_YOY":-40.432935483414,"HOLDER_PROFIT":204592000,"HOLDER_PROFIT_YOY":-43.6131260985,"GROSS_PROFIT_RATIO":null,"EPS_TTM":0.186062516733,"OPERATE_INCOME_QOQ":-19.722632235301,"NET_PROFIT_RATIO":54.0419252728,"ROE_AVG":8.932756375974,"GROSS_PROFIT_QOQ":-19.722632235301,"ROA":7.274295423767,"HOLDER_PROFIT_QOQ":-20.523660821523,"ROE_YEARLY":17.865512751948,"ROIC_YEARLY":51.167652751314,"TOTAL_ASSETS":2723630000,"TOTAL_LIABILITIES":467762000,"TAX_EBT":22.900501580865,"OCF_SALES":16.577063538447,"TOTAL_PARENT_EQUITY":2255868000,"DEBT_ASSET_RATIO":17.1742123563,"OPERATE_PROFIT":265752000,"PRETAX_PROFIT":265361000,"NETCASH_OPERATE":62686000,"NETCASH_INVEST":285138000,"NETCASH_FINANCE":-270994000,"END_CASH":2045291000,"DIVI_RATIO":null,"DIVIDEND_RATE":null,"CURRENT_RATIO":5.737878693784,"COMMON_ACS":10000000000,"CURRENTDEBT_DEBT":99.830041773381,"ISSUED_COMMON_SHARES":3865617028,"HK_COMMON_SHARES":3865617028,"PER_SHARES":2000,"TOTAL_MARKET_CAP":425217873.08,"HKSK_MARKET_CAP":425217873.08,"PE_TTM":7.05224195089,"PB_TTM":0.154307933848,"REPORT_DATE_SQ":"2021-06-30 00:00:00","REPORT_TYPE_SQ":"2021年中报","OPERATE_INCOME_SQ":634829000,"DPS_HKD":null,"OPERATE_INCOME_QOQ_SQ":13.358163741817,"NET_PROFIT_RATIO_SQ":57.0898619943,"HOLDER_PROFIT_SQ":362423000,"HOLDER_PROFIT_QOQ_SQ":8.866714602257,"ROE_AVG_SQ":22.856769863521,"PE_TTM_SQ":3.529131644507,"PB_TTM_SQ":0.393538552604,"ROA_SQ":16.474791168909,"START_DATE":"2022-01-01 00:00:00","FISCAL_YEAR":"12-31","CURRENCY":"HKD","IS_CNY_CODE":0,"DPS_HKD_LY":0.1571,"ORG_TYPE":"一般企业","PREMIUM_INCOME":null,"PREMIUM_INCOME_YOY":null,"NET_INTEREST_INCOME":null,"NET_INTEREST_INCOME_YOY":null,"FEE_COMMISSION_INCOME":null,"FEE_COMMISSION_INCOME_YOY":null,"ACCOUNTS_RECE_TDAYS":0.915402230958,"INVENTORY_TDAYS":null,"CURRENT_ASSETS_TDAYS":0.136914865268,"TOTAL_ASSETS_TDAYS":0.134604668265,"PREMIUM_EXPENSE":null,"LOAN_DEPOSIT":null,"LOAN_EQUITY":null,"LOAN_ASSETS":null,"DEPOSIT_EQUITY":null,"DEPOSIT_ASSETS":null,"EQUITY_MULTIPLIER":1.207353444439,"EQUITY_RATIO":0.207353444439},{"SECUCODE":"09982.HK","SECURITY_CODE":"09982","SECURITY_NAME_ABBR":"中原建业","ORG_CODE":"10000140634","STD_REPORT_DATE":"2021-12-31 00:00:00","REPORT_DATE":"2021-12-31 00:00:00","DATE_TYPE_CODE":"001","REPORT_TYPE":"2021年年报","PER_NETCASH_OPERATE":0.158858643292,"PER_OI":0.394942400363,"BPS":0.600066944862,"BASIC_EPS":0.2439,"DILUTED_EPS":0.2439,"OPERATE_INCOME":1301449000,"OPERATE_INCOME_YOY":12.9649625634,"GROSS_PROFIT":1301449000,"GROSS_PROFIT_YOY":12.964962563429,"HOLDER_PROFIT":770155000,"HOLDER_PROFIT_YOY":13.0137790365,"GROSS_PROFIT_RATIO":null,"EPS_TTM":0.233714009809,"OPERATE_INCOME_QOQ":-0.346866220667,"NET_PROFIT_RATIO":59.1767330107,"ROE_AVG":46.296972576969,"GROSS_PROFIT_QOQ":-0.346866220667,"ROA":33.704209246136,"HOLDER_PROFIT_QOQ":3.809304294144,"ROE_YEARLY":46.296972576969,"ROIC_YEARLY":69.70747308317,"TOTAL_ASSETS":2895031000,"TOTAL_LIABILITIES":575402000,"TAX_EBT":23.963695528978,"OCF_SALES":40.223243477078,"TOTAL_PARENT_EQUITY":2319629000,"DEBT_ASSET_RATIO":19.8755039238,"OPERATE_PROFIT":1013800000,"PRETAX_PROFIT":1012878000,"NETCASH_OPERATE":523485000,"NETCASH_INVEST":537677000,"NETCASH_FINANCE":529979000,"END_CASH":1975806000,"DIVI_RATIO":null,"DIVIDEND_RATE":null,"CURRENT_RATIO":4.957285989895,"COMMON_ACS":10000000000,"CURRENTDEBT_DEBT":99.720369411299,"ISSUED_COMMON_SHARES":3865617028,"HK_COMMON_SHARES":3865617028,"PER_SHARES":2000,"TOTAL_MARKET_CAP":425217873.08,"HKSK_MARKET_CAP":425217873.08,"PE_TTM":7.05224195089,"PB_TTM":0.154307933848,"REPORT_DATE_SQ":"2020-12-31 00:00:00","REPORT_TYPE_SQ":"2020年年报","OPERATE_INCOME_SQ":1152082000,"DPS_HKD":null,"OPERATE_INCOME_QOQ_SQ":4.924067521846,"NET_PROFIT_RATIO_SQ":59.1511715312,"HOLDER_PROFIT_SQ":681470000,"HOLDER_PROFIT_QOQ_SQ":-0.760601899248,"ROE_AVG_SQ":77.699226337036,"PE_TTM_SQ":3.529131644507,"PB_TTM_SQ":0.393538552604,"ROA_SQ":44.653060261679,"START_DATE":"2021-01-01 00:00:00","FISCAL_YEAR":"12-31","CURRENCY":"HKD","IS_CNY_CODE":0,"DPS_HKD_LY":0.086,"ORG_TYPE":"一般企业","PREMIUM_INCOME":null,"PREMIUM_INCOME_YOY":null,"NET_INTEREST_INCOME":null,"NET_INTEREST_INCOME_YOY":null,"FEE_COMMISSION_INCOME":null,"FEE_COMMISSION_INCOME_YOY":null,"ACCOUNTS_RECE_TDAYS":1.641749114758,"INVENTORY_TDAYS":null,"CURRENT_ASSETS_TDAYS":0.5804215234,"TOTAL_ASSETS_TDAYS":0.569551706074,"PREMIUM_EXPENSE":null,"LOAN_DEPOSIT":null,"LOAN_EQUITY":null,"LOAN_ASSETS":null,"DEPOSIT_EQUITY":null,"DEPOSIT_ASSETS":null,"EQUITY_MULTIPLIER":1.248057771308,"EQUITY_RATIO":0.248057771307},{"SECUCODE":"09982.HK","SECURITY_CODE":"09982","SECURITY_NAME_ABBR":"中原建业","ORG_CODE":"10000140634","STD_REPORT_DATE":"2021-06-30 00:00:00","REPORT_DATE":"2021-06-30 00:00:00","DATE_TYPE_CODE":"002","REPORT_TYPE":"2021年中报","PER_NETCASH_OPERATE":0.067121596639,"PER_OI":0.192647494508,"BPS":0.559771178657,"BASIC_EPS":0.1199,"DILUTED_EPS":0.1199,"OPERATE_INCOME":634829000,"OPERATE_INCOME_YOY":31.9997421673,"GROSS_PROFIT":634829000,"GROSS_PROFIT_YOY":31.999742167292,"HOLDER_PROFIT":362423000,"HOLDER_PROFIT_YOY":20.0080132716,"GROSS_PROFIT_RATIO":null,"EPS_TTM":0.225137824974,"OPERATE_INCOME_QOQ":13.358163741817,"NET_PROFIT_RATIO":57.0898619943,"ROE_AVG":22.856769863521,"GROSS_PROFIT_QOQ":13.358163741817,"ROA":16.474791168909,"HOLDER_PROFIT_QOQ":8.866714602257,"ROE_YEARLY":45.713539727042,"ROIC_YEARLY":80.962915016115,"TOTAL_ASSETS":2724677000,"TOTAL_LIABILITIES":560816000,"TAX_EBT":25.010759362715,"OCF_SALES":34.841666023449,"TOTAL_PARENT_EQUITY":2163861000,"DEBT_ASSET_RATIO":20.5828433976,"OPERATE_PROFIT":483815000,"PRETAX_PROFIT":483300000,"NETCASH_OPERATE":221185000,"NETCASH_INVEST":847717000,"NETCASH_FINANCE":760241000,"END_CASH":2224566000,"DIVI_RATIO":null,"DIVIDEND_RATE":null,"CURRENT_RATIO":4.817120866785,"COMMON_ACS":10000000000,"CURRENTDEBT_DEBT":99.434930529799,"ISSUED_COMMON_SHARES":3865617028,"HK_COMMON_SHARES":3865617028,"PER_SHARES":2000,"TOTAL_MARKET_CAP":425217873.08,"HKSK_MARKET_CAP":425217873.08,"PE_TTM":7.05224195089,"PB_TTM":0.154307933848,"REPORT_DATE_SQ":"2020-06-30 00:00:00","REPORT_TYPE_SQ":"2020年中报","OPERATE_INCOME_SQ":480932000,"DPS_HKD":null,"OPERATE_INCOME_QOQ_SQ":6.707515585596,"NET_PROFIT_RATIO_SQ":62.7945322832,"HOLDER_PROFIT_SQ":301999000,"HOLDER_PROFIT_QOQ_SQ":7.112184271647,"ROE_AVG_SQ":45.473593231339,"PE_TTM_SQ":3.529131644507,"PB_TTM_SQ":0.393538552604,"ROA_SQ":23.762216534309,"START_DATE":"2021-01-01 00:00:00","FISCAL_YEAR":"12-31","CURRENCY":"HKD","IS_CNY_CODE":0,"DPS_HKD_LY":0.086,"ORG_TYPE":"一般企业","PREMIUM_INCOME":null,"PREMIUM_INCOME_YOY":null,"NET_INTEREST_INCOME":null,"NET_INTEREST_INCOME_YOY":null,"FEE_COMMISSION_INCOME":null,"FEE_COMMISSION_INCOME_YOY":null,"ACCOUNTS_RECE_TDAYS":1.057517811898,"INVENTORY_TDAYS":null,"CURRENT_ASSETS_TDAYS":0.29347480626,"TOTAL_ASSETS_TDAYS":0.288576475637,"PREMIUM_EXPENSE":null,"LOAN_DEPOSIT":null,"LOAN_EQUITY":null,"LOAN_ASSETS":null,"DEPOSIT_EQUITY":null,"DEPOSIT_ASSETS":null,"EQUITY_MULTIPLIER":1.259173763934,"EQUITY_RATIO":0.259173763934},{"SECUCODE":"09982.HK","SECURITY_CODE":"09982","SECURITY_NAME_ABBR":"中原建业","ORG_CODE":"10000140634","STD_REPORT_DATE":"2020-12-31 00:00:00","REPORT_DATE":"2020-12-31 00:00:00","DATE_TYPE_CODE":"001","REPORT_TYPE":"2020年年报","PER_NETCASH_OPERATE":null,"PER_OI":null,"BPS":0.260603156677,"BASIC_EPS":0.2297,"DILUTED_EPS":0.2297,"OPERATE_INCOME":1152082000,"OPERATE_INCOME_YOY":11.9618657039,"GROSS_PROFIT":1152082000,"GROSS_PROFIT_YOY":11.961865703915,"HOLDER_PROFIT":681470000,"HOLDER_PROFIT_YOY":6.2974869638,"GROSS_PROFIT_RATIO":null,"EPS_TTM":null,"OPERATE_INCOME_QOQ":4.924067521846,"NET_PROFIT_RATIO":59.1511715312,"ROE_AVG":77.699226337036,"GROSS_PROFIT_QOQ":4.924067521846,"ROA":44.653060261679,"HOLDER_PROFIT_QOQ":-0.760601899248,"ROE_YEARLY":77.699226337036,"ROIC_YEARLY":58.689028328714,"TOTAL_ASSETS":1675051000,"TOTAL_LIABILITIES":667659000,"TAX_EBT":25.305013388693,"OCF_SALES":53.356965910413,"TOTAL_PARENT_EQUITY":1007392000,"DEBT_ASSET_RATIO":39.8590251879,"OPERATE_PROFIT":913724000,"PRETAX_PROFIT":912337000,"NETCASH_OPERATE":614716000,"NETCASH_INVEST":-373722000,"NETCASH_FINANCE":-201776000,"END_CASH":384599000,"DIVI_RATIO":null,"DIVIDEND_RATE":null,"CURRENT_RATIO":2.475203293751,"COMMON_ACS":10000000000,"CURRENTDEBT_DEBT":99.240480544709,"ISSUED_COMMON_SHARES":3865617028,"HK_COMMON_SHARES":3865617028,"PER_SHARES":2000,"TOTAL_MARKET_CAP":425217873.08,"HKSK_MARKET_CAP":425217873.08,"PE_TTM":7.05224195089,"PB_TTM":0.154307933848,"REPORT_DATE_SQ":"2019-12-31 00:00:00","REPORT_TYPE_SQ":"2019年年报","OPERATE_INCOME_SQ":1028995000,"DPS_HKD":null,"OPERATE_INCOME_QOQ_SQ":52.128403501484,"NET_PROFIT_RATIO_SQ":62.3032181886,"HOLDER_PROFIT_SQ":641097000,"HOLDER_PROFIT_QOQ_SQ":58.735704187166,"ROE_AVG_SQ":90.098214680976,"PE_TTM_SQ":3.529131644507,"PB_TTM_SQ":0.393538552604,"ROA_SQ":49.779268945581,"START_DATE":"2020-01-01 00:00:00","FISCAL_YEAR":"12-31","CURRENCY":"HKD","IS_CNY_CODE":0,"DPS_HKD_LY":null,"ORG_TYPE":"一般企业","PREMIUM_INCOME":null,"PREMIUM_INCOME_YOY":null,"NET_INTEREST_INCOME":null,"NET_INTEREST_INCOME_YOY":null,"FEE_COMMISSION_INCOME":null,"FEE_COMMISSION_INCOME_YOY":null,"ACCOUNTS_RECE_TDAYS":1.264826760161,"INVENTORY_TDAYS":null,"CURRENT_ASSETS_TDAYS":0.772172922252,"TOTAL_ASSETS_TDAYS":0.754897309821,"PREMIUM_EXPENSE":null,"LOAN_DEPOSIT":null,"LOAN_EQUITY":null,"LOAN_ASSETS":null,"DEPOSIT_EQUITY":null,"DEPOSIT_ASSETS":null,"EQUITY_MULTIPLIER":1.662759878975,"EQUITY_RATIO":0.662759878975},{"SECUCODE":"09982.HK","SECURITY_CODE":"09982","SECURITY_NAME_ABBR":"中原建业","ORG_CODE":"10000140634","STD_REPORT_DATE":"2020-06-30 00:00:00","REPORT_DATE":"2020-06-30 00:00:00","DATE_TYPE_CODE":"002","REPORT_TYPE":"2020年中报","PER_NETCASH_OPERATE":0.009036174752,"PER_OI":0.029286835072,"BPS":0.150430835695,"BASIC_EPS":0.1018,"DILUTED_EPS":0.1018,"OPERATE_INCOME":480932000,"OPERATE_INCOME_YOY":16.7560061372,"GROSS_PROFIT":480932000,"GROSS_PROFIT_YOY":16.756006137233,"HOLDER_PROFIT":301999000,"HOLDER_PROFIT_YOY":17.7829432573,"GROSS_PROFIT_RATIO":null,"EPS_TTM":0.041816856928,"OPERATE_INCOME_QOQ":6.707515585596,"NET_PROFIT_RATIO":62.7945322832,"ROE_AVG":45.473593231339,"GROSS_PROFIT_QOQ":6.707515585596,"ROA":23.762216534309,"HOLDER_PROFIT_QOQ":7.112184271647,"ROE_YEARLY":90.947186462677,"ROIC_YEARLY":66.598597675878,"TOTAL_ASSETS":1164605000,"TOTAL_LIABILITIES":583097000,"TAX_EBT":25.268489923586,"OCF_SALES":30.854050052814,"TOTAL_PARENT_EQUITY":581508000,"DEBT_ASSET_RATIO":50.0682205555,"OPERATE_PROFIT":404737000,"PRETAX_PROFIT":404112000,"NETCASH_OPERATE":148387000,"NETCASH_INVEST":100064000,"NETCASH_FINANCE":-211217000,"END_CASH":382615000,"DIVI_RATIO":null,"DIVIDEND_RATE":null,"CURRENT_RATIO":1.949358496273,"COMMON_ACS":10000000000,"CURRENTDEBT_DEBT":99.797117803727,"ISSUED_COMMON_SHARES":3865617028,"HK_COMMON_SHARES":3865617028,"PER_SHARES":2000,"TOTAL_MARKET_CAP":425217873.08,"HKSK_MARKET_CAP":425217873.08,"PE_TTM":7.05224195089,"PB_TTM":0.154307933848,"REPORT_DATE_SQ":"2019-06-30 00:00:00","REPORT_TYPE_SQ":"2019年中报","OPERATE_INCOME_SQ":411912000,"DPS_HKD":null,"OPERATE_INCOME_QOQ_SQ":0,"NET_PROFIT_RATIO_SQ":62.2470333469,"HOLDER_PROFIT_SQ":256403000,"HOLDER_PROFIT_QOQ_SQ":0,"ROE_AVG_SQ":null,"PE_TTM_SQ":3.529131644507,"PB_TTM_SQ":0.393538552604,"ROA_SQ":null,"START_DATE":"2020-01-01 00:00:00","FISCAL_YEAR":"12-31","CURRENCY":"HKD","IS_CNY_CODE":0,"DPS_HKD_LY":null,"ORG_TYPE":"一般企业","PREMIUM_INCOME":null,"PREMIUM_INCOME_YOY":null,"NET_INTEREST_INCOME":null,"NET_INTEREST_INCOME_YOY":null,"FEE_COMMISSION_INCOME":null,"FEE_COMMISSION_INCOME_YOY":null,"ACCOUNTS_RECE_TDAYS":0.704526011087,"INVENTORY_TDAYS":null,"CURRENT_ASSETS_TDAYS":0.388111457807,"TOTAL_ASSETS_TDAYS":0.378412190844,"PREMIUM_EXPENSE":null,"LOAN_DEPOSIT":null,"LOAN_EQUITY":null,"LOAN_ASSETS":null,"DEPOSIT_EQUITY":null,"DEPOSIT_ASSETS":null,"EQUITY_MULTIPLIER":2.002732550542,"EQUITY_RATIO":1.002732550541}],"count":13},"success":true,"message":"ok","code":0}