{"version":"554cc731dd9eb35378d79870e136cb54","result":{"pages":2,"data":[{"SECUCODE":"09985.HK","SECURITY_CODE":"09985","SECURITY_NAME_ABBR":"卫龙美味","ORG_CODE":"10000203980","STD_REPORT_DATE":"2024-06-30 00:00:00","REPORT_DATE":"2024-06-30 00:00:00","DATE_TYPE_CODE":"002","REPORT_TYPE":"2024年中报","PER_NETCASH_OPERATE":0.310540957919,"PER_OI":1.249879644841,"BPS":2.502727204585,"BASIC_EPS":0.27,"DILUTED_EPS":0.27,"OPERATE_INCOME":2938649000,"OPERATE_INCOME_YOY":26.2697338824,"GROSS_PROFIT":1462285000,"GROSS_PROFIT_YOY":32.189690490525,"HOLDER_PROFIT":621200000,"HOLDER_PROFIT_YOY":38.94915785,"GROSS_PROFIT_RATIO":49.760451146088,"EPS_TTM":0.448497961958,"OPERATE_INCOME_QOQ":12.54950565166,"NET_PROFIT_RATIO":21.1389655587,"ROE_AVG":10.719450816237,"GROSS_PROFIT_QOQ":15.330675774525,"ROA":8.640708838574,"HOLDER_PROFIT_QOQ":19.779543229201,"ROE_YEARLY":21.438901632473,"ROIC_YEARLY":22.863260898349,"TOTAL_ASSETS":7324904000,"TOTAL_LIABILITIES":1440628000,"TAX_EBT":28.807024862531,"OCF_SALES":24.845668877093,"TOTAL_PARENT_EQUITY":5884276000,"DEBT_ASSET_RATIO":19.6675342093,"OPERATE_PROFIT":784880000,"PRETAX_PROFIT":872558000,"NETCASH_OPERATE":730127000,"NETCASH_INVEST":-311065000,"NETCASH_FINANCE":-498508000,"END_CASH":451797000,"DIVI_RATIO":0.599390246561,"DIVIDEND_RATE":3.836363636364,"CURRENT_RATIO":2.399308846293,"COMMON_ACS":5000000000,"CURRENTDEBT_DEBT":67.309742695547,"ISSUED_COMMON_SHARES":2351145578,"HK_COMMON_SHARES":2351145578,"PER_SHARES":200,"TOTAL_MARKET_CAP":18103820950.6,"HKSK_MARKET_CAP":18103820950.6,"PE_TTM":15.510628916864,"PB_TTM":2.807991213395,"REPORT_DATE_SQ":"2023-06-30 00:00:00","REPORT_TYPE_SQ":"2023年中报","OPERATE_INCOME_SQ":2327279000,"DPS_HKD":0.2954,"OPERATE_INCOME_QOQ_SQ":1.440993424105,"NET_PROFIT_RATIO_SQ":19.2099872856,"HOLDER_PROFIT_SQ":447070000,"HOLDER_PROFIT_QOQ_SQ":467.887664659577,"ROE_AVG_SQ":8.091873085721,"PE_TTM_SQ":14.901874806646,"PB_TTM_SQ":2.385271025661,"ROA_SQ":6.30660019206,"START_DATE":"2024-01-01 00:00:00","FISCAL_YEAR":"12-31","CURRENCY":"HKD","IS_CNY_CODE":0,"DPS_HKD_LY":0.2954,"ORG_TYPE":"一般企业","PREMIUM_INCOME":null,"PREMIUM_INCOME_YOY":null,"NET_INTEREST_INCOME":null,"NET_INTEREST_INCOME_YOY":null,"FEE_COMMISSION_INCOME":null,"FEE_COMMISSION_INCOME_YOY":null,"ACCOUNTS_RECE_TDAYS":9.694368248554,"INVENTORY_TDAYS":3.523247461429,"CURRENT_ASSETS_TDAYS":1.129976030803,"TOTAL_ASSETS_TDAYS":0.408757411265,"PREMIUM_EXPENSE":null,"LOAN_DEPOSIT":null,"LOAN_EQUITY":null,"LOAN_ASSETS":null,"DEPOSIT_EQUITY":null,"DEPOSIT_ASSETS":null,"EQUITY_MULTIPLIER":1.244826721248,"EQUITY_RATIO":0.244826721248},{"SECUCODE":"09985.HK","SECURITY_CODE":"09985","SECURITY_NAME_ABBR":"卫龙美味","ORG_CODE":"10000203980","STD_REPORT_DATE":"2023-12-31 00:00:00","REPORT_DATE":"2023-12-31 00:00:00","DATE_TYPE_CODE":"001","REPORT_TYPE":"2023年年报","PER_NETCASH_OPERATE":0.49155399428,"PER_OI":2.072039283992,"BPS":2.426846747981,"BASIC_EPS":0.38,"DILUTED_EPS":0.38,"OPERATE_INCOME":4871666000,"OPERATE_INCOME_YOY":5.1691186582,"GROSS_PROFIT":2322683000,"GROSS_PROFIT_YOY":18.52812173882,"HOLDER_PROFIT":880354000,"HOLDER_PROFIT_YOY":481.8714184683,"GROSS_PROFIT_RATIO":47.677385929167,"EPS_TTM":0.374436193249,"OPERATE_INCOME_QOQ":3.675166328969,"NET_PROFIT_RATIO":18.0709022334,"ROE_AVG":15.678217163202,"GROSS_PROFIT_QOQ":5.372508403051,"ROA":12.590982431844,"HOLDER_PROFIT_QOQ":2.46241548795,"ROE_YEARLY":15.678217163202,"ROIC_YEARLY":18.478981159648,"TOTAL_ASSETS":7053546000,"TOTAL_LIABILITIES":1347676000,"TAX_EBT":31.183204197387,"OCF_SALES":23.723198593664,"TOTAL_PARENT_EQUITY":5705870000,"DEBT_ASSET_RATIO":19.1063615379,"OPERATE_PROFIT":1103713000,"PRETAX_PROFIT":1279272000,"NETCASH_OPERATE":1155715000,"NETCASH_INVEST":-1130778000,"NETCASH_FINANCE":-828612000,"END_CASH":526193000,"DIVI_RATIO":0.717946899491,"DIVIDEND_RATE":3.851368970013,"CURRENT_RATIO":3.165898876343,"COMMON_ACS":5000000000,"CURRENTDEBT_DEBT":67.376505925757,"ISSUED_COMMON_SHARES":2351145578,"HK_COMMON_SHARES":2351145578,"PER_SHARES":200,"TOTAL_MARKET_CAP":18033286583.26,"HKSK_MARKET_CAP":18033286583.26,"PE_TTM":15.45019789511,"PB_TTM":2.797050987889,"REPORT_DATE_SQ":"2022-12-31 00:00:00","REPORT_TYPE_SQ":"2022年年报","OPERATE_INCOME_SQ":4632221000,"DPS_HKD":0.2954,"OPERATE_INCOME_QOQ_SQ":-2.641214471886,"NET_PROFIT_RATIO_SQ":3.2661869976,"HOLDER_PROFIT_SQ":151297000,"HOLDER_PROFIT_QOQ_SQ":-27.370351346291,"ROE_AVG_SQ":3.291089595219,"PE_TTM_SQ":17.10774443263,"PB_TTM_SQ":2.738353907749,"ROA_SQ":2.49645984085,"START_DATE":"2023-01-01 00:00:00","FISCAL_YEAR":"12-31","CURRENCY":"HKD","IS_CNY_CODE":0,"DPS_HKD_LY":0.261,"ORG_TYPE":"一般企业","PREMIUM_INCOME":null,"PREMIUM_INCOME_YOY":null,"NET_INTEREST_INCOME":null,"NET_INTEREST_INCOME_YOY":null,"FEE_COMMISSION_INCOME":null,"FEE_COMMISSION_INCOME_YOY":null,"ACCOUNTS_RECE_TDAYS":21.576140608841,"INVENTORY_TDAYS":5.002144912064,"CURRENT_ASSETS_TDAYS":1.514850721625,"TOTAL_ASSETS_TDAYS":0.696754498984,"PREMIUM_EXPENSE":null,"LOAN_DEPOSIT":null,"LOAN_EQUITY":null,"LOAN_ASSETS":null,"DEPOSIT_EQUITY":null,"DEPOSIT_ASSETS":null,"EQUITY_MULTIPLIER":1.236191150517,"EQUITY_RATIO":0.236191150517},{"SECUCODE":"09985.HK","SECURITY_CODE":"09985","SECURITY_NAME_ABBR":"卫龙美味","ORG_CODE":"10000203980","STD_REPORT_DATE":"2023-06-30 00:00:00","REPORT_DATE":"2023-06-30 00:00:00","DATE_TYPE_CODE":"002","REPORT_TYPE":"2023年中报","PER_NETCASH_OPERATE":0.212119149349,"PER_OI":0.989848957792,"BPS":2.350105434433,"BASIC_EPS":0.19,"DILUTED_EPS":0.19,"OPERATE_INCOME":2327279000,"OPERATE_INCOME_YOY":2.9528486474,"GROSS_PROFIT":1106202000,"GROSS_PROFIT_YOY":28.397024890082,"HOLDER_PROFIT":447070000,"HOLDER_PROFIT_YOY":271.4028294291,"GROSS_PROFIT_RATIO":47.531989073936,"EPS_TTM":0.365437601159,"OPERATE_INCOME_QOQ":1.440993424105,"NET_PROFIT_RATIO":19.2099872856,"ROE_AVG":8.091873085721,"GROSS_PROFIT_QOQ":12.484863020864,"ROA":6.30660019206,"HOLDER_PROFIT_QOQ":467.887664659577,"ROE_YEARLY":16.183746171442,"ROIC_YEARLY":19.300388440446,"TOTAL_ASSETS":7247510000,"TOTAL_LIABILITIES":1722070000,"TAX_EBT":30.961797121233,"OCF_SALES":21.429446147196,"TOTAL_PARENT_EQUITY":5525440000,"DEBT_ASSET_RATIO":23.7608502782,"OPERATE_PROFIT":561212000,"PRETAX_PROFIT":647569000,"NETCASH_OPERATE":498723000,"NETCASH_INVEST":-1045083000,"NETCASH_FINANCE":-2615000,"END_CASH":774456000,"DIVI_RATIO":0.735625735139,"DIVIDEND_RATE":3.851368970013,"CURRENT_RATIO":2.625206531077,"COMMON_ACS":5000000000,"CURRENTDEBT_DEBT":74.825471670722,"ISSUED_COMMON_SHARES":2351145578,"HK_COMMON_SHARES":2351145578,"PER_SHARES":200,"TOTAL_MARKET_CAP":18033286583.26,"HKSK_MARKET_CAP":18033286583.26,"PE_TTM":15.45019789511,"PB_TTM":2.797050987889,"REPORT_DATE_SQ":"2022-06-30 00:00:00","REPORT_TYPE_SQ":"2022年中报","OPERATE_INCOME_SQ":2260529000,"DPS_HKD":0.2954,"OPERATE_INCOME_QOQ_SQ":-0.881484104829,"NET_PROFIT_RATIO_SQ":-11.5384496284,"HOLDER_PROFIT_SQ":-260830000,"HOLDER_PROFIT_QOQ_SQ":-74.802746728372,"ROE_AVG_SQ":-6.682791830253,"PE_TTM_SQ":17.10774443263,"PB_TTM_SQ":2.738353907749,"ROA_SQ":-4.695415880399,"START_DATE":"2023-01-01 00:00:00","FISCAL_YEAR":"12-31","CURRENCY":"HKD","IS_CNY_CODE":0,"DPS_HKD_LY":0.261,"ORG_TYPE":"一般企业","PREMIUM_INCOME":null,"PREMIUM_INCOME_YOY":null,"NET_INTEREST_INCOME":null,"NET_INTEREST_INCOME_YOY":null,"FEE_COMMISSION_INCOME":null,"FEE_COMMISSION_INCOME_YOY":null,"ACCOUNTS_RECE_TDAYS":11.448749987702,"INVENTORY_TDAYS":2.364652513858,"CURRENT_ASSETS_TDAYS":0.670696414697,"TOTAL_ASSETS_TDAYS":0.328297988869,"PREMIUM_EXPENSE":null,"LOAN_DEPOSIT":null,"LOAN_EQUITY":null,"LOAN_ASSETS":null,"DEPOSIT_EQUITY":null,"DEPOSIT_ASSETS":null,"EQUITY_MULTIPLIER":1.311662057682,"EQUITY_RATIO":0.311662057682},{"SECUCODE":"09985.HK","SECURITY_CODE":"09985","SECURITY_NAME_ABBR":"卫龙美味","ORG_CODE":"10000203980","STD_REPORT_DATE":"2022-12-31 00:00:00","REPORT_DATE":"2022-12-31 00:00:00","DATE_TYPE_CODE":"001","REPORT_TYPE":"2022年年报","PER_NETCASH_OPERATE":0.511641648759,"PER_OI":1.970197440492,"BPS":2.349668200767,"BASIC_EPS":0.07,"DILUTED_EPS":0.07,"OPERATE_INCOME":4632221000,"OPERATE_INCOME_YOY":-3.499416691,"GROSS_PROFIT":1959605000,"GROSS_PROFIT_YOY":9.290079201085,"HOLDER_PROFIT":151297000,"HOLDER_PROFIT_YOY":-81.6993234784,"GROSS_PROFIT_RATIO":42.303789046334,"EPS_TTM":0.064350332628,"OPERATE_INCOME_QOQ":-2.641214471886,"NET_PROFIT_RATIO":3.2661869976,"ROE_AVG":3.291089595219,"GROSS_PROFIT_QOQ":8.572892859616,"ROA":2.49645984085,"HOLDER_PROFIT_QOQ":-27.370351346291,"ROE_YEARLY":3.291089595219,"ROIC_YEARLY":3.549538451144,"TOTAL_ASSETS":6930335000,"TOTAL_LIABILITIES":1405923000,"TAX_EBT":63.310999401034,"OCF_SALES":25.969054585263,"TOTAL_PARENT_EQUITY":5524412000,"DEBT_ASSET_RATIO":20.2865085165,"OPERATE_PROFIT":354692000,"PRETAX_PROFIT":412377000,"NETCASH_OPERATE":1202944000,"NETCASH_INVEST":-996140000,"NETCASH_FINANCE":584692000,"END_CASH":1314453000,"DIVI_RATIO":4.177527807915,"DIVIDEND_RATE":3.851368970013,"CURRENT_RATIO":3.556311147458,"COMMON_ACS":5000000000,"CURRENTDEBT_DEBT":71.145148062874,"ISSUED_COMMON_SHARES":2351145578,"HK_COMMON_SHARES":2351145578,"PER_SHARES":200,"TOTAL_MARKET_CAP":18033286583.26,"HKSK_MARKET_CAP":18033286583.26,"PE_TTM":15.45019789511,"PB_TTM":2.797050987889,"REPORT_DATE_SQ":"2021-12-31 00:00:00","REPORT_TYPE_SQ":"2021年年报","OPERATE_INCOME_SQ":4800200000,"DPS_HKD":0.2954,"OPERATE_INCOME_QOQ_SQ":5.810215682934,"NET_PROFIT_RATIO_SQ":17.2228032165,"HOLDER_PROFIT_SQ":826729000,"HOLDER_PROFIT_QOQ_SQ":2.131883499367,"ROE_AVG_SQ":31.184417466509,"PE_TTM_SQ":17.10774443263,"PB_TTM_SQ":2.738353907749,"ROA_SQ":20.335030442443,"START_DATE":"2022-01-01 00:00:00","FISCAL_YEAR":"12-31","CURRENCY":"HKD","IS_CNY_CODE":0,"DPS_HKD_LY":null,"ORG_TYPE":"一般企业","PREMIUM_INCOME":null,"PREMIUM_INCOME_YOY":null,"NET_INTEREST_INCOME":null,"NET_INTEREST_INCOME_YOY":null,"FEE_COMMISSION_INCOME":null,"FEE_COMMISSION_INCOME_YOY":null,"ACCOUNTS_RECE_TDAYS":16.571611022171,"INVENTORY_TDAYS":4.441339473111,"CURRENT_ASSETS_TDAYS":1.41583424404,"TOTAL_ASSETS_TDAYS":0.764334633234,"PREMIUM_EXPENSE":null,"LOAN_DEPOSIT":null,"LOAN_EQUITY":null,"LOAN_ASSETS":null,"DEPOSIT_EQUITY":null,"DEPOSIT_ASSETS":null,"EQUITY_MULTIPLIER":1.254492785838,"EQUITY_RATIO":0.254492785839},{"SECUCODE":"09985.HK","SECURITY_CODE":"09985","SECURITY_NAME_ABBR":"卫龙美味","ORG_CODE":"10000203980","STD_REPORT_DATE":"2022-06-30 00:00:00","REPORT_DATE":"2022-06-30 00:00:00","DATE_TYPE_CODE":"002","REPORT_TYPE":"2022年中报","PER_NETCASH_OPERATE":0.202774521122,"PER_OI":1.025088806122,"BPS":1.759180732449,"BASIC_EPS":-0.13,"DILUTED_EPS":-0.13,"OPERATE_INCOME":2260529000,"OPERATE_INCOME_YOY":-1.8374252337,"GROSS_PROFIT":861548000,"GROSS_PROFIT_YOY":1.393897168896,"HOLDER_PROFIT":-260830000,"HOLDER_PROFIT_YOY":-172.9418936983,"GROSS_PROFIT_RATIO":38.112671856897,"EPS_TTM":0.094464315419,"OPERATE_INCOME_QOQ":-0.881484104829,"NET_PROFIT_RATIO":-11.5384496284,"ROE_AVG":-6.682791830253,"GROSS_PROFIT_QOQ":0.660557458293,"ROA":-4.695415880399,"HOLDER_PROFIT_QOQ":-74.802746728372,"ROE_YEARLY":-13.365583660506,"ROIC_YEARLY":-11.369181510903,"TOTAL_ASSETS":5919396000,"TOTAL_LIABILITIES":1783306000,"TAX_EBT":-82.000237242958,"OCF_SALES":19.781166266834,"TOTAL_PARENT_EQUITY":4136090000,"DEBT_ASSET_RATIO":30.126485878,"OPERATE_PROFIT":-167046000,"PRETAX_PROFIT":-143313000,"NETCASH_OPERATE":447159000,"NETCASH_INVEST":-1126607000,"NETCASH_FINANCE":353679000,"END_CASH":180855000,"DIVI_RATIO":2.845786822334,"DIVIDEND_RATE":3.851368970013,"CURRENT_RATIO":2.246973111947,"COMMON_ACS":5000000000,"CURRENTDEBT_DEBT":79.216466495374,"ISSUED_COMMON_SHARES":2351145578,"HK_COMMON_SHARES":2351145578,"PER_SHARES":200,"TOTAL_MARKET_CAP":18033286583.26,"HKSK_MARKET_CAP":18033286583.26,"PE_TTM":15.45019789511,"PB_TTM":2.797050987889,"REPORT_DATE_SQ":"2021-06-30 00:00:00","REPORT_TYPE_SQ":"2021年中报","OPERATE_INCOME_SQ":2302842000,"DPS_HKD":0.2954,"OPERATE_INCOME_QOQ_SQ":10.102425590792,"NET_PROFIT_RATIO_SQ":15.5280301471,"HOLDER_PROFIT_SQ":357586000,"HOLDER_PROFIT_QOQ_SQ":-1.134881357754,"ROE_AVG_SQ":14.864247238357,"PE_TTM_SQ":17.10774443263,"PB_TTM_SQ":2.738353907749,"ROA_SQ":9.812067944096,"START_DATE":"2022-01-01 00:00:00","FISCAL_YEAR":"12-31","CURRENCY":"HKD","IS_CNY_CODE":0,"DPS_HKD_LY":null,"ORG_TYPE":"一般企业","PREMIUM_INCOME":null,"PREMIUM_INCOME_YOY":null,"NET_INTEREST_INCOME":null,"NET_INTEREST_INCOME_YOY":null,"FEE_COMMISSION_INCOME":null,"FEE_COMMISSION_INCOME_YOY":null,"ACCOUNTS_RECE_TDAYS":7.771078414521,"INVENTORY_TDAYS":2.509202927144,"CURRENT_ASSETS_TDAYS":0.733878299833,"TOTAL_ASSETS_TDAYS":0.406936463011,"PREMIUM_EXPENSE":null,"LOAN_DEPOSIT":null,"LOAN_EQUITY":null,"LOAN_ASSETS":null,"DEPOSIT_EQUITY":null,"DEPOSIT_ASSETS":null,"EQUITY_MULTIPLIER":1.431157445801,"EQUITY_RATIO":0.4311574458},{"SECUCODE":"09985.HK","SECURITY_CODE":"09985","SECURITY_NAME_ABBR":"卫龙美味","ORG_CODE":"10000203980","STD_REPORT_DATE":"2021-12-31 00:00:00","REPORT_DATE":"2021-12-31 00:00:00","DATE_TYPE_CODE":"001","REPORT_TYPE":"2021年年报","PER_NETCASH_OPERATE":0.413781068482,"PER_OI":2.233914973723,"BPS":1.560911001998,"BASIC_EPS":0.41,"DILUTED_EPS":0.41,"OPERATE_INCOME":4800200000,"OPERATE_INCOME_YOY":16.4996139898,"GROSS_PROFIT":1793031000,"GROSS_PROFIT_YOY":14.522008220149,"HOLDER_PROFIT":826729000,"HOLDER_PROFIT_YOY":0.9728077932,"GROSS_PROFIT_RATIO":37.353256114329,"EPS_TTM":0.384742779949,"OPERATE_INCOME_QOQ":5.810215682934,"NET_PROFIT_RATIO":17.2228032165,"ROE_AVG":31.184417466509,"GROSS_PROFIT_QOQ":5.034049071669,"ROA":20.335030442443,"HOLDER_PROFIT_QOQ":2.131883499367,"ROE_YEARLY":31.184417466509,"ROIC_YEARLY":24.8543013915,"TOTAL_ASSETS":5190589000,"TOTAL_LIABILITIES":1520660000,"TAX_EBT":24.611993813786,"OCF_SALES":18.522686554727,"TOTAL_PARENT_EQUITY":3669929000,"DEBT_ASSET_RATIO":29.2964825379,"OPERATE_PROFIT":1077386000,"PRETAX_PROFIT":1096632000,"NETCASH_OPERATE":889126000,"NETCASH_INVEST":-1780817000,"NETCASH_FINANCE":1260476000,"END_CASH":494275000,"DIVI_RATIO":0.698714356734,"DIVIDEND_RATE":3.851368970013,"CURRENT_RATIO":2.37852366206,"COMMON_ACS":5000000000,"CURRENTDEBT_DEBT":82.563623689714,"ISSUED_COMMON_SHARES":2351145578,"HK_COMMON_SHARES":2351145578,"PER_SHARES":200,"TOTAL_MARKET_CAP":18033286583.26,"HKSK_MARKET_CAP":18033286583.26,"PE_TTM":15.45019789511,"PB_TTM":2.797050987889,"REPORT_DATE_SQ":"2020-12-31 00:00:00","REPORT_TYPE_SQ":"2020年年报","OPERATE_INCOME_SQ":4120357000,"DPS_HKD":0.2954,"OPERATE_INCOME_QOQ_SQ":21.732403362596,"NET_PROFIT_RATIO_SQ":19.871190773,"HOLDER_PROFIT_SQ":818764000,"HOLDER_PROFIT_QOQ_SQ":24.41350009649,"ROE_AVG_SQ":66.935822417701,"PE_TTM_SQ":17.10774443263,"PB_TTM_SQ":2.738353907749,"ROA_SQ":35.719952508,"START_DATE":"2021-01-01 00:00:00","FISCAL_YEAR":"12-31","CURRENCY":"HKD","IS_CNY_CODE":0,"DPS_HKD_LY":null,"ORG_TYPE":"一般企业","PREMIUM_INCOME":null,"PREMIUM_INCOME_YOY":null,"NET_INTEREST_INCOME":null,"NET_INTEREST_INCOME_YOY":null,"FEE_COMMISSION_INCOME":null,"FEE_COMMISSION_INCOME_YOY":null,"ACCOUNTS_RECE_TDAYS":16.968312995772,"INVENTORY_TDAYS":5.251408169698,"CURRENT_ASSETS_TDAYS":1.980960461677,"TOTAL_ASSETS_TDAYS":1.180703871883,"PREMIUM_EXPENSE":null,"LOAN_DEPOSIT":null,"LOAN_EQUITY":null,"LOAN_ASSETS":null,"DEPOSIT_EQUITY":null,"DEPOSIT_ASSETS":null,"EQUITY_MULTIPLIER":1.414356790008,"EQUITY_RATIO":0.414356790009},{"SECUCODE":"09985.HK","SECURITY_CODE":"09985","SECURITY_NAME_ABBR":"卫龙美味","ORG_CODE":"10000203980","STD_REPORT_DATE":"2021-06-30 00:00:00","REPORT_DATE":"2021-06-30 00:00:00","DATE_TYPE_CODE":"002","REPORT_TYPE":"2021年中报","PER_NETCASH_OPERATE":0.21260094792,"PER_OI":1.085882452861,"BPS":1.352146387594,"BASIC_EPS":0.18,"DILUTED_EPS":0.18,"OPERATE_INCOME":2302842000,"OPERATE_INCOME_YOY":22.0639822409,"GROSS_PROFIT":849704000,"GROSS_PROFIT_YOY":19.968260870793,"HOLDER_PROFIT":357586000,"HOLDER_PROFIT_YOY":-2.5327220493,"GROSS_PROFIT_RATIO":36.898059007088,"EPS_TTM":0.381698545051,"OPERATE_INCOME_QOQ":10.102425590792,"NET_PROFIT_RATIO":15.5280301471,"ROE_AVG":14.864247238357,"GROSS_PROFIT_QOQ":9.033222304899,"ROA":9.812067944096,"HOLDER_PROFIT_QOQ":-1.134881357754,"ROE_YEARLY":29.728494476714,"ROIC_YEARLY":24.944446556559,"TOTAL_ASSETS":4348205000,"TOTAL_LIABILITIES":1169112000,"TAX_EBT":24.120808815572,"OCF_SALES":19.578633705656,"TOTAL_PARENT_EQUITY":3179093000,"DEBT_ASSET_RATIO":26.8872327777,"OPERATE_PROFIT":465359000,"PRETAX_PROFIT":471257000,"NETCASH_OPERATE":450865000,"NETCASH_INVEST":-383403000,"NETCASH_FINANCE":1118527000,"END_CASH":1316707000,"DIVI_RATIO":0.704286949703,"DIVIDEND_RATE":3.851368970013,"CURRENT_RATIO":2.504889838929,"COMMON_ACS":5000000000,"CURRENTDEBT_DEBT":84.190907286898,"ISSUED_COMMON_SHARES":2351145578,"HK_COMMON_SHARES":2351145578,"PER_SHARES":200,"TOTAL_MARKET_CAP":18033286583.26,"HKSK_MARKET_CAP":18033286583.26,"PE_TTM":15.45019789511,"PB_TTM":2.797050987889,"REPORT_DATE_SQ":"2020-06-30 00:00:00","REPORT_TYPE_SQ":"2020年中报","OPERATE_INCOME_SQ":1886586000,"DPS_HKD":0.2954,"OPERATE_INCOME_QOQ_SQ":0,"NET_PROFIT_RATIO_SQ":19.4466618537,"HOLDER_PROFIT_SQ":366878000,"HOLDER_PROFIT_QOQ_SQ":0,"ROE_AVG_SQ":null,"PE_TTM_SQ":17.10774443263,"PB_TTM_SQ":2.738353907749,"ROA_SQ":null,"START_DATE":"2021-01-01 00:00:00","FISCAL_YEAR":"12-31","CURRENCY":"HKD","IS_CNY_CODE":0,"DPS_HKD_LY":null,"ORG_TYPE":"一般企业","PREMIUM_INCOME":null,"PREMIUM_INCOME_YOY":null,"NET_INTEREST_INCOME":null,"NET_INTEREST_INCOME_YOY":null,"FEE_COMMISSION_INCOME":null,"FEE_COMMISSION_INCOME_YOY":null,"ACCOUNTS_RECE_TDAYS":11.726399193405,"INVENTORY_TDAYS":2.796128124781,"CURRENT_ASSETS_TDAYS":1.064750569805,"TOTAL_ASSETS_TDAYS":0.631893926734,"PREMIUM_EXPENSE":null,"LOAN_DEPOSIT":null,"LOAN_EQUITY":null,"LOAN_ASSETS":null,"DEPOSIT_EQUITY":null,"DEPOSIT_ASSETS":null,"EQUITY_MULTIPLIER":1.36775017277,"EQUITY_RATIO":0.367750172769},{"SECUCODE":"09985.HK","SECURITY_CODE":"09985","SECURITY_NAME_ABBR":"卫龙美味","ORG_CODE":"10000203980","STD_REPORT_DATE":"2020-12-31 00:00:00","REPORT_DATE":"2020-12-31 00:00:00","DATE_TYPE_CODE":"001","REPORT_TYPE":"2020年年报","PER_NETCASH_OPERATE":null,"PER_OI":null,"BPS":0.694241996443,"BASIC_EPS":0.41,"DILUTED_EPS":0.41,"OPERATE_INCOME":4120357000,"OPERATE_INCOME_YOY":21.7324033626,"GROSS_PROFIT":1565665000,"GROSS_PROFIT_YOY":24.823507557584,"HOLDER_PROFIT":818764000,"HOLDER_PROFIT_YOY":24.4135000965,"GROSS_PROFIT_RATIO":37.998285100053,"EPS_TTM":null,"OPERATE_INCOME_QOQ":21.732403362596,"NET_PROFIT_RATIO":19.871190773,"ROE_AVG":66.935822417701,"GROSS_PROFIT_QOQ":24.823507557584,"ROA":35.719952508,"HOLDER_PROFIT_QOQ":24.41350009649,"ROE_YEARLY":66.935822417701,"ROIC_YEARLY":38.282504388094,"TOTAL_ASSETS":2940493000,"TOTAL_LIABILITIES":1308229000,"TAX_EBT":24.071602847718,"OCF_SALES":17.144169789171,"TOTAL_PARENT_EQUITY":1632264000,"DEBT_ASSET_RATIO":44.4901246152,"OPERATE_PROFIT":1083262000,"PRETAX_PROFIT":1078337000,"NETCASH_OPERATE":706401000,"NETCASH_INVEST":-878781000,"NETCASH_FINANCE":245605000,"END_CASH":161740000,"DIVI_RATIO":null,"DIVIDEND_RATE":3.851368970013,"CURRENT_RATIO":1.59259335366,"COMMON_ACS":5000000000,"CURRENTDEBT_DEBT":89.277259562355,"ISSUED_COMMON_SHARES":2351145578,"HK_COMMON_SHARES":2351145578,"PER_SHARES":200,"TOTAL_MARKET_CAP":18033286583.26,"HKSK_MARKET_CAP":18033286583.26,"PE_TTM":15.45019789511,"PB_TTM":2.797050987889,"REPORT_DATE_SQ":"2019-12-31 00:00:00","REPORT_TYPE_SQ":"2019年年报","OPERATE_INCOME_SQ":3384766000,"DPS_HKD":0.2954,"OPERATE_INCOME_QOQ_SQ":23.008237215526,"NET_PROFIT_RATIO_SQ":19.4429688788,"HOLDER_PROFIT_SQ":658099000,"HOLDER_PROFIT_QOQ_SQ":38.175683478312,"ROE_AVG_SQ":135.562499742511,"PE_TTM_SQ":17.10774443263,"PB_TTM_SQ":2.738353907749,"ROA_SQ":49.936621142398,"START_DATE":"2020-01-01 00:00:00","FISCAL_YEAR":"12-31","CURRENCY":"HKD","IS_CNY_CODE":0,"DPS_HKD_LY":null,"ORG_TYPE":"一般企业","PREMIUM_INCOME":null,"PREMIUM_INCOME_YOY":null,"NET_INTEREST_INCOME":null,"NET_INTEREST_INCOME_YOY":null,"FEE_COMMISSION_INCOME":null,"FEE_COMMISSION_INCOME_YOY":null,"ACCOUNTS_RECE_TDAYS":21.482066374877,"INVENTORY_TDAYS":5.429992475737,"CURRENT_ASSETS_TDAYS":2.797308434919,"TOTAL_ASSETS_TDAYS":1.797574836656,"PREMIUM_EXPENSE":null,"LOAN_DEPOSIT":null,"LOAN_EQUITY":null,"LOAN_ASSETS":null,"DEPOSIT_EQUITY":null,"DEPOSIT_ASSETS":null,"EQUITY_MULTIPLIER":1.801481255485,"EQUITY_RATIO":0.801481255483},{"SECUCODE":"09985.HK","SECURITY_CODE":"09985","SECURITY_NAME_ABBR":"卫龙美味","ORG_CODE":"10000203980","STD_REPORT_DATE":"2020-06-30 00:00:00","REPORT_DATE":"2020-06-30 00:00:00","DATE_TYPE_CODE":"002","REPORT_TYPE":"2020年中报","PER_NETCASH_OPERATE":null,"PER_OI":null,"BPS":null,"BASIC_EPS":0.18,"DILUTED_EPS":0.18,"OPERATE_INCOME":1886586000,"OPERATE_INCOME_YOY":null,"GROSS_PROFIT":708274000,"GROSS_PROFIT_YOY":null,"HOLDER_PROFIT":366878000,"HOLDER_PROFIT_YOY":null,"GROSS_PROFIT_RATIO":37.542629914565,"EPS_TTM":null,"OPERATE_INCOME_QOQ":0,"NET_PROFIT_RATIO":19.4466618537,"ROE_AVG":null,"GROSS_PROFIT_QOQ":0,"ROA":null,"HOLDER_PROFIT_QOQ":0,"ROE_YEARLY":null,"ROIC_YEARLY":null,"TOTAL_ASSETS":null,"TOTAL_LIABILITIES":null,"TAX_EBT":24.054086503629,"OCF_SALES":21.51394105543,"TOTAL_PARENT_EQUITY":null,"DEBT_ASSET_RATIO":null,"OPERATE_PROFIT":null,"PRETAX_PROFIT":483078000,"NETCASH_OPERATE":405879000,"NETCASH_INVEST":-593077000,"NETCASH_FINANCE":185871000,"END_CASH":87464000,"DIVI_RATIO":null,"DIVIDEND_RATE":3.851368970013,"CURRENT_RATIO":null,"COMMON_ACS":5000000000,"CURRENTDEBT_DEBT":null,"ISSUED_COMMON_SHARES":2351145578,"HK_COMMON_SHARES":2351145578,"PER_SHARES":200,"TOTAL_MARKET_CAP":18033286583.26,"HKSK_MARKET_CAP":18033286583.26,"PE_TTM":15.45019789511,"PB_TTM":2.797050987889,"REPORT_DATE_SQ":"2019-06-30 00:00:00","REPORT_TYPE_SQ":"2019年中报","OPERATE_INCOME_SQ":null,"DPS_HKD":0.2954,"OPERATE_INCOME_QOQ_SQ":0,"NET_PROFIT_RATIO_SQ":null,"HOLDER_PROFIT_SQ":null,"HOLDER_PROFIT_QOQ_SQ":0,"ROE_AVG_SQ":null,"PE_TTM_SQ":17.10774443263,"PB_TTM_SQ":2.738353907749,"ROA_SQ":null,"START_DATE":"2020-01-01 00:00:00","FISCAL_YEAR":"12-31","CURRENCY":"HKD","IS_CNY_CODE":0,"DPS_HKD_LY":null,"ORG_TYPE":"一般企业","PREMIUM_INCOME":null,"PREMIUM_INCOME_YOY":null,"NET_INTEREST_INCOME":null,"NET_INTEREST_INCOME_YOY":null,"FEE_COMMISSION_INCOME":null,"FEE_COMMISSION_INCOME_YOY":null,"ACCOUNTS_RECE_TDAYS":null,"INVENTORY_TDAYS":null,"CURRENT_ASSETS_TDAYS":3.47478204173,"TOTAL_ASSETS_TDAYS":2.29531504546,"PREMIUM_EXPENSE":null,"LOAN_DEPOSIT":null,"LOAN_EQUITY":null,"LOAN_ASSETS":null,"DEPOSIT_EQUITY":null,"DEPOSIT_ASSETS":null,"EQUITY_MULTIPLIER":null,"EQUITY_RATIO":null}],"count":11},"success":true,"message":"ok","code":0}