{"version":"5586dbf56938d105119500f03500e74f","result":{"pages":3,"data":[{"SECUCODE":"09987.HK","SECURITY_CODE":"09987","SECURITY_NAME_ABBR":"百胜中国","ORG_CODE":"10579608","STD_REPORT_DATE":"2024-12-31 00:00:00","REPORT_DATE":"2024-12-31 00:00:00","DATE_TYPE_CODE":"001","REPORT_TYPE":"2024年年报","PER_NETCASH_OPERATE":26.913334681172,"PER_OI":214.377323397662,"BPS":109.296583431144,"BASIC_EPS":16.820856,"DILUTED_EPS":16.748972,"OPERATE_INCOME":81250485200,"OPERATE_INCOME_YOY":2.9604663873,"GROSS_PROFIT":16756160400,"GROSS_PROFIT_YOY":3.899302375197,"HOLDER_PROFIT":6548632400,"HOLDER_PROFIT_YOY":10.1571946796,"GROSS_PROFIT_RATIO":20.622843492878,"EPS_TTM":17.278398798131,"OPERATE_INCOME_QOQ":4.363013789985,"NET_PROFIT_RATIO":8.6702645315,"ROE_AVG":15.016896068573,"GROSS_PROFIT_QOQ":6.25883062769,"ROA":7.869730476849,"HOLDER_PROFIT_QOQ":5.724918027107,"ROE_YEARLY":15.016896068573,"ROIC_YEARLY":9.161303298471,"TOTAL_ASSETS":79942196400,"TOTAL_LIABILITIES":33742349600,"TAX_EBT":26.646706586826,"OCF_SALES":12.554189153322,"TOTAL_PARENT_EQUITY":41175155200,"DEBT_ASSET_RATIO":42.2084344933,"OPERATE_PROFIT":8352920800,"PRETAX_PROFIT":9603702400,"NETCASH_OPERATE":10200339600,"NETCASH_INVEST":-1279535200,"NETCASH_FINANCE":-11760222400,"END_CASH":5197213200,"DIVI_RATIO":0.262133851261,"DIVIDEND_RATE":1.311634191176,"CURRENT_RATIO":1.180026281209,"COMMON_ACS":1000000000,"CURRENTDEBT_DEBT":48.636557307201,"ISSUED_COMMON_SHARES":376728658,"HK_COMMON_SHARES":376728658,"PER_SHARES":50,"TOTAL_MARKET_CAP":143458272966.4,"HKSK_MARKET_CAP":143458272966.4,"PE_TTM":20.286388202946,"PB_TTM":3.226414045545,"REPORT_DATE_SQ":"2023-12-31 00:00:00","REPORT_TYPE_SQ":"2023年年报","OPERATE_INCOME_SQ":77753880600,"DPS_HKD":4.994703,"OPERATE_INCOME_QOQ_SQ":4.43595467803,"NET_PROFIT_RATIO_SQ":8.2073237384,"HOLDER_PROFIT_SQ":5857392900,"HOLDER_PROFIT_QOQ_SQ":5.390778880435,"ROE_AVG_SQ":12.834639559246,"PE_TTM_SQ":21.428724517883,"PB_TTM_SQ":2.613035573313,"ROA_SQ":6.932975646561,"START_DATE":"2024-01-01 00:00:00","FISCAL_YEAR":"12-31","CURRENCY":"HKD","IS_CNY_CODE":0,"DPS_HKD_LY":4.994703,"ORG_TYPE":"一般企业","PREMIUM_INCOME":null,"PREMIUM_INCOME_YOY":null,"NET_INTEREST_INCOME":null,"NET_INTEREST_INCOME_YOY":null,"FEE_COMMISSION_INCOME":null,"FEE_COMMISSION_INCOME_YOY":null,"ACCOUNTS_RECE_TDAYS":153.78231292517,"INVENTORY_TDAYS":21.645355850422,"CURRENT_ASSETS_TDAYS":3.690775510204,"TOTAL_ASSETS_TDAYS":0.976416724257,"PREMIUM_EXPENSE":null,"LOAN_DEPOSIT":null,"LOAN_EQUITY":null,"LOAN_ASSETS":null,"DEPOSIT_EQUITY":null,"DEPOSIT_ASSETS":null,"EQUITY_MULTIPLIER":1.73035630932,"EQUITY_RATIO":0.819483240223},{"SECUCODE":"09987.HK","SECURITY_CODE":"09987","SECURITY_NAME_ABBR":"百胜中国","ORG_CODE":"10579608","STD_REPORT_DATE":"2024-09-30 00:00:00","REPORT_DATE":"2024-09-30 00:00:00","DATE_TYPE_CODE":"004","REPORT_TYPE":"2024年三季报","PER_NETCASH_OPERATE":22.978664222179,"PER_OI":159.822849877581,"BPS":111.901543736553,"BASIC_EPS":14.295096,"DILUTED_EPS":14.225022,"OPERATE_INCOME":61020439200,"OPERATE_INCOME_YOY":2.6281673542,"GROSS_PROFIT":13096830600,"GROSS_PROFIT_YOY":-2.661583489764,"HOLDER_PROFIT":5577890400,"HOLDER_PROFIT_YOY":9.0410958904,"GROSS_PROFIT_RATIO":21.463022508039,"EPS_TTM":16.223210254299,"OPERATE_INCOME_QOQ":0.233024412005,"NET_PROFIT_RATIO":9.807073955,"ROE_AVG":12.817003461879,"GROSS_PROFIT_QOQ":0.778896476494,"ROA":6.680093991272,"HOLDER_PROFIT_QOQ":4.949264624117,"ROE_YEARLY":17.089337949172,"ROIC_YEARLY":7.926313169032,"TOTAL_ASSETS":82694327400,"TOTAL_LIABILITIES":35548540200,"TAX_EBT":26.569217540843,"OCF_SALES":14.37758383096,"TOTAL_PARENT_EQUITY":42156518400,"DEBT_ASSET_RATIO":42.9878823828,"OPERATE_PROFIT":7084481400,"PRETAX_PROFIT":8149606200,"NETCASH_OPERATE":8773264800,"NETCASH_INVEST":-196207200,"NETCASH_FINANCE":-8121576600,"END_CASH":8359828200,"DIVI_RATIO":0.279183537017,"DIVIDEND_RATE":1.311634191176,"CURRENT_RATIO":1.286656322731,"COMMON_ACS":1000000000,"CURRENTDEBT_DEBT":50.818056376897,"ISSUED_COMMON_SHARES":376728658,"HK_COMMON_SHARES":376728658,"PER_SHARES":50,"TOTAL_MARKET_CAP":143458272966.4,"HKSK_MARKET_CAP":143458272966.4,"PE_TTM":20.286388202946,"PB_TTM":3.226414045545,"REPORT_DATE_SQ":"2023-09-30 00:00:00","REPORT_TYPE_SQ":"2023年三季报","OPERATE_INCOME_SQ":60920603000,"DPS_HKD":4.994703,"OPERATE_INCOME_QOQ_SQ":-0.348084089667,"NET_PROFIT_RATIO_SQ":9.3576900412,"HOLDER_PROFIT_SQ":5241254000,"HOLDER_PROFIT_QOQ_SQ":3.653163768748,"ROE_AVG_SQ":11.185168160576,"PE_TTM_SQ":21.269358971574,"PB_TTM_SQ":2.593602412869,"ROA_SQ":6.109809173083,"START_DATE":"2024-01-01 00:00:00","FISCAL_YEAR":"12-31","CURRENCY":"HKD","IS_CNY_CODE":0,"DPS_HKD_LY":4.994703,"ORG_TYPE":"一般企业","PREMIUM_INCOME":null,"PREMIUM_INCOME_YOY":null,"NET_INTEREST_INCOME":null,"NET_INTEREST_INCOME_YOY":null,"FEE_COMMISSION_INCOME":null,"FEE_COMMISSION_INCOME_YOY":null,"ACCOUNTS_RECE_TDAYS":118.47619047619,"INVENTORY_TDAYS":17.4687100894,"CURRENT_ASSETS_TDAYS":2.580912863071,"TOTAL_ASSETS_TDAYS":0.730782141658,"PREMIUM_EXPENSE":null,"LOAN_DEPOSIT":null,"LOAN_EQUITY":null,"LOAN_ASSETS":null,"DEPOSIT_EQUITY":null,"DEPOSIT_ASSETS":null,"EQUITY_MULTIPLIER":1.754013079666,"EQUITY_RATIO":0.843251329787},{"SECUCODE":"09987.HK","SECURITY_CODE":"09987","SECURITY_NAME_ABBR":"百胜中国","ORG_CODE":"10579608","STD_REPORT_DATE":"2024-06-30 00:00:00","REPORT_DATE":"2024-06-30 00:00:00","DATE_TYPE_CODE":"002","REPORT_TYPE":"2024年中报","PER_NETCASH_OPERATE":15.51054405816,"PER_OI":103.716413826631,"BPS":109.949059410288,"BASIC_EPS":9.051036,"DILUTED_EPS":8.979768,"OPERATE_INCOME":40173771600,"OPERATE_INCOME_YOY":1.1847065159,"GROSS_PROFIT":8545033200,"GROSS_PROFIT_YOY":-5.3184455727,"HOLDER_PROFIT":3556273200,"HOLDER_PROFIT_YOY":2.6748971193,"GROSS_PROFIT_RATIO":21.270179173319,"EPS_TTM":15.236974519502,"OPERATE_INCOME_QOQ":-1.30047201539,"NET_PROFIT_RATIO":9.4908639347,"ROE_AVG":8.168944912826,"GROSS_PROFIT_QOQ":-1.734803097697,"ROA":4.22899275393,"HOLDER_PROFIT_QOQ":-0.098333767961,"ROE_YEARLY":16.337889825653,"ROIC_YEARLY":9.958092197166,"TOTAL_ASSETS":82442822400,"TOTAL_LIABILITIES":36246904800,"TAX_EBT":26.206896551724,"OCF_SALES":14.9547631719,"TOTAL_PARENT_EQUITY":41420961600,"DEBT_ASSET_RATIO":43.9661134163,"OPERATE_PROFIT":4561152000,"PRETAX_PROFIT":5166930000,"NETCASH_OPERATE":6007892400,"NETCASH_INVEST":-940737600,"NETCASH_FINANCE":-5594538000,"END_CASH":7433252400,"DIVI_RATIO":0.297254104794,"DIVIDEND_RATE":1.311634191176,"CURRENT_RATIO":1.225168035848,"COMMON_ACS":1000000000,"CURRENTDEBT_DEBT":52.654345261502,"ISSUED_COMMON_SHARES":376728658,"HK_COMMON_SHARES":376728658,"PER_SHARES":50,"TOTAL_MARKET_CAP":143458272966.4,"HKSK_MARKET_CAP":143458272966.4,"PE_TTM":20.286388202946,"PB_TTM":3.226414045545,"REPORT_DATE_SQ":"2023-06-30 00:00:00","REPORT_TYPE_SQ":"2023年中报","OPERATE_INCOME_SQ":40254931800,"DPS_HKD":4.994703,"OPERATE_INCOME_QOQ_SQ":7.109911517143,"NET_PROFIT_RATIO_SQ":9.4597020284,"HOLDER_PROFIT_SQ":3511738800,"HOLDER_PROFIT_QOQ_SQ":21.051154267416,"ROE_AVG_SQ":7.459135906684,"PE_TTM_SQ":21.269358971574,"PB_TTM_SQ":2.593602412869,"ROA_SQ":4.135994213012,"START_DATE":"2024-01-01 00:00:00","FISCAL_YEAR":"12-31","CURRENCY":"HKD","IS_CNY_CODE":0,"DPS_HKD_LY":4.994703,"ORG_TYPE":"一般企业","PREMIUM_INCOME":null,"PREMIUM_INCOME_YOY":null,"NET_INTEREST_INCOME":null,"NET_INTEREST_INCOME_YOY":null,"FEE_COMMISSION_INCOME":null,"FEE_COMMISSION_INCOME_YOY":null,"ACCOUNTS_RECE_TDAYS":79.394366197183,"INVENTORY_TDAYS":11.29262086514,"CURRENT_ASSETS_TDAYS":1.679678188319,"TOTAL_ASSETS_TDAYS":0.477732107293,"PREMIUM_EXPENSE":null,"LOAN_DEPOSIT":null,"LOAN_EQUITY":null,"LOAN_ASSETS":null,"DEPOSIT_EQUITY":null,"DEPOSIT_ASSETS":null,"EQUITY_MULTIPLIER":1.784634372107,"EQUITY_RATIO":0.875086028906},{"SECUCODE":"09987.HK","SECURITY_CODE":"09987","SECURITY_NAME_ABBR":"百胜中国","ORG_CODE":"10579608","STD_REPORT_DATE":"2024-03-31 00:00:00","REPORT_DATE":"2024-03-31 00:00:00","DATE_TYPE_CODE":"003","REPORT_TYPE":"2024年一季报","PER_NETCASH_OPERATE":7.965378332039,"PER_OI":53.306762683648,"BPS":110.456622070944,"BASIC_EPS":5.1084,"DILUTED_EPS":5.03745,"OPERATE_INCOME":20987010000,"OPERATE_INCOME_YOY":1.405553651,"GROSS_PROFIT":4661415000,"GROSS_PROFIT_YOY":-4.187908501165,"HOLDER_PROFIT":2036265000,"HOLDER_PROFIT_YOY":-0.6920415225,"GROSS_PROFIT_RATIO":22.210953346856,"EPS_TTM":15.005582640581,"OPERATE_INCOME_QOQ":1.211850897639,"NET_PROFIT_RATIO":10.3786342123,"ROE_AVG":4.678076609617,"GROSS_PROFIT_QOQ":-1.263376387822,"ROA":2.460773385921,"HOLDER_PROFIT_QOQ":0.859489893533,"ROE_YEARLY":18.712306438468,"ROIC_YEARLY":11.550457792535,"TOTAL_ASSETS":80138025000,"TOTAL_LIABILITIES":33396165000,"TAX_EBT":26.904761904762,"OCF_SALES":14.942528735632,"TOTAL_PARENT_EQUITY":41612175000,"DEBT_ASSET_RATIO":41.6733067729,"OPERATE_PROFIT":2653530000,"PRETAX_PROFIT":2979900000,"NETCASH_OPERATE":3135990000,"NETCASH_INVEST":702405000,"NETCASH_FINANCE":-5505720000,"END_CASH":6264885000,"DIVI_RATIO":0.301837877879,"DIVIDEND_RATE":1.311634191176,"CURRENT_RATIO":1.394167034909,"COMMON_ACS":1000000000,"CURRENTDEBT_DEBT":48.077331633737,"ISSUED_COMMON_SHARES":376728658,"HK_COMMON_SHARES":376728658,"PER_SHARES":50,"TOTAL_MARKET_CAP":143458272966.4,"HKSK_MARKET_CAP":143458272966.4,"PE_TTM":20.286388202946,"PB_TTM":3.226414045545,"REPORT_DATE_SQ":"2023-03-31 00:00:00","REPORT_TYPE_SQ":"2023年一季报","OPERATE_INCOME_SQ":20044748900,"DPS_HKD":4.994703,"OPERATE_INCOME_QOQ_SQ":4.663194431513,"NET_PROFIT_RATIO_SQ":10.7302022626,"HOLDER_PROFIT_SQ":1985921300,"HOLDER_PROFIT_QOQ_SQ":43.8903924345,"ROE_AVG_SQ":4.392097264438,"PE_TTM_SQ":21.269358971574,"PB_TTM_SQ":2.593602412869,"ROA_SQ":2.42969439657,"START_DATE":"2024-01-01 00:00:00","FISCAL_YEAR":"12-31","CURRENCY":"HKD","IS_CNY_CODE":0,"DPS_HKD_LY":4.994703,"ORG_TYPE":"一般企业","PREMIUM_INCOME":null,"PREMIUM_INCOME_YOY":null,"NET_INTEREST_INCOME":null,"NET_INTEREST_INCOME_YOY":null,"FEE_COMMISSION_INCOME":null,"FEE_COMMISSION_INCOME_YOY":null,"ACCOUNTS_RECE_TDAYS":41.661971830986,"INVENTORY_TDAYS":5.984395318596,"CURRENT_ASSETS_TDAYS":0.898269055572,"TOTAL_ASSETS_TDAYS":0.253622567093,"PREMIUM_EXPENSE":null,"LOAN_DEPOSIT":null,"LOAN_EQUITY":null,"LOAN_ASSETS":null,"DEPOSIT_EQUITY":null,"DEPOSIT_ASSETS":null,"EQUITY_MULTIPLIER":1.714480874317,"EQUITY_RATIO":0.802557544757},{"SECUCODE":"09987.HK","SECURITY_CODE":"09987","SECURITY_NAME_ABBR":"百胜中国","ORG_CODE":"10579608","STD_REPORT_DATE":"2023-12-31 00:00:00","REPORT_DATE":"2023-12-31 00:00:00","DATE_TYPE_CODE":"001","REPORT_TYPE":"2023年年报","PER_NETCASH_OPERATE":25.612045766683,"PER_OI":190.881899814423,"BPS":120.417421230535,"BASIC_EPS":14.094573,"DILUTED_EPS":13.952919,"OPERATE_INCOME":77753880600,"OPERATE_INCOME_YOY":14.7246316229,"GROSS_PROFIT":16127307900,"GROSS_PROFIT_YOY":33.08112107832,"HOLDER_PROFIT":5857392900,"HOLDER_PROFIT_YOY":87.1040723982,"GROSS_PROFIT_RATIO":20.741482965932,"EPS_TTM":14.37960750105,"OPERATE_INCOME_QOQ":4.43595467803,"NET_PROFIT_RATIO":8.2073237384,"ROE_AVG":12.834639559246,"GROSS_PROFIT_QOQ":4.198850512271,"ROA":6.932975646561,"HOLDER_PROFIT_QOQ":5.390778880435,"ROE_YEARLY":12.834639559246,"ROIC_YEARLY":8.185282327906,"TOTAL_ASSETS":85211963700,"TOTAL_LIABILITIES":34790222400,"TAX_EBT":26.747967479675,"OCF_SALES":13.417744580069,"TOTAL_PARENT_EQUITY":45364693500,"DEBT_ASSET_RATIO":40.8278613582,"OPERATE_PROFIT":7833466200,"PRETAX_PROFIT":8711721000,"NETCASH_OPERATE":10432817100,"NETCASH_INVEST":-5262446100,"NETCASH_FINANCE":-5071213200,"END_CASH":7989285600,"DIVI_RATIO":0.314977527741,"DIVIDEND_RATE":1.311634191176,"CURRENT_RATIO":1.416597853014,"COMMON_ACS":1000000000,"CURRENTDEBT_DEBT":49.307817589577,"ISSUED_COMMON_SHARES":376728658,"HK_COMMON_SHARES":376728658,"PER_SHARES":50,"TOTAL_MARKET_CAP":143458272966.4,"HKSK_MARKET_CAP":143458272966.4,"PE_TTM":20.286388202946,"PB_TTM":3.226414045545,"REPORT_DATE_SQ":"2022-12-31 00:00:00","REPORT_TYPE_SQ":"2022年年报","OPERATE_INCOME_SQ":66644257400,"DPS_HKD":4.994703,"OPERATE_INCOME_QOQ_SQ":-0.368546600811,"NET_PROFIT_RATIO_SQ":4.9952973142,"HOLDER_PROFIT_SQ":3078353200,"HOLDER_PROFIT_QOQ_SQ":-46.312015021423,"ROE_AVG_SQ":6.529768060275,"PE_TTM_SQ":21.269358971574,"PB_TTM_SQ":2.593602412869,"ROA_SQ":3.529082997325,"START_DATE":"2023-01-01 00:00:00","FISCAL_YEAR":"12-31","CURRENCY":"HKD","IS_CNY_CODE":0,"DPS_HKD_LY":4.071875,"ORG_TYPE":"一般企业","PREMIUM_INCOME":null,"PREMIUM_INCOME_YOY":null,"NET_INTEREST_INCOME":null,"NET_INTEREST_INCOME_YOY":null,"FEE_COMMISSION_INCOME":null,"FEE_COMMISSION_INCOME_YOY":null,"ACCOUNTS_RECE_TDAYS":166.333333333333,"INVENTORY_TDAYS":20.692033293698,"CURRENT_ASSETS_TDAYS":2.978700312034,"TOTAL_ASSETS_TDAYS":0.920316888125,"PREMIUM_EXPENSE":null,"LOAN_DEPOSIT":null,"LOAN_EQUITY":null,"LOAN_ASSETS":null,"DEPOSIT_EQUITY":null,"DEPOSIT_ASSETS":null,"EQUITY_MULTIPLIER":1.689984548393,"EQUITY_RATIO":0.766900858704},{"SECUCODE":"09987.HK","SECURITY_CODE":"09987","SECURITY_NAME_ABBR":"百胜中国","ORG_CODE":"10579608","STD_REPORT_DATE":"2023-09-30 00:00:00","REPORT_DATE":"2023-09-30 00:00:00","DATE_TYPE_CODE":"004","REPORT_TYPE":"2023年三季报","PER_NETCASH_OPERATE":23.101166890674,"PER_OI":146.936582509275,"BPS":125.231953551036,"BASIC_EPS":12.56465,"DILUTED_EPS":12.421054,"OPERATE_INCOME":60920603000,"OPERATE_INCOME_YOY":13.4206656864,"GROSS_PROFIT":13454945200,"GROSS_PROFIT_YOY":33.271173542695,"HOLDER_PROFIT":5241254000,"HOLDER_PROFIT_YOY":87.6606683805,"GROSS_PROFIT_RATIO":22.086034177961,"EPS_TTM":13.405020535028,"OPERATE_INCOME_QOQ":-0.348084089667,"NET_PROFIT_RATIO":9.3576900412,"ROE_AVG":11.185168160576,"GROSS_PROFIT_QOQ":-1.124792322843,"ROA":6.109809173083,"HOLDER_PROFIT_QOQ":3.653163768748,"ROE_YEARLY":14.913557547435,"ROIC_YEARLY":7.203118062065,"TOTAL_ASSETS":86660186000,"TOTAL_LIABILITIES":34542017800,"TAX_EBT":27.155963302752,"OCF_SALES":15.721862109605,"TOTAL_PARENT_EQUITY":47178465800,"DEBT_ASSET_RATIO":39.8591549296,"OPERATE_PROFIT":7151080800,"PRETAX_PROFIT":7825982000,"NETCASH_OPERATE":9577853200,"NETCASH_INVEST":-7553149600,"NETCASH_FINANCE":-1723152000,"END_CASH":8120353800,"DIVI_RATIO":0.33787738025,"DIVIDEND_RATE":1.311634191176,"CURRENT_RATIO":1.586974110032,"COMMON_ACS":1000000000,"CURRENTDEBT_DEBT":51.382249012679,"ISSUED_COMMON_SHARES":376728658,"HK_COMMON_SHARES":376728658,"PER_SHARES":50,"TOTAL_MARKET_CAP":143458272966.4,"HKSK_MARKET_CAP":143458272966.4,"PE_TTM":20.286388202946,"PB_TTM":3.226414045545,"REPORT_DATE_SQ":"2022-09-30 00:00:00","REPORT_TYPE_SQ":"2022年三季报","OPERATE_INCOME_SQ":53113603800,"DPS_HKD":4.994703,"OPERATE_INCOME_QOQ_SQ":6.7596902404,"NET_PROFIT_RATIO_SQ":5.6142226975,"HOLDER_PROFIT_SQ":2761822200,"HOLDER_PROFIT_QOQ_SQ":17.374641099813,"ROE_AVG_SQ":5.77408341992,"PE_TTM_SQ":21.269358971574,"PB_TTM_SQ":2.593602412869,"ROA_SQ":3.122115654721,"START_DATE":"2023-01-01 00:00:00","FISCAL_YEAR":"12-31","CURRENCY":"HKD","IS_CNY_CODE":0,"DPS_HKD_LY":4.071875,"ORG_TYPE":"一般企业","PREMIUM_INCOME":null,"PREMIUM_INCOME_YOY":null,"NET_INTEREST_INCOME":null,"NET_INTEREST_INCOME_YOY":null,"FEE_COMMISSION_INCOME":null,"FEE_COMMISSION_INCOME_YOY":null,"ACCOUNTS_RECE_TDAYS":134.68253968254,"INVENTORY_TDAYS":15.815789473684,"CURRENT_ASSETS_TDAYS":2.158209334859,"TOTAL_ASSETS_TDAYS":0.710160696351,"PREMIUM_EXPENSE":null,"LOAN_DEPOSIT":null,"LOAN_EQUITY":null,"LOAN_ASSETS":null,"DEPOSIT_EQUITY":null,"DEPOSIT_ASSETS":null,"EQUITY_MULTIPLIER":1.662763466043,"EQUITY_RATIO":0.732156444986},{"SECUCODE":"09987.HK","SECURITY_CODE":"09987","SECURITY_NAME_ABBR":"百胜中国","ORG_CODE":"10579608","STD_REPORT_DATE":"2023-06-30 00:00:00","REPORT_DATE":"2023-06-30 00:00:00","DATE_TYPE_CODE":"002","REPORT_TYPE":"2023年中报","PER_NETCASH_OPERATE":15.99758818953,"PER_OI":96.452991129729,"BPS":125.612329179375,"BASIC_EPS":8.381928,"DILUTED_EPS":8.30967,"OPERATE_INCOME":40254931800,"OPERATE_INCOME_YOY":16.1592994162,"GROSS_PROFIT":9025024200,"GROSS_PROFIT_YOY":64.392480247272,"HOLDER_PROFIT":3511738800,"HOLDER_PROFIT_YOY":165.5737704918,"GROSS_PROFIT_RATIO":22.419673308203,"EPS_TTM":12.847415942358,"OPERATE_INCOME_QOQ":7.109911517143,"NET_PROFIT_RATIO":9.4597020284,"ROE_AVG":7.459135906684,"GROSS_PROFIT_QOQ":11.862149156069,"ROA":4.135994213012,"HOLDER_PROFIT_QOQ":21.051154267416,"ROE_YEARLY":14.918271813368,"ROIC_YEARLY":9.800362976407,"TOTAL_ASSETS":84361215000,"TOTAL_LIABILITIES":32212616400,"TAX_EBT":27.109266943292,"OCF_SALES":16.585891222402,"TOTAL_PARENT_EQUITY":47321764200,"DEBT_ASSET_RATIO":38.1841541756,"OPERATE_PROFIT":4862963400,"PRETAX_PROFIT":5224253400,"NETCASH_OPERATE":6676639200,"NETCASH_INVEST":-4321028400,"NETCASH_FINANCE":-1661934000,"END_CASH":8591476200,"DIVI_RATIO":0.352541961815,"DIVIDEND_RATE":1.311634191176,"CURRENT_RATIO":1.713289962825,"COMMON_ACS":1000000000,"CURRENTDEBT_DEBT":48.272768057425,"ISSUED_COMMON_SHARES":376728658,"HK_COMMON_SHARES":376728658,"PER_SHARES":50,"TOTAL_MARKET_CAP":143458272966.4,"HKSK_MARKET_CAP":143458272966.4,"PE_TTM":20.286388202946,"PB_TTM":3.226414045545,"REPORT_DATE_SQ":"2022-06-30 00:00:00","REPORT_TYPE_SQ":"2022年中报","OPERATE_INCOME_SQ":32187874400,"DPS_HKD":4.994703,"OPERATE_INCOME_QOQ_SQ":-0.474140023697,"NET_PROFIT_RATIO_SQ":4.0241868224,"HOLDER_PROFIT_SQ":1228186200,"HOLDER_PROFIT_QOQ_SQ":-10.125097417579,"ROE_AVG_SQ":2.694147957306,"PE_TTM_SQ":21.269358971574,"PB_TTM_SQ":2.593602412869,"ROA_SQ":1.447956640424,"START_DATE":"2023-01-01 00:00:00","FISCAL_YEAR":"12-31","CURRENCY":"HKD","IS_CNY_CODE":0,"DPS_HKD_LY":4.071875,"ORG_TYPE":"一般企业","PREMIUM_INCOME":null,"PREMIUM_INCOME_YOY":null,"NET_INTEREST_INCOME":null,"NET_INTEREST_INCOME_YOY":null,"FEE_COMMISSION_INCOME":null,"FEE_COMMISSION_INCOME_YOY":null,"ACCOUNTS_RECE_TDAYS":90.585365853659,"INVENTORY_TDAYS":10.632226322263,"CURRENT_ASSETS_TDAYS":1.460862724531,"TOTAL_ASSETS_TDAYS":0.474107484788,"PREMIUM_EXPENSE":null,"LOAN_DEPOSIT":null,"LOAN_EQUITY":null,"LOAN_ASSETS":null,"DEPOSIT_EQUITY":null,"DEPOSIT_ASSETS":null,"EQUITY_MULTIPLIER":1.617708188998,"EQUITY_RATIO":0.680714612918},{"SECUCODE":"09987.HK","SECURITY_CODE":"09987","SECURITY_NAME_ABBR":"百胜中国","ORG_CODE":"10579608","STD_REPORT_DATE":"2023-03-31 00:00:00","REPORT_DATE":"2023-03-31 00:00:00","DATE_TYPE_CODE":"003","REPORT_TYPE":"2023年一季报","PER_NETCASH_OPERATE":8.331106692375,"PER_OI":47.932619766585,"BPS":121.809720671688,"BASIC_EPS":4.741473,"DILUTED_EPS":4.672756,"OPERATE_INCOME":20044748900,"OPERATE_INCOME_YOY":9.3328335832,"GROSS_PROFIT":4865163600,"GROSS_PROFIT_YOY":62.714381949284,"HOLDER_PROFIT":1985921300,"HOLDER_PROFIT_YOY":189,"GROSS_PROFIT_RATIO":24.27151182722,"EPS_TTM":10.592068744842,"OPERATE_INCOME_QOQ":4.663194431513,"NET_PROFIT_RATIO":10.7302022626,"ROE_AVG":4.392097264438,"GROSS_PROFIT_QOQ":15.47366633428,"ROA":2.42969439657,"HOLDER_PROFIT_QOQ":43.8903924345,"ROE_YEARLY":17.568389057751,"ROIC_YEARLY":11.484204251937,"TOTAL_ASSETS":82206147100,"TOTAL_LIABILITIES":31245619900,"TAX_EBT":28.538812785388,"OCF_SALES":17.380870757628,"TOTAL_PARENT_EQUITY":45889212600,"DEBT_ASSET_RATIO":38.0088606537,"OPERATE_PROFIT":2858627200,"PRETAX_PROFIT":3009804600,"NETCASH_OPERATE":3483951900,"NETCASH_INVEST":-2947959300,"NETCASH_FINANCE":-680298300,"END_CASH":7634458700,"DIVI_RATIO":0.427607989495,"DIVIDEND_RATE":1.311634191176,"CURRENT_RATIO":1.768571428571,"COMMON_ACS":1000000000,"CURRENTDEBT_DEBT":46.184297338905,"ISSUED_COMMON_SHARES":376728658,"HK_COMMON_SHARES":376728658,"PER_SHARES":50,"TOTAL_MARKET_CAP":143458272966.4,"HKSK_MARKET_CAP":143458272966.4,"PE_TTM":20.286388202946,"PB_TTM":3.226414045545,"REPORT_DATE_SQ":"2022-03-31 00:00:00","REPORT_TYPE_SQ":"2022年一季报","OPERATE_INCOME_SQ":16936997600,"DPS_HKD":4.994703,"OPERATE_INCOME_QOQ_SQ":0.213600743069,"NET_PROFIT_RATIO_SQ":4.1229385307,"HOLDER_PROFIT_SQ":634820000,"HOLDER_PROFIT_QOQ_SQ":-13.887625411066,"ROE_AVG_SQ":1.433794537243,"PE_TTM_SQ":21.269358971574,"PB_TTM_SQ":2.593602412869,"ROA_SQ":0.773335395561,"START_DATE":"2023-01-01 00:00:00","FISCAL_YEAR":"12-31","CURRENCY":"HKD","IS_CNY_CODE":0,"DPS_HKD_LY":4.071875,"ORG_TYPE":"一般企业","PREMIUM_INCOME":null,"PREMIUM_INCOME_YOY":null,"NET_INTEREST_INCOME":null,"NET_INTEREST_INCOME_YOY":null,"FEE_COMMISSION_INCOME":null,"FEE_COMMISSION_INCOME_YOY":null,"ACCOUNTS_RECE_TDAYS":47.430894308943,"INVENTORY_TDAYS":5.557232704403,"CURRENT_ASSETS_TDAYS":0.762215834858,"TOTAL_ASSETS_TDAYS":0.24523939636,"PREMIUM_EXPENSE":null,"LOAN_DEPOSIT":null,"LOAN_EQUITY":null,"LOAN_ASSETS":null,"DEPOSIT_EQUITY":null,"DEPOSIT_ASSETS":null,"EQUITY_MULTIPLIER":1.613133764833,"EQUITY_RATIO":0.680892482779},{"SECUCODE":"09987.HK","SECURITY_CODE":"09987","SECURITY_NAME_ABBR":"百胜中国","ORG_CODE":"10579608","STD_REPORT_DATE":"2022-12-31 00:00:00","REPORT_DATE":"2022-12-31 00:00:00","DATE_TYPE_CODE":"001","REPORT_TYPE":"2022年年报","PER_NETCASH_OPERATE":23.508013761224,"PER_OI":159.198997651208,"BPS":119.833031656434,"BASIC_EPS":7.31283,"DILUTED_EPS":7.243184,"OPERATE_INCOME":66644257400,"OPERATE_INCOME_YOY":-2.8823708515,"GROSS_PROFIT":12118404000,"GROSS_PROFIT_YOY":-10.301207578033,"HOLDER_PROFIT":3078353200,"HOLDER_PROFIT_YOY":-55.3535353535,"GROSS_PROFIT_RATIO":18.183718256871,"EPS_TTM":7.353532967064,"OPERATE_INCOME_QOQ":-0.368546600811,"NET_PROFIT_RATIO":4.9952973142,"ROE_AVG":6.529768060275,"GROSS_PROFIT_QOQ":-0.654205254276,"ROA":3.529082997325,"HOLDER_PROFIT_QOQ":-46.312015021423,"ROE_YEARLY":6.529768060275,"ROIC_YEARLY":4.162154527049,"TOTAL_ASSETS":82363359600,"TOTAL_LIABILITIES":32496823600,"TAX_EBT":30.21897810219,"OCF_SALES":14.766433274114,"TOTAL_PARENT_EQUITY":45144537200,"DEBT_ASSET_RATIO":39.4554371723,"OPERATE_PROFIT":4380733400,"PRETAX_PROFIT":4770751000,"NETCASH_OPERATE":9840979800,"NETCASH_INVEST":-3635521200,"NETCASH_FINANCE":-5878122400,"END_CASH":7869998000,"DIVI_RATIO":0.615928865874,"DIVIDEND_RATE":1.311634191176,"CURRENT_RATIO":1.819021237304,"COMMON_ACS":1000000000,"CURRENTDEBT_DEBT":46.420917273896,"ISSUED_COMMON_SHARES":376728658,"HK_COMMON_SHARES":376728658,"PER_SHARES":50,"TOTAL_MARKET_CAP":143458272966.4,"HKSK_MARKET_CAP":143458272966.4,"PE_TTM":20.286388202946,"PB_TTM":3.226414045545,"REPORT_DATE_SQ":"2021-12-31 00:00:00","REPORT_TYPE_SQ":"2021年年报","OPERATE_INCOME_SQ":62819772100,"DPS_HKD":4.994703,"OPERATE_INCOME_QOQ_SQ":1.207940973987,"NET_PROFIT_RATIO_SQ":10.3826245813,"HOLDER_PROFIT_SQ":6311943000,"HOLDER_PROFIT_QOQ_SQ":52.289160544987,"ROE_AVG_SQ":14.929874830342,"PE_TTM_SQ":21.269358971574,"PB_TTM_SQ":2.593602412869,"ROA_SQ":8.216449497884,"START_DATE":"2022-01-01 00:00:00","FISCAL_YEAR":"12-31","CURRENCY":"HKD","IS_CNY_CODE":0,"DPS_HKD_LY":3.760791,"ORG_TYPE":"一般企业","PREMIUM_INCOME":null,"PREMIUM_INCOME_YOY":null,"NET_INTEREST_INCOME":null,"NET_INTEREST_INCOME_YOY":null,"FEE_COMMISSION_INCOME":null,"FEE_COMMISSION_INCOME_YOY":null,"ACCOUNTS_RECE_TDAYS":146.091603053435,"INVENTORY_TDAYS":18.442873969376,"CURRENT_ASSETS_TDAYS":2.21095194085,"TOTAL_ASSETS_TDAYS":0.764022515869,"PREMIUM_EXPENSE":null,"LOAN_DEPOSIT":null,"LOAN_EQUITY":null,"LOAN_ASSETS":null,"DEPOSIT_EQUITY":null,"DEPOSIT_ASSETS":null,"EQUITY_MULTIPLIER":1.651675977653,"EQUITY_RATIO":0.719839555693}],"count":25},"success":true,"message":"ok","code":0}