{"version":"b486db939643b3124a06be2d677a3567","result":{"pages":2,"data":[{"SECUCODE":"09983.HK","SECURITY_CODE":"09983","SECURITY_NAME_ABBR":"建业新生活","ORG_CODE":"10000062605","STD_REPORT_DATE":"2024-06-30 00:00:00","REPORT_DATE":"2024-06-30 00:00:00","DATE_TYPE_CODE":"002","REPORT_TYPE":"2024年中报","PER_NETCASH_OPERATE":0.329582799575,"PER_OI":1.140255558136,"BPS":1.448132652339,"BASIC_EPS":0.08,"DILUTED_EPS":0.08,"OPERATE_INCOME":1482932000,"OPERATE_INCOME_YOY":9.5816272768,"GROSS_PROFIT":337849000,"GROSS_PROFIT_YOY":-11.011341906051,"HOLDER_PROFIT":103394000,"HOLDER_PROFIT_YOY":134.5095290544,"GROSS_PROFIT_RATIO":22.782501153121,"EPS_TTM":-0.131765916252,"OPERATE_INCOME_QOQ":4.558197742784,"NET_PROFIT_RATIO":7.3623739996,"ROE_AVG":5.253350411947,"GROSS_PROFIT_QOQ":-5.521785991663,"ROA":2.009922087672,"HOLDER_PROFIT_QOQ":70.164650250971,"ROE_YEARLY":10.506700823894,"ROIC_YEARLY":6.455742892924,"TOTAL_ASSETS":5437281000,"TOTAL_LIABILITIES":3444189000,"TAX_EBT":39.459690253464,"OCF_SALES":28.904292307402,"TOTAL_PARENT_EQUITY":1881524000,"DEBT_ASSET_RATIO":63.3439581291,"OPERATE_PROFIT":180975000,"PRETAX_PROFIT":180341000,"NETCASH_OPERATE":428631000,"NETCASH_INVEST":-1885000,"NETCASH_FINANCE":-3737000,"END_CASH":2042342000,"DIVI_RATIO":-2.390996404538,"DIVIDEND_RATE":30.429824561404,"CURRENT_RATIO":1.582877227985,"COMMON_ACS":5000000000,"CURRENTDEBT_DEBT":86.849705402346,"ISSUED_COMMON_SHARES":1299276000,"HK_COMMON_SHARES":1299276000,"PER_SHARES":1000,"TOTAL_MARKET_CAP":1481174640,"HKSK_MARKET_CAP":1481174640,"PE_TTM":-7.574107281934,"PB_TTM":0.718480588308,"REPORT_DATE_SQ":"2023-06-30 00:00:00","REPORT_TYPE_SQ":"2023年中报","OPERATE_INCOME_SQ":1353267000,"DPS_HKD":0.3469,"OPERATE_INCOME_QOQ_SQ":-6.73416470228,"NET_PROFIT_RATIO_SQ":-22.0837425283,"HOLDER_PROFIT_SQ":-299610000,"HOLDER_PROFIT_QOQ_SQ":-104.831394728417,"ROE_AVG_SQ":-11.165040131874,"PE_TTM_SQ":-49.129044782012,"PB_TTM_SQ":0.642962327867,"ROA_SQ":-5.768418807113,"START_DATE":"2024-01-01 00:00:00","FISCAL_YEAR":"12-31","CURRENCY":"HKD","IS_CNY_CODE":0,"DPS_HKD_LY":0.3469,"ORG_TYPE":"一般企业","PREMIUM_INCOME":null,"PREMIUM_INCOME_YOY":null,"NET_INTEREST_INCOME":null,"NET_INTEREST_INCOME_YOY":null,"FEE_COMMISSION_INCOME":null,"FEE_COMMISSION_INCOME_YOY":null,"ACCOUNTS_RECE_TDAYS":0.582796916812,"INVENTORY_TDAYS":104.316571012116,"CURRENT_ASSETS_TDAYS":0.333433015564,"TOTAL_ASSETS_TDAYS":0.288273766497,"PREMIUM_EXPENSE":null,"LOAN_DEPOSIT":null,"LOAN_EQUITY":null,"LOAN_ASSETS":null,"DEPOSIT_EQUITY":null,"DEPOSIT_ASSETS":null,"EQUITY_MULTIPLIER":2.7280632304,"EQUITY_RATIO":1.830531526571},{"SECUCODE":"09983.HK","SECURITY_CODE":"09983","SECURITY_NAME_ABBR":"建业新生活","ORG_CODE":"10000062605","STD_REPORT_DATE":"2023-12-31 00:00:00","REPORT_DATE":"2023-12-31 00:00:00","DATE_TYPE_CODE":"001","REPORT_TYPE":"2023年年报","PER_NETCASH_OPERATE":-0.059274478173,"PER_OI":2.18731113411,"BPS":1.581483072111,"BASIC_EPS":-0.45,"DILUTED_EPS":-0.45,"OPERATE_INCOME":2844655000,"OPERATE_INCOME_YOY":-9.6401654183,"GROSS_PROFIT":757092000,"GROSS_PROFIT_YOY":-27.425718656897,"HOLDER_PROFIT":-574369000,"HOLDER_PROFIT_YOY":-202.1536299932,"GROSS_PROFIT_RATIO":26.614545524853,"EPS_TTM":-0.441643611892,"OPERATE_INCOME_QOQ":-3.115825539654,"NET_PROFIT_RATIO":-20.3155039891,"ROE_AVG":-22.98695687932,"GROSS_PROFIT_QOQ":-18.176984264223,"ROA":-11.277742554747,"HOLDER_PROFIT_QOQ":-2014.3714338303,"ROE_YEARLY":-22.98695687932,"ROIC_YEARLY":-18.256742947142,"TOTAL_ASSETS":4851078000,"TOTAL_LIABILITIES":2688729000,"TAX_EBT":16.988400904945,"OCF_SALES":-2.70992440208,"TOTAL_PARENT_EQUITY":2054783000,"DEBT_ASSET_RATIO":55.4253920469,"OPERATE_PROFIT":-696027000,"PRETAX_PROFIT":-696175000,"NETCASH_OPERATE":-77088000,"NETCASH_INVEST":18456000,"NETCASH_FINANCE":-370138000,"END_CASH":1620556000,"DIVI_RATIO":-0.713362139781,"DIVIDEND_RATE":27.975806451613,"CURRENT_RATIO":1.631464537668,"COMMON_ACS":5000000000,"CURRENTDEBT_DEBT":94.837783949219,"ISSUED_COMMON_SHARES":1299276000,"HK_COMMON_SHARES":1299276000,"PER_SHARES":1000,"TOTAL_MARKET_CAP":1611102240,"HKSK_MARKET_CAP":1611102240,"PE_TTM":-8.238502657542,"PB_TTM":0.781505201317,"REPORT_DATE_SQ":"2022-12-31 00:00:00","REPORT_TYPE_SQ":"2022年年报","OPERATE_INCOME_SQ":3148141000,"DPS_HKD":0.3469,"OPERATE_INCOME_QOQ_SQ":-12.560358564243,"NET_PROFIT_RATIO_SQ":18.1428976656,"HOLDER_PROFIT_SQ":562260000,"HOLDER_PROFIT_QOQ_SQ":-13.392667350579,"ROE_AVG_SQ":19.070013771883,"PE_TTM_SQ":-54.797780718398,"PB_TTM_SQ":0.717150288775,"ROA_SQ":10.842103598724,"START_DATE":"2023-01-01 00:00:00","FISCAL_YEAR":"12-31","CURRENCY":"HKD","IS_CNY_CODE":0,"DPS_HKD_LY":0.2781,"ORG_TYPE":"一般企业","PREMIUM_INCOME":null,"PREMIUM_INCOME_YOY":null,"NET_INTEREST_INCOME":null,"NET_INTEREST_INCOME_YOY":null,"FEE_COMMISSION_INCOME":null,"FEE_COMMISSION_INCOME_YOY":null,"ACCOUNTS_RECE_TDAYS":1.099451135355,"INVENTORY_TDAYS":153.808288819304,"CURRENT_ASSETS_TDAYS":0.632938557241,"TOTAL_ASSETS_TDAYS":0.55854836781,"PREMIUM_EXPENSE":null,"LOAN_DEPOSIT":null,"LOAN_EQUITY":null,"LOAN_ASSETS":null,"DEPOSIT_EQUITY":null,"DEPOSIT_ASSETS":null,"EQUITY_MULTIPLIER":2.243429714631,"EQUITY_RATIO":1.308522116447},{"SECUCODE":"09983.HK","SECURITY_CODE":"09983","SECURITY_NAME_ABBR":"建业新生活","ORG_CODE":"10000062605","STD_REPORT_DATE":"2023-06-30 00:00:00","REPORT_DATE":"2023-06-30 00:00:00","DATE_TYPE_CODE":"002","REPORT_TYPE":"2023年中报","PER_NETCASH_OPERATE":-0.212418453992,"PER_OI":1.058293176177,"BPS":1.865936875614,"BASIC_EPS":-0.23,"DILUTED_EPS":-0.23,"OPERATE_INCOME":1353267000,"OPERATE_INCOME_YOY":-13.5440704084,"GROSS_PROFIT":379654000,"GROSS_PROFIT_YOY":-23.698374098117,"HOLDER_PROFIT":-299610000,"HOLDER_PROFIT_YOY":-203.3797422494,"GROSS_PROFIT_RATIO":28.054626322817,"EPS_TTM":-0.02124380047,"OPERATE_INCOME_QOQ":-6.73416470228,"NET_PROFIT_RATIO":-22.0837425283,"ROE_AVG":-11.165040131874,"GROSS_PROFIT_QOQ":-11.303340887043,"ROA":-5.768418807113,"HOLDER_PROFIT_QOQ":-104.831394728417,"ROE_YEARLY":-22.330080263749,"ROIC_YEARLY":-18.239910435045,"TOTAL_ASSETS":5053134000,"TOTAL_LIABILITIES":2515209000,"TAX_EBT":17.394681342131,"OCF_SALES":-20.071796622544,"TOTAL_PARENT_EQUITY":2424367000,"DEBT_ASSET_RATIO":49.7752286007,"OPERATE_PROFIT":-361908000,"PRETAX_PROFIT":-361783000,"NETCASH_OPERATE":-271625000,"NETCASH_INVEST":18224000,"NETCASH_FINANCE":-259688000,"END_CASH":1538323000,"DIVI_RATIO":-14.830295193301,"DIVIDEND_RATE":27.975806451613,"CURRENT_RATIO":1.93015421687,"COMMON_ACS":5000000000,"CURRENTDEBT_DEBT":92.034379647974,"ISSUED_COMMON_SHARES":1299276000,"HK_COMMON_SHARES":1299276000,"PER_SHARES":1000,"TOTAL_MARKET_CAP":1611102240,"HKSK_MARKET_CAP":1611102240,"PE_TTM":-8.238502657542,"PB_TTM":0.781505201317,"REPORT_DATE_SQ":"2022-06-30 00:00:00","REPORT_TYPE_SQ":"2022年中报","OPERATE_INCOME_SQ":1565268000,"DPS_HKD":0.3469,"OPERATE_INCOME_QOQ_SQ":0.040039811966,"NET_PROFIT_RATIO_SQ":19.2615577652,"HOLDER_PROFIT_SQ":289815000,"HOLDER_PROFIT_QOQ_SQ":4.785177844241,"ROE_AVG_SQ":9.923675884456,"PE_TTM_SQ":-54.797780718398,"PB_TTM_SQ":0.717150288775,"ROA_SQ":5.750086554363,"START_DATE":"2023-01-01 00:00:00","FISCAL_YEAR":"12-31","CURRENCY":"HKD","IS_CNY_CODE":0,"DPS_HKD_LY":0.2781,"ORG_TYPE":"一般企业","PREMIUM_INCOME":null,"PREMIUM_INCOME_YOY":null,"NET_INTEREST_INCOME":null,"NET_INTEREST_INCOME_YOY":null,"FEE_COMMISSION_INCOME":null,"FEE_COMMISSION_INCOME_YOY":null,"ACCOUNTS_RECE_TDAYS":null,"INVENTORY_TDAYS":78.073292971413,"CURRENT_ASSETS_TDAYS":0.291130563076,"TOTAL_ASSETS_TDAYS":0.260545736586,"PREMIUM_EXPENSE":null,"LOAN_DEPOSIT":null,"LOAN_EQUITY":null,"LOAN_ASSETS":null,"DEPOSIT_EQUITY":null,"DEPOSIT_ASSETS":null,"EQUITY_MULTIPLIER":1.991049380892,"EQUITY_RATIO":1.03747039949},{"SECUCODE":"09983.HK","SECURITY_CODE":"09983","SECURITY_NAME_ABBR":"建业新生活","ORG_CODE":"10000062605","STD_REPORT_DATE":"2022-12-31 00:00:00","REPORT_DATE":"2022-12-31 00:00:00","DATE_TYPE_CODE":"001","REPORT_TYPE":"2022年年报","PER_NETCASH_OPERATE":0.241384002515,"PER_OI":2.461935551479,"BPS":2.264772073062,"BASIC_EPS":0.44,"DILUTED_EPS":0.44,"OPERATE_INCOME":3148141000,"OPERATE_INCOME_YOY":-12.5253478962,"GROSS_PROFIT":1043196000,"GROSS_PROFIT_YOY":-11.834296522546,"HOLDER_PROFIT":562260000,"HOLDER_PROFIT_YOY":-9.2483524572,"GROSS_PROFIT_RATIO":33.136889357878,"EPS_TTM":0.439703267158,"OPERATE_INCOME_QOQ":-12.560358564243,"NET_PROFIT_RATIO":18.1428976656,"ROE_AVG":19.070013771883,"GROSS_PROFIT_QOQ":-11.51774952947,"ROA":10.842103598724,"HOLDER_PROFIT_QOQ":-13.392667350579,"ROE_YEARLY":19.070013771883,"ROIC_YEARLY":19.257302960366,"TOTAL_ASSETS":5334808000,"TOTAL_LIABILITIES":2275689000,"TAX_EBT":24.765668220975,"OCF_SALES":9.804643438779,"TOTAL_PARENT_EQUITY":2942564000,"DEBT_ASSET_RATIO":42.6573739861,"OPERATE_PROFIT":759411000,"PRETAX_PROFIT":759180000,"NETCASH_OPERATE":308664000,"NETCASH_INVEST":126838000,"NETCASH_FINANCE":-675633000,"END_CASH":2049079000,"DIVI_RATIO":0.716510100178,"DIVIDEND_RATE":27.975806451613,"CURRENT_RATIO":2.273977273423,"COMMON_ACS":5000000000,"CURRENTDEBT_DEBT":93.308751767047,"ISSUED_COMMON_SHARES":1299276000,"HK_COMMON_SHARES":1299276000,"PER_SHARES":1000,"TOTAL_MARKET_CAP":1611102240,"HKSK_MARKET_CAP":1611102240,"PE_TTM":-8.238502657542,"PB_TTM":0.781505201317,"REPORT_DATE_SQ":"2021-12-31 00:00:00","REPORT_TYPE_SQ":"2021年年报","OPERATE_INCOME_SQ":3598918000,"DPS_HKD":0.3469,"OPERATE_INCOME_QOQ_SQ":13.992980989123,"NET_PROFIT_RATIO_SQ":18.1551232898,"HOLDER_PROFIT_SQ":619559000,"HOLDER_PROFIT_QOQ_SQ":23.187212814227,"ROE_AVG_SQ":21.948474000089,"PE_TTM_SQ":-54.797780718398,"PB_TTM_SQ":0.717150288775,"ROA_SQ":13.342559173568,"START_DATE":"2022-01-01 00:00:00","FISCAL_YEAR":"12-31","CURRENCY":"HKD","IS_CNY_CODE":0,"DPS_HKD_LY":0.548,"ORG_TYPE":"一般企业","PREMIUM_INCOME":null,"PREMIUM_INCOME_YOY":null,"NET_INTEREST_INCOME":null,"NET_INTEREST_INCOME_YOY":null,"FEE_COMMISSION_INCOME":null,"FEE_COMMISSION_INCOME_YOY":null,"ACCOUNTS_RECE_TDAYS":1.162237036266,"INVENTORY_TDAYS":131.493315842079,"CURRENT_ASSETS_TDAYS":0.668837245173,"TOTAL_ASSETS_TDAYS":0.607058493675,"PREMIUM_EXPENSE":null,"LOAN_DEPOSIT":null,"LOAN_EQUITY":null,"LOAN_ASSETS":null,"DEPOSIT_EQUITY":null,"DEPOSIT_ASSETS":null,"EQUITY_MULTIPLIER":1.743903391794,"EQUITY_RATIO":0.773369415245},{"SECUCODE":"09983.HK","SECURITY_CODE":"09983","SECURITY_NAME_ABBR":"建业新生活","ORG_CODE":"10000062605","STD_REPORT_DATE":"2022-06-30 00:00:00","REPORT_DATE":"2022-06-30 00:00:00","DATE_TYPE_CODE":"002","REPORT_TYPE":"2022年中报","PER_NETCASH_OPERATE":-0.006781405067,"PER_OI":1.233265521909,"BPS":2.221735027815,"BASIC_EPS":0.23,"DILUTED_EPS":0.23,"OPERATE_INCOME":1565268000,"OPERATE_INCOME_YOY":0.0921457425,"GROSS_PROFIT":497570000,"GROSS_PROFIT_YOY":-0.843558129385,"HOLDER_PROFIT":289815000,"HOLDER_PROFIT_YOY":11.3953291719,"GROSS_PROFIT_RATIO":31.788166627057,"EPS_TTM":0.511505618473,"OPERATE_INCOME_QOQ":0.040039811966,"NET_PROFIT_RATIO":19.2615577652,"ROE_AVG":9.923675884456,"GROSS_PROFIT_QOQ":-0.357751968777,"ROA":5.750086554363,"HOLDER_PROFIT_QOQ":4.785177844241,"ROE_YEARLY":19.847351768912,"ROIC_YEARLY":20.622884916133,"TOTAL_ASSETS":5043390000,"TOTAL_LIABILITIES":2033772000,"TAX_EBT":24.266325712951,"OCF_SALES":-0.549873887411,"TOTAL_PARENT_EQUITY":2886647000,"DEBT_ASSET_RATIO":40.3254953513,"OPERATE_PROFIT":396769000,"PRETAX_PROFIT":398099000,"NETCASH_OPERATE":-8607000,"NETCASH_INVEST":121888000,"NETCASH_FINANCE":-416896000,"END_CASH":1969461000,"DIVI_RATIO":0.615930344891,"DIVIDEND_RATE":27.975806451613,"CURRENT_RATIO":2.453578474439,"COMMON_ACS":5000000000,"CURRENTDEBT_DEBT":91.393676380637,"ISSUED_COMMON_SHARES":1299276000,"HK_COMMON_SHARES":1299276000,"PER_SHARES":1000,"TOTAL_MARKET_CAP":1611102240,"HKSK_MARKET_CAP":1611102240,"PE_TTM":-8.238502657542,"PB_TTM":0.781505201317,"REPORT_DATE_SQ":"2021-06-30 00:00:00","REPORT_TYPE_SQ":"2021年中报","OPERATE_INCOME_SQ":1563827000,"DPS_HKD":0.3469,"OPERATE_INCOME_QOQ_SQ":18.93543753454,"NET_PROFIT_RATIO_SQ":17.3146390234,"HOLDER_PROFIT_SQ":260168000,"HOLDER_PROFIT_QOQ_SQ":17.898810793578,"ROE_AVG_SQ":9.542804209254,"PE_TTM_SQ":-54.797780718398,"PB_TTM_SQ":0.717150288775,"ROA_SQ":5.939465927939,"START_DATE":"2022-01-01 00:00:00","FISCAL_YEAR":"12-31","CURRENCY":"HKD","IS_CNY_CODE":0,"DPS_HKD_LY":0.548,"ORG_TYPE":"一般企业","PREMIUM_INCOME":null,"PREMIUM_INCOME_YOY":null,"NET_INTEREST_INCOME":null,"NET_INTEREST_INCOME_YOY":null,"FEE_COMMISSION_INCOME":null,"FEE_COMMISSION_INCOME_YOY":null,"ACCOUNTS_RECE_TDAYS":null,"INVENTORY_TDAYS":68.7241246138,"CURRENT_ASSETS_TDAYS":0.342294707269,"TOTAL_ASSETS_TDAYS":0.310557648182,"PREMIUM_EXPENSE":null,"LOAN_DEPOSIT":null,"LOAN_EQUITY":null,"LOAN_ASSETS":null,"DEPOSIT_EQUITY":null,"DEPOSIT_ASSETS":null,"EQUITY_MULTIPLIER":1.675757521385,"EQUITY_RATIO":0.704544753827},{"SECUCODE":"09983.HK","SECURITY_CODE":"09983","SECURITY_NAME_ABBR":"建业新生活","ORG_CODE":"10000062605","STD_REPORT_DATE":"2021-12-31 00:00:00","REPORT_DATE":"2021-12-31 00:00:00","DATE_TYPE_CODE":"001","REPORT_TYPE":"2021年年报","PER_NETCASH_OPERATE":0.140617636722,"PER_OI":2.836102779744,"BPS":2.273753228721,"BASIC_EPS":0.49,"DILUTED_EPS":0.48,"OPERATE_INCOME":3598918000,"OPERATE_INCOME_YOY":35.5780506981,"GROSS_PROFIT":1183222000,"GROSS_PROFIT_YOY":37.469342420331,"HOLDER_PROFIT":619559000,"HOLDER_PROFIT_YOY":45.2362589577,"GROSS_PROFIT_RATIO":32.877159190623,"EPS_TTM":0.488239243605,"OPERATE_INCOME_QOQ":13.992980989123,"NET_PROFIT_RATIO":18.1551232898,"ROE_AVG":21.948474000089,"GROSS_PROFIT_QOQ":18.915588788052,"ROA":13.342559173568,"HOLDER_PROFIT_QOQ":23.187212814227,"ROE_YEARLY":21.948474000089,"ROIC_YEARLY":26.496911554077,"TOTAL_ASSETS":5036980000,"TOTAL_LIABILITIES":1980452000,"TAX_EBT":20.90250758425,"OCF_SALES":4.95812908213,"TOTAL_PARENT_EQUITY":2954233000,"DEBT_ASSET_RATIO":39.3182422801,"OPERATE_PROFIT":814322000,"PRETAX_PROFIT":826054000,"NETCASH_OPERATE":178439000,"NETCASH_INVEST":245636000,"NETCASH_FINANCE":-360513000,"END_CASH":2264412000,"DIVI_RATIO":0.645281664935,"DIVIDEND_RATE":27.975806451613,"CURRENT_RATIO":2.512500938385,"COMMON_ACS":5000000000,"CURRENTDEBT_DEBT":92.147802622836,"ISSUED_COMMON_SHARES":1299276000,"HK_COMMON_SHARES":1299276000,"PER_SHARES":1000,"TOTAL_MARKET_CAP":1611102240,"HKSK_MARKET_CAP":1611102240,"PE_TTM":-8.238502657542,"PB_TTM":0.781505201317,"REPORT_DATE_SQ":"2020-12-31 00:00:00","REPORT_TYPE_SQ":"2020年年报","OPERATE_INCOME_SQ":2654499000,"DPS_HKD":0.3469,"OPERATE_INCOME_QOQ_SQ":24.299378760415,"NET_PROFIT_RATIO_SQ":16.6036604271,"HOLDER_PROFIT_SQ":426587000,"HOLDER_PROFIT_QOQ_SQ":37.674882443497,"ROE_AVG_SQ":27.874343387614,"PE_TTM_SQ":-54.797780718398,"PB_TTM_SQ":0.717150288775,"ROA_SQ":14.932799479401,"START_DATE":"2021-01-01 00:00:00","FISCAL_YEAR":"12-31","CURRENCY":"HKD","IS_CNY_CODE":0,"DPS_HKD_LY":0.325,"ORG_TYPE":"一般企业","PREMIUM_INCOME":null,"PREMIUM_INCOME_YOY":null,"NET_INTEREST_INCOME":null,"NET_INTEREST_INCOME_YOY":null,"FEE_COMMISSION_INCOME":null,"FEE_COMMISSION_INCOME_YOY":null,"ACCOUNTS_RECE_TDAYS":null,"INVENTORY_TDAYS":182.606092675183,"CURRENT_ASSETS_TDAYS":0.835763795555,"TOTAL_ASSETS_TDAYS":0.775047677071,"PREMIUM_EXPENSE":null,"LOAN_DEPOSIT":null,"LOAN_EQUITY":null,"LOAN_ASSETS":null,"DEPOSIT_EQUITY":null,"DEPOSIT_ASSETS":null,"EQUITY_MULTIPLIER":1.647941716876,"EQUITY_RATIO":0.670377725792},{"SECUCODE":"09983.HK","SECURITY_CODE":"09983","SECURITY_NAME_ABBR":"建业新生活","ORG_CODE":"10000062605","STD_REPORT_DATE":"2021-06-30 00:00:00","REPORT_DATE":"2021-06-30 00:00:00","DATE_TYPE_CODE":"002","REPORT_TYPE":"2021年中报","PER_NETCASH_OPERATE":0.248977549961,"PER_OI":1.235891770058,"BPS":2.125267456645,"BASIC_EPS":0.21,"DILUTED_EPS":0.2,"OPERATE_INCOME":1563827000,"OPERATE_INCOME_YOY":47.3659660041,"GROSS_PROFIT":501803000,"GROSS_PROFIT_YOY":36.541318603575,"HOLDER_PROFIT":260168000,"HOLDER_PROFIT_YOY":41.5387293677,"GROSS_PROFIT_RATIO":32.088140184304,"EPS_TTM":0.397474044587,"OPERATE_INCOME_QOQ":18.93543753454,"NET_PROFIT_RATIO":17.3146390234,"ROE_AVG":9.542804209254,"GROSS_PROFIT_QOQ":15.602457021297,"ROA":5.939465927939,"HOLDER_PROFIT_QOQ":17.898810793578,"ROE_YEARLY":19.085608418508,"ROIC_YEARLY":27.137652909286,"TOTAL_ASSETS":4510674000,"TOTAL_LIABILITIES":1679030000,"TAX_EBT":21.374810530167,"OCF_SALES":20.145578762868,"TOTAL_PARENT_EQUITY":2761309000,"DEBT_ASSET_RATIO":37.2234836745,"OPERATE_PROFIT":338374000,"PRETAX_PROFIT":344382000,"NETCASH_OPERATE":315042000,"NETCASH_INVEST":279804000,"NETCASH_FINANCE":-194190000,"END_CASH":2611738000,"DIVI_RATIO":0.792634981555,"DIVIDEND_RATE":27.975806451613,"CURRENT_RATIO":2.652441718198,"COMMON_ACS":5000000000,"CURRENTDEBT_DEBT":93.560091243158,"ISSUED_COMMON_SHARES":1299276000,"HK_COMMON_SHARES":1299276000,"PER_SHARES":1000,"TOTAL_MARKET_CAP":1611102240,"HKSK_MARKET_CAP":1611102240,"PE_TTM":-8.238502657542,"PB_TTM":0.781505201317,"REPORT_DATE_SQ":"2020-06-30 00:00:00","REPORT_TYPE_SQ":"2020年中报","OPERATE_INCOME_SQ":1061186000,"DPS_HKD":0.3469,"OPERATE_INCOME_QOQ_SQ":21.726320421431,"NET_PROFIT_RATIO_SQ":17.8069631525,"HOLDER_PROFIT_SQ":183814000,"HOLDER_PROFIT_QOQ_SQ":32.440992673773,"ROE_AVG_SQ":12.214439451097,"PE_TTM_SQ":-54.797780718398,"PB_TTM_SQ":0.717150288775,"ROA_SQ":6.901174856182,"START_DATE":"2021-01-01 00:00:00","FISCAL_YEAR":"12-31","CURRENCY":"HKD","IS_CNY_CODE":0,"DPS_HKD_LY":0.325,"ORG_TYPE":"一般企业","PREMIUM_INCOME":null,"PREMIUM_INCOME_YOY":null,"NET_INTEREST_INCOME":null,"NET_INTEREST_INCOME_YOY":null,"FEE_COMMISSION_INCOME":null,"FEE_COMMISSION_INCOME_YOY":null,"ACCOUNTS_RECE_TDAYS":1.121835566193,"INVENTORY_TDAYS":94.734757593328,"CURRENT_ASSETS_TDAYS":0.381707965984,"TOTAL_ASSETS_TDAYS":0.357011515009,"PREMIUM_EXPENSE":null,"LOAN_DEPOSIT":null,"LOAN_EQUITY":null,"LOAN_ASSETS":null,"DEPOSIT_EQUITY":null,"DEPOSIT_ASSETS":null,"EQUITY_MULTIPLIER":1.592952362656,"EQUITY_RATIO":0.608055817006},{"SECUCODE":"09983.HK","SECURITY_CODE":"09983","SECURITY_NAME_ABBR":"建业新生活","ORG_CODE":"10000062605","STD_REPORT_DATE":"2020-12-31 00:00:00","REPORT_DATE":"2020-12-31 00:00:00","DATE_TYPE_CODE":"001","REPORT_TYPE":"2020年年报","PER_NETCASH_OPERATE":0.225697010548,"PER_OI":2.130048988337,"BPS":2.071418236002,"BASIC_EPS":0.38,"DILUTED_EPS":0.37,"OPERATE_INCOME":2654499000,"OPERATE_INCOME_YOY":51.3050600718,"GROSS_PROFIT":860717000,"GROSS_PROFIT_YOY":49.35639372254,"HOLDER_PROFIT":426587000,"HOLDER_PROFIT_YOY":82.3379809706,"GROSS_PROFIT_RATIO":32.42483798261,"EPS_TTM":0.34230610288,"OPERATE_INCOME_QOQ":24.299378760415,"NET_PROFIT_RATIO":16.6036604271,"ROE_AVG":27.874343387614,"GROSS_PROFIT_QOQ":22.612577833303,"ROA":14.932799479401,"HOLDER_PROFIT_QOQ":37.674882443497,"ROE_YEARLY":27.874343387614,"ROIC_YEARLY":29.700090265683,"TOTAL_ASSETS":4249979000,"TOTAL_LIABILITIES":1532629000,"TAX_EBT":20.858883587803,"OCF_SALES":10.595860085086,"TOTAL_PARENT_EQUITY":2691344000,"DEBT_ASSET_RATIO":36.0620370124,"OPERATE_PROFIT":543267000,"PRETAX_PROFIT":556909000,"NETCASH_OPERATE":281267000,"NETCASH_INVEST":-532822000,"NETCASH_FINANCE":2003836000,"END_CASH":2217784000,"DIVI_RATIO":0.920380412005,"DIVIDEND_RATE":27.975806451613,"CURRENT_RATIO":2.743486193032,"COMMON_ACS":5000000000,"CURRENTDEBT_DEBT":95.775429017721,"ISSUED_COMMON_SHARES":1299276000,"HK_COMMON_SHARES":1299276000,"PER_SHARES":1000,"TOTAL_MARKET_CAP":1611102240,"HKSK_MARKET_CAP":1611102240,"PE_TTM":-8.238502657542,"PB_TTM":0.781505201317,"REPORT_DATE_SQ":"2019-12-31 00:00:00","REPORT_TYPE_SQ":"2019年年报","OPERATE_INCOME_SQ":1754402000,"DPS_HKD":0.3469,"OPERATE_INCOME_QOQ_SQ":60.340311504386,"NET_PROFIT_RATIO_SQ":12.9836263297,"HOLDER_PROFIT_SQ":233954000,"HOLDER_PROFIT_QOQ_SQ":118.391426917835,"ROE_AVG_SQ":96.254985980626,"PE_TTM_SQ":-54.797780718398,"PB_TTM_SQ":0.717150288775,"ROA_SQ":16.787225996902,"START_DATE":"2020-01-01 00:00:00","FISCAL_YEAR":"12-31","CURRENCY":"HKD","IS_CNY_CODE":0,"DPS_HKD_LY":0.066,"ORG_TYPE":"一般企业","PREMIUM_INCOME":null,"PREMIUM_INCOME_YOY":null,"NET_INTEREST_INCOME":null,"NET_INTEREST_INCOME_YOY":null,"FEE_COMMISSION_INCOME":null,"FEE_COMMISSION_INCOME_YOY":null,"ACCOUNTS_RECE_TDAYS":2.533126764219,"INVENTORY_TDAYS":254.889094138544,"CURRENT_ASSETS_TDAYS":0.985099551871,"TOTAL_ASSETS_TDAYS":0.929214938225,"PREMIUM_EXPENSE":null,"LOAN_DEPOSIT":null,"LOAN_EQUITY":null,"LOAN_ASSETS":null,"DEPOSIT_EQUITY":null,"DEPOSIT_ASSETS":null,"EQUITY_MULTIPLIER":1.564016045043,"EQUITY_RATIO":0.5694660363},{"SECUCODE":"09983.HK","SECURITY_CODE":"09983","SECURITY_NAME_ABBR":"建业新生活","ORG_CODE":"10000062605","STD_REPORT_DATE":"2020-06-30 00:00:00","REPORT_DATE":"2020-06-30 00:00:00","DATE_TYPE_CODE":"002","REPORT_TYPE":"2020年中报","PER_NETCASH_OPERATE":0.028961445783,"PER_OI":0.852358232932,"BPS":2.032162527438,"BASIC_EPS":0.19,"DILUTED_EPS":0.18,"OPERATE_INCOME":1061186000,"OPERATE_INCOME_YOY":56.0524044181,"GROSS_PROFIT":367510000,"GROSS_PROFIT_YOY":51.981076286221,"HOLDER_PROFIT":183814000,"HOLDER_PROFIT_YOY":70.3290491767,"GROSS_PROFIT_RATIO":34.63200607622,"EPS_TTM":0.248876305221,"OPERATE_INCOME_QOQ":21.726320421431,"NET_PROFIT_RATIO":17.8069631525,"ROE_AVG":12.214439451097,"GROSS_PROFIT_QOQ":21.811641482325,"ROA":6.901174856182,"HOLDER_PROFIT_QOQ":32.440992673773,"ROE_YEARLY":24.428878902193,"ROIC_YEARLY":37.12356682238,"TOTAL_ASSETS":3863591000,"TOTAL_LIABILITIES":1205967000,"TAX_EBT":21.407359962734,"OCF_SALES":3.397802081822,"TOTAL_PARENT_EQUITY":2640340000,"DEBT_ASSET_RATIO":31.2136300142,"OPERATE_PROFIT":239584000,"PRETAX_PROFIT":240436000,"NETCASH_OPERATE":36057000,"NETCASH_INVEST":26966000,"NETCASH_FINANCE":2089632000,"END_CASH":2732185000,"DIVI_RATIO":1.265897256552,"DIVIDEND_RATE":27.975806451613,"CURRENT_RATIO":3.301016741448,"COMMON_ACS":5000000000,"CURRENTDEBT_DEBT":93.919485359052,"ISSUED_COMMON_SHARES":1299276000,"HK_COMMON_SHARES":1299276000,"PER_SHARES":1000,"TOTAL_MARKET_CAP":1611102240,"HKSK_MARKET_CAP":1611102240,"PE_TTM":-8.238502657542,"PB_TTM":0.781505201317,"REPORT_DATE_SQ":"2019-06-30 00:00:00","REPORT_TYPE_SQ":"2019年中报","OPERATE_INCOME_SQ":680019000,"DPS_HKD":0.3469,"OPERATE_INCOME_QOQ_SQ":57.664685844712,"NET_PROFIT_RATIO_SQ":14.500771302,"HOLDER_PROFIT_SQ":107917000,"HOLDER_PROFIT_QOQ_SQ":450.182322428227,"ROE_AVG_SQ":60.278219196063,"PE_TTM_SQ":-54.797780718398,"PB_TTM_SQ":0.717150288775,"ROA_SQ":9.108891502675,"START_DATE":"2020-01-01 00:00:00","FISCAL_YEAR":"12-31","CURRENCY":"HKD","IS_CNY_CODE":0,"DPS_HKD_LY":0.066,"ORG_TYPE":"一般企业","PREMIUM_INCOME":null,"PREMIUM_INCOME_YOY":null,"NET_INTEREST_INCOME":null,"NET_INTEREST_INCOME_YOY":null,"FEE_COMMISSION_INCOME":null,"FEE_COMMISSION_INCOME_YOY":null,"ACCOUNTS_RECE_TDAYS":1.215336901972,"INVENTORY_TDAYS":118.435376472597,"CURRENT_ASSETS_TDAYS":0.41606620135,"TOTAL_ASSETS_TDAYS":0.398415253513,"PREMIUM_EXPENSE":null,"LOAN_DEPOSIT":null,"LOAN_EQUITY":null,"LOAN_ASSETS":null,"DEPOSIT_EQUITY":null,"DEPOSIT_ASSETS":null,"EQUITY_MULTIPLIER":1.453776380708,"EQUITY_RATIO":0.456746858359}],"count":15},"success":true,"message":"ok","code":0}