{"version":"135cfc7fe0a5a5ea7d88f3d669b78661","result":{"pages":2,"data":[{"SECUCODE":"09986.HK","SECURITY_CODE":"09986","SECURITY_NAME_ABBR":"大山教育","ORG_CODE":"10000073289","STD_REPORT_DATE":"2024-06-30 00:00:00","REPORT_DATE":"2024-06-30 00:00:00","DATE_TYPE_CODE":"002","REPORT_TYPE":"2024年中报","PER_NETCASH_OPERATE":-0.0047025,"PER_OI":0.05938,"BPS":0.19719375,"BASIC_EPS":-0.0129,"DILUTED_EPS":-0.0129,"OPERATE_INCOME":47504000,"OPERATE_INCOME_YOY":130.9607156748,"GROSS_PROFIT":18942000,"GROSS_PROFIT_YOY":92.676228257553,"HOLDER_PROFIT":-9903000,"HOLDER_PROFIT_YOY":52.90116998,"GROSS_PROFIT_RATIO":39.874536881105,"EPS_TTM":-0.0485775,"OPERATE_INCOME_QOQ":49.104896634703,"NET_PROFIT_RATIO":-18.5458066689,"ROE_AVG":-6.086269785908,"GROSS_PROFIT_QOQ":101.132201132201,"ROA":-3.576788258686,"HOLDER_PROFIT_QOQ":22.252675802741,"ROE_YEARLY":-12.172539571816,"ROIC_YEARLY":-10.011980406727,"TOTAL_ASSETS":285651000,"TOTAL_LIABILITIES":156040000,"TAX_EBT":5.461959437708,"OCF_SALES":-7.919333108791,"TOTAL_PARENT_EQUITY":157755000,"DEBT_ASSET_RATIO":54.6260996811,"OPERATE_PROFIT":-5968000,"PRETAX_PROFIT":-9319000,"NETCASH_OPERATE":-3762000,"NETCASH_INVEST":214000,"NETCASH_FINANCE":889000,"END_CASH":106374000,"DIVI_RATIO":null,"DIVIDEND_RATE":null,"CURRENT_RATIO":1.126473003418,"COMMON_ACS":10000000000,"CURRENTDEBT_DEBT":91.310561394514,"ISSUED_COMMON_SHARES":800000000,"HK_COMMON_SHARES":800000000,"PER_SHARES":2000,"TOTAL_MARKET_CAP":1672000000,"HKSK_MARKET_CAP":1672000000,"PE_TTM":-38.701120558306,"PB_TTM":9.673233558366,"REPORT_DATE_SQ":"2023-06-30 00:00:00","REPORT_TYPE_SQ":"2023年中报","OPERATE_INCOME_SQ":20568000,"DPS_HKD":null,"OPERATE_INCOME_QOQ_SQ":38.642769386428,"NET_PROFIT_RATIO_SQ":-95.3763127188,"HOLDER_PROFIT_SQ":-21026000,"HOLDER_PROFIT_QOQ_SQ":-66.122168390729,"ROE_AVG_SQ":-10.206845664299,"PE_TTM_SQ":-25.278843037134,"PB_TTM_SQ":8.110640861682,"ROA_SQ":-7.655450129982,"START_DATE":"2024-01-01 00:00:00","FISCAL_YEAR":"12-31","CURRENCY":"HKD","IS_CNY_CODE":0,"DPS_HKD_LY":null,"ORG_TYPE":"一般企业","PREMIUM_INCOME":null,"PREMIUM_INCOME_YOY":null,"NET_INTEREST_INCOME":null,"NET_INTEREST_INCOME_YOY":null,"FEE_COMMISSION_INCOME":null,"FEE_COMMISSION_INCOME_YOY":null,"ACCOUNTS_RECE_TDAYS":25.733477789816,"INVENTORY_TDAYS":null,"CURRENT_ASSETS_TDAYS":0.327569740621,"TOTAL_ASSETS_TDAYS":0.171576037,"PREMIUM_EXPENSE":null,"LOAN_DEPOSIT":null,"LOAN_EQUITY":null,"LOAN_ASSETS":null,"DEPOSIT_EQUITY":null,"DEPOSIT_ASSETS":null,"EQUITY_MULTIPLIER":2.203910161947,"EQUITY_RATIO":0.989128712244},{"SECUCODE":"09986.HK","SECURITY_CODE":"09986","SECURITY_NAME_ABBR":"大山教育","ORG_CODE":"10000073289","STD_REPORT_DATE":"2023-12-31 00:00:00","REPORT_DATE":"2023-12-31 00:00:00","DATE_TYPE_CODE":"001","REPORT_TYPE":"2023年年报","PER_NETCASH_OPERATE":0.0133325,"PER_OI":0.0685675,"BPS":0.2095825,"BASIC_EPS":-0.0649,"DILUTED_EPS":-0.0649,"OPERATE_INCOME":54854000,"OPERATE_INCOME_YOY":98.2149309821,"GROSS_PROFIT":9009000,"GROSS_PROFIT_YOY":0.580551523948,"HOLDER_PROFIT":-49985000,"HOLDER_PROFIT_YOY":-63.6277334032,"GROSS_PROFIT_RATIO":16.423597185255,"EPS_TTM":-0.06248125,"OPERATE_INCOME_QOQ":42.968098415346,"NET_PROFIT_RATIO":-99.3674116746,"ROE_AVG":-26.021791981842,"GROSS_PROFIT_QOQ":-53.03409446356,"ROA":-18.612228179923,"HOLDER_PROFIT_QOQ":1.50156659507,"ROE_YEARLY":-26.021791981842,"ROIC_YEARLY":-27.492987184423,"TOTAL_ASSETS":268086000,"TOTAL_LIABILITIES":129592000,"TAX_EBT":1.935843693216,"OCF_SALES":19.444343165494,"TOTAL_PARENT_EQUITY":167666000,"DEBT_ASSET_RATIO":48.3397118835,"OPERATE_PROFIT":-48125000,"PRETAX_PROFIT":-55583000,"NETCASH_OPERATE":10666000,"NETCASH_INVEST":14823000,"NETCASH_FINANCE":-11557000,"END_CASH":109033000,"DIVI_RATIO":null,"DIVIDEND_RATE":null,"CURRENT_RATIO":1.154075050782,"COMMON_ACS":10000000000,"CURRENTDEBT_DEBT":86.613371195753,"ISSUED_COMMON_SHARES":800000000,"HK_COMMON_SHARES":800000000,"PER_SHARES":2000,"TOTAL_MARKET_CAP":2048000000,"HKSK_MARKET_CAP":2048000000,"PE_TTM":-47.404243363284,"PB_TTM":11.848554023644,"REPORT_DATE_SQ":"2022-12-31 00:00:00","REPORT_TYPE_SQ":"2022年年报","OPERATE_INCOME_SQ":27674000,"DPS_HKD":null,"OPERATE_INCOME_QOQ_SQ":-81.123298136477,"NET_PROFIT_RATIO_SQ":-113.4747416347,"HOLDER_PROFIT_SQ":-30548000,"HOLDER_PROFIT_QOQ_SQ":59.760258183495,"ROE_AVG_SQ":-13.177237904617,"PE_TTM_SQ":-25.278843037134,"PB_TTM_SQ":8.110640861682,"ROA_SQ":-10.206908073341,"START_DATE":"2023-01-01 00:00:00","FISCAL_YEAR":"12-31","CURRENCY":"HKD","IS_CNY_CODE":0,"DPS_HKD_LY":null,"ORG_TYPE":"一般企业","PREMIUM_INCOME":null,"PREMIUM_INCOME_YOY":null,"NET_INTEREST_INCOME":null,"NET_INTEREST_INCOME_YOY":null,"FEE_COMMISSION_INCOME":null,"FEE_COMMISSION_INCOME_YOY":null,"ACCOUNTS_RECE_TDAYS":10.312840759541,"INVENTORY_TDAYS":null,"CURRENT_ASSETS_TDAYS":0.405065721459,"TOTAL_ASSETS_TDAYS":0.204252308609,"PREMIUM_EXPENSE":null,"LOAN_DEPOSIT":null,"LOAN_EQUITY":null,"LOAN_ASSETS":null,"DEPOSIT_EQUITY":null,"DEPOSIT_ASSETS":null,"EQUITY_MULTIPLIER":1.935722847199,"EQUITY_RATIO":0.772917586153},{"SECUCODE":"09986.HK","SECURITY_CODE":"09986","SECURITY_NAME_ABBR":"大山教育","ORG_CODE":"10000073289","STD_REPORT_DATE":"2023-06-30 00:00:00","REPORT_DATE":"2023-06-30 00:00:00","DATE_TYPE_CODE":"002","REPORT_TYPE":"2023年中报","PER_NETCASH_OPERATE":-0.03990625,"PER_OI":0.02571,"BPS":0.2443575,"BASIC_EPS":-0.0273,"DILUTED_EPS":-0.0273,"OPERATE_INCOME":20568000,"OPERATE_INCOME_YOY":108.3046384444,"GROSS_PROFIT":9831000,"GROSS_PROFIT_YOY":2595.17766497462,"HOLDER_PROFIT":-21026000,"HOLDER_PROFIT_YOY":-2442.4425634825,"GROSS_PROFIT_RATIO":47.797549591599,"EPS_TTM":-0.06343375,"OPERATE_INCOME_QOQ":38.642769386428,"NET_PROFIT_RATIO":-95.3763127188,"ROE_AVG":-10.206845664299,"GROSS_PROFIT_QOQ":114.156525622418,"ROA":-7.655450129982,"HOLDER_PROFIT_QOQ":-66.122168390729,"ROE_YEARLY":-20.413691328599,"ROIC_YEARLY":-21.892277417407,"TOTAL_ASSETS":280274000,"TOTAL_LIABILITIES":93608000,"TAX_EBT":1.293146824997,"OCF_SALES":-155.216841695838,"TOTAL_PARENT_EQUITY":195486000,"DEBT_ASSET_RATIO":33.3987455133,"OPERATE_PROFIT":-15680000,"PRETAX_PROFIT":-19874000,"NETCASH_OPERATE":-31925000,"NETCASH_INVEST":22951000,"NETCASH_FINANCE":-6236000,"END_CASH":80317000,"DIVI_RATIO":null,"DIVIDEND_RATE":null,"CURRENT_RATIO":2.143966662975,"COMMON_ACS":10000000000,"CURRENTDEBT_DEBT":77.164344927784,"ISSUED_COMMON_SHARES":800000000,"HK_COMMON_SHARES":800000000,"PER_SHARES":2000,"TOTAL_MARKET_CAP":2048000000,"HKSK_MARKET_CAP":2048000000,"PE_TTM":-47.404243363284,"PB_TTM":11.848554023644,"REPORT_DATE_SQ":"2022-06-30 00:00:00","REPORT_TYPE_SQ":"2022年中报","OPERATE_INCOME_SQ":9874000,"DPS_HKD":null,"OPERATE_INCOME_QOQ_SQ":-58.454292467,"NET_PROFIT_RATIO_SQ":-13.2975491189,"HOLDER_PROFIT_SQ":-827000,"HOLDER_PROFIT_QOQ_SQ":-34.546195700335,"ROE_AVG_SQ":-0.335194398565,"PE_TTM_SQ":-25.278843037134,"PB_TTM_SQ":8.110640861682,"ROA_SQ":-0.273806153851,"START_DATE":"2023-01-01 00:00:00","FISCAL_YEAR":"12-31","CURRENCY":"HKD","IS_CNY_CODE":0,"DPS_HKD_LY":null,"ORG_TYPE":"一般企业","PREMIUM_INCOME":null,"PREMIUM_INCOME_YOY":null,"NET_INTEREST_INCOME":null,"NET_INTEREST_INCOME_YOY":null,"FEE_COMMISSION_INCOME":null,"FEE_COMMISSION_INCOME_YOY":null,"ACCOUNTS_RECE_TDAYS":3.046659754111,"INVENTORY_TDAYS":53.551122194514,"CURRENT_ASSETS_TDAYS":0.13889554809,"TOTAL_ASSETS_TDAYS":0.07488694867,"PREMIUM_EXPENSE":null,"LOAN_DEPOSIT":null,"LOAN_EQUITY":null,"LOAN_ASSETS":null,"DEPOSIT_EQUITY":null,"DEPOSIT_ASSETS":null,"EQUITY_MULTIPLIER":1.501473219547,"EQUITY_RATIO":0.478847590109},{"SECUCODE":"09986.HK","SECURITY_CODE":"09986","SECURITY_NAME_ABBR":"大山教育","ORG_CODE":"10000073289","STD_REPORT_DATE":"2022-12-31 00:00:00","REPORT_DATE":"2022-12-31 00:00:00","DATE_TYPE_CODE":"001","REPORT_TYPE":"2022年年报","PER_NETCASH_OPERATE":-0.0941975,"PER_OI":0.0345925,"BPS":0.27064,"BASIC_EPS":-0.0396,"DILUTED_EPS":-0.0396,"OPERATE_INCOME":27674000,"OPERATE_INCOME_YOY":-92.1575406519,"GROSS_PROFIT":8957000,"GROSS_PROFIT_YOY":-92.372737026756,"HOLDER_PROFIT":-30548000,"HOLDER_PROFIT_YOY":45.8589582263,"GROSS_PROFIT_RATIO":32.366119823661,"EPS_TTM":-0.038185,"OPERATE_INCOME_QOQ":-81.123298136477,"NET_PROFIT_RATIO":-113.4747416347,"ROE_AVG":-13.177237904617,"GROSS_PROFIT_QOQ":-73.759301576141,"ROA":-10.206908073341,"HOLDER_PROFIT_QOQ":59.760258183495,"ROE_YEARLY":-13.177237904617,"ROIC_YEARLY":-24.889902837472,"TOTAL_ASSETS":269034000,"TOTAL_LIABILITIES":53844000,"TAX_EBT":0.057286528118,"OCF_SALES":-272.306135723061,"TOTAL_PARENT_EQUITY":216512000,"DEBT_ASSET_RATIO":20.0138272486,"OPERATE_PROFIT":-31051000,"PRETAX_PROFIT":-31421000,"NETCASH_OPERATE":-75358000,"NETCASH_INVEST":-87981000,"NETCASH_FINANCE":-1673000,"END_CASH":94961000,"DIVI_RATIO":null,"DIVIDEND_RATE":null,"CURRENT_RATIO":3.075325918994,"COMMON_ACS":10000000000,"CURRENTDEBT_DEBT":85.333556199391,"ISSUED_COMMON_SHARES":800000000,"HK_COMMON_SHARES":800000000,"PER_SHARES":2000,"TOTAL_MARKET_CAP":2048000000,"HKSK_MARKET_CAP":2048000000,"PE_TTM":-47.404243363284,"PB_TTM":11.848554023644,"REPORT_DATE_SQ":"2021-12-31 00:00:00","REPORT_TYPE_SQ":"2021年年报","OPERATE_INCOME_SQ":352874000,"DPS_HKD":null,"OPERATE_INCOME_QOQ_SQ":-19.600547731721,"NET_PROFIT_RATIO_SQ":-16.0952634651,"HOLDER_PROFIT_SQ":-56423000,"HOLDER_PROFIT_QOQ_SQ":-284.678580780309,"ROE_AVG_SQ":-19.408054843242,"PE_TTM_SQ":-25.278843037134,"PB_TTM_SQ":8.110640861682,"ROA_SQ":-10.069844453983,"START_DATE":"2022-01-01 00:00:00","FISCAL_YEAR":"12-31","CURRENCY":"HKD","IS_CNY_CODE":0,"DPS_HKD_LY":null,"ORG_TYPE":"一般企业","PREMIUM_INCOME":null,"PREMIUM_INCOME_YOY":null,"NET_INTEREST_INCOME":null,"NET_INTEREST_INCOME_YOY":null,"FEE_COMMISSION_INCOME":null,"FEE_COMMISSION_INCOME_YOY":null,"ACCOUNTS_RECE_TDAYS":2.982754904074,"INVENTORY_TDAYS":149.736,"CURRENT_ASSETS_TDAYS":0.136227146978,"TOTAL_ASSETS_TDAYS":0.092466274068,"PREMIUM_EXPENSE":null,"LOAN_DEPOSIT":null,"LOAN_EQUITY":null,"LOAN_ASSETS":null,"DEPOSIT_EQUITY":null,"DEPOSIT_ASSETS":null,"EQUITY_MULTIPLIER":1.250216088108,"EQUITY_RATIO":0.248688294413},{"SECUCODE":"09986.HK","SECURITY_CODE":"09986","SECURITY_NAME_ABBR":"大山教育","ORG_CODE":"10000073289","STD_REPORT_DATE":"2022-06-30 00:00:00","REPORT_DATE":"2022-06-30 00:00:00","DATE_TYPE_CODE":"002","REPORT_TYPE":"2022年中报","PER_NETCASH_OPERATE":-0.0864,"PER_OI":0.0123425,"BPS":0.30788625,"BASIC_EPS":-0.0011,"DILUTED_EPS":-0.0011,"OPERATE_INCOME":9874000,"OPERATE_INCOME_YOY":-95.4317492042,"GROSS_PROFIT":-394000,"GROSS_PROFIT_YOY":-100.475237015415,"HOLDER_PROFIT":-827000,"HOLDER_PROFIT_YOY":-104.4307527458,"GROSS_PROFIT_RATIO":-3.990277496455,"EPS_TTM":-0.09489375,"OPERATE_INCOME_QOQ":-58.454292467,"NET_PROFIT_RATIO":-13.2975491189,"ROE_AVG":-0.335194398565,"GROSS_PROFIT_QOQ":-70.93346049696,"ROA":-0.273806153851,"HOLDER_PROFIT_QOQ":-34.546195700335,"ROE_YEARLY":-0.67038879713,"ROIC_YEARLY":-2.122254157257,"TOTAL_ASSETS":274536000,"TOTAL_LIABILITIES":29258000,"TAX_EBT":0.83081570997,"OCF_SALES":-700.020255215718,"TOTAL_PARENT_EQUITY":246309000,"DEBT_ASSET_RATIO":10.657254422,"OPERATE_PROFIT":-1095000,"PRETAX_PROFIT":-1324000,"NETCASH_OPERATE":-69120000,"NETCASH_INVEST":-265000,"NETCASH_FINANCE":-201000,"END_CASH":189765000,"DIVI_RATIO":null,"DIVIDEND_RATE":null,"CURRENT_RATIO":10.000507721599,"COMMON_ACS":10000000000,"CURRENTDEBT_DEBT":80.781324765876,"ISSUED_COMMON_SHARES":800000000,"HK_COMMON_SHARES":800000000,"PER_SHARES":2000,"TOTAL_MARKET_CAP":2048000000,"HKSK_MARKET_CAP":2048000000,"PE_TTM":-47.404243363284,"PB_TTM":11.848554023644,"REPORT_DATE_SQ":"2021-06-30 00:00:00","REPORT_TYPE_SQ":"2021年中报","OPERATE_INCOME_SQ":216144000,"DPS_HKD":null,"OPERATE_INCOME_QOQ_SQ":31.785876213439,"NET_PROFIT_RATIO_SQ":8.6354467392,"HOLDER_PROFIT_SQ":18665000,"HOLDER_PROFIT_QOQ_SQ":1388.16366293229,"ROE_AVG_SQ":5.593045625348,"PE_TTM_SQ":-25.278843037134,"PB_TTM_SQ":8.110640861682,"ROA_SQ":2.325035330198,"START_DATE":"2022-01-01 00:00:00","FISCAL_YEAR":"12-31","CURRENCY":"HKD","IS_CNY_CODE":0,"DPS_HKD_LY":null,"ORG_TYPE":"一般企业","PREMIUM_INCOME":null,"PREMIUM_INCOME_YOY":null,"NET_INTEREST_INCOME":null,"NET_INTEREST_INCOME_YOY":null,"FEE_COMMISSION_INCOME":null,"FEE_COMMISSION_INCOME_YOY":null,"ACCOUNTS_RECE_TDAYS":null,"INVENTORY_TDAYS":733.428571428572,"CURRENT_ASSETS_TDAYS":0.039389490817,"TOTAL_ASSETS_TDAYS":0.032691196652,"PREMIUM_EXPENSE":null,"LOAN_DEPOSIT":null,"LOAN_EQUITY":null,"LOAN_ASSETS":null,"DEPOSIT_EQUITY":null,"DEPOSIT_ASSETS":null,"EQUITY_MULTIPLIER":1.11928505614,"EQUITY_RATIO":0.118785752855},{"SECUCODE":"09986.HK","SECURITY_CODE":"09986","SECURITY_NAME_ABBR":"大山教育","ORG_CODE":"10000073289","STD_REPORT_DATE":"2021-12-31 00:00:00","REPORT_DATE":"2021-12-31 00:00:00","DATE_TYPE_CODE":"001","REPORT_TYPE":"2021年年报","PER_NETCASH_OPERATE":-0.06526875,"PER_OI":0.4410925,"BPS":0.30892,"BASIC_EPS":-0.0731,"DILUTED_EPS":-0.0731,"OPERATE_INCOME":352874000,"OPERATE_INCOME_YOY":5.9551226426,"GROSS_PROFIT":117434000,"GROSS_PROFIT_YOY":7.691179032894,"HOLDER_PROFIT":-56423000,"HOLDER_PROFIT_YOY":-2848.3195323916,"GROSS_PROFIT_RATIO":33.279300826924,"EPS_TTM":-0.07052875,"OPERATE_INCOME_QOQ":-19.600547731721,"NET_PROFIT_RATIO":-16.0952634651,"ROE_AVG":-19.408054843242,"GROSS_PROFIT_QOQ":-32.014542591499,"ROA":-10.069844453983,"HOLDER_PROFIT_QOQ":-284.678580780309,"ROE_YEARLY":-19.408054843242,"ROIC_YEARLY":-25.542615919148,"TOTAL_ASSETS":329541000,"TOTAL_LIABILITIES":82778000,"TAX_EBT":-1.907308058063,"OCF_SALES":-14.797066374967,"TOTAL_PARENT_EQUITY":247136000,"DEBT_ASSET_RATIO":25.1191809213,"OPERATE_PROFIT":-48559000,"PRETAX_PROFIT":-55733000,"NETCASH_OPERATE":-52215000,"NETCASH_INVEST":80636000,"NETCASH_FINANCE":-67334000,"END_CASH":259844000,"DIVI_RATIO":null,"DIVIDEND_RATE":null,"CURRENT_RATIO":4.057977672624,"COMMON_ACS":10000000000,"CURRENTDEBT_DEBT":78.886902317041,"ISSUED_COMMON_SHARES":800000000,"HK_COMMON_SHARES":800000000,"PER_SHARES":2000,"TOTAL_MARKET_CAP":2048000000,"HKSK_MARKET_CAP":2048000000,"PE_TTM":-47.404243363284,"PB_TTM":11.848554023644,"REPORT_DATE_SQ":"2020-12-31 00:00:00","REPORT_TYPE_SQ":"2020年年报","OPERATE_INCOME_SQ":333041000,"DPS_HKD":null,"OPERATE_INCOME_QOQ_SQ":4.126399514762,"NET_PROFIT_RATIO_SQ":0.6164406184,"HOLDER_PROFIT_SQ":2053000,"HOLDER_PROFIT_QOQ_SQ":-89.226490344249,"ROE_AVG_SQ":0.972469589602,"PE_TTM_SQ":-25.278843037134,"PB_TTM_SQ":8.110640861682,"ROA_SQ":0.30902362533,"START_DATE":"2021-01-01 00:00:00","FISCAL_YEAR":"12-31","CURRENCY":"HKD","IS_CNY_CODE":0,"DPS_HKD_LY":null,"ORG_TYPE":"一般企业","PREMIUM_INCOME":null,"PREMIUM_INCOME_YOY":null,"NET_INTEREST_INCOME":null,"NET_INTEREST_INCOME_YOY":null,"FEE_COMMISSION_INCOME":null,"FEE_COMMISSION_INCOME_YOY":null,"ACCOUNTS_RECE_TDAYS":null,"INVENTORY_TDAYS":50.254002134472,"CURRENT_ASSETS_TDAYS":0.994095275657,"TOTAL_ASSETS_TDAYS":0.62977620684,"PREMIUM_EXPENSE":null,"LOAN_DEPOSIT":null,"LOAN_EQUITY":null,"LOAN_ASSETS":null,"DEPOSIT_EQUITY":null,"DEPOSIT_ASSETS":null,"EQUITY_MULTIPLIER":1.335455477522,"EQUITY_RATIO":0.334949177781},{"SECUCODE":"09986.HK","SECURITY_CODE":"09986","SECURITY_NAME_ABBR":"大山教育","ORG_CODE":"10000073289","STD_REPORT_DATE":"2021-06-30 00:00:00","REPORT_DATE":"2021-06-30 00:00:00","DATE_TYPE_CODE":"002","REPORT_TYPE":"2021年中报","PER_NETCASH_OPERATE":0.13983375,"PER_OI":0.27018,"BPS":0.41641625,"BASIC_EPS":0.0241,"DILUTED_EPS":null,"OPERATE_INCOME":216144000,"OPERATE_INCOME_YOY":95.9885386819,"GROSS_PROFIT":82906000,"GROSS_PROFIT_YOY":331.375201623394,"HOLDER_PROFIT":18665000,"HOLDER_PROFIT_YOY":289.8006914785,"GROSS_PROFIT_RATIO":38.356836183285,"EPS_TTM":0.03819,"OPERATE_INCOME_QOQ":31.785876213439,"NET_PROFIT_RATIO":8.6354467392,"ROE_AVG":5.593045625348,"GROSS_PROFIT_QOQ":58.403257311068,"ROA":2.325035330198,"HOLDER_PROFIT_QOQ":1388.16366293229,"ROE_YEARLY":11.186091250697,"ROIC_YEARLY":9.93613246757,"TOTAL_ASSETS":814475000,"TOTAL_LIABILITIES":481342000,"TAX_EBT":17.374944665781,"OCF_SALES":51.755773928492,"TOTAL_PARENT_EQUITY":333133000,"DEBT_ASSET_RATIO":59.0984376439,"OPERATE_PROFIT":26638000,"PRETAX_PROFIT":22590000,"NETCASH_OPERATE":111867000,"NETCASH_INVEST":-88804000,"NETCASH_FINANCE":-60467000,"END_CASH":262801000,"DIVI_RATIO":null,"DIVIDEND_RATE":null,"CURRENT_RATIO":1.594112420043,"COMMON_ACS":10000000000,"CURRENTDEBT_DEBT":63.593453303472,"ISSUED_COMMON_SHARES":800000000,"HK_COMMON_SHARES":800000000,"PER_SHARES":2000,"TOTAL_MARKET_CAP":2048000000,"HKSK_MARKET_CAP":2048000000,"PE_TTM":-47.404243363284,"PB_TTM":11.848554023644,"REPORT_DATE_SQ":"2020-06-30 00:00:00","REPORT_TYPE_SQ":"2020年中报","OPERATE_INCOME_SQ":110284000,"DPS_HKD":null,"OPERATE_INCOME_QOQ_SQ":-16.630913313541,"NET_PROFIT_RATIO_SQ":-8.9169779841,"HOLDER_PROFIT_SQ":-9834000,"HOLDER_PROFIT_QOQ_SQ":-61.083200588163,"ROE_AVG_SQ":-11.847621801359,"PE_TTM_SQ":-25.278843037134,"PB_TTM_SQ":8.110640861682,"ROA_SQ":-1.776265345215,"START_DATE":"2021-01-01 00:00:00","FISCAL_YEAR":"12-31","CURRENCY":"HKD","IS_CNY_CODE":0,"DPS_HKD_LY":null,"ORG_TYPE":"一般企业","PREMIUM_INCOME":null,"PREMIUM_INCOME_YOY":null,"NET_INTEREST_INCOME":null,"NET_INTEREST_INCOME_YOY":null,"FEE_COMMISSION_INCOME":null,"FEE_COMMISSION_INCOME_YOY":null,"ACCOUNTS_RECE_TDAYS":null,"INVENTORY_TDAYS":12.108142493639,"CURRENT_ASSETS_TDAYS":0.46337539165,"TOTAL_ASSETS_TDAYS":0.269243201934,"PREMIUM_EXPENSE":null,"LOAN_DEPOSIT":null,"LOAN_EQUITY":null,"LOAN_ASSETS":null,"DEPOSIT_EQUITY":null,"DEPOSIT_ASSETS":null,"EQUITY_MULTIPLIER":2.444894381524,"EQUITY_RATIO":1.444894381523},{"SECUCODE":"09986.HK","SECURITY_CODE":"09986","SECURITY_NAME_ABBR":"大山教育","ORG_CODE":"10000073289","STD_REPORT_DATE":"2020-12-31 00:00:00","REPORT_DATE":"2020-12-31 00:00:00","DATE_TYPE_CODE":"001","REPORT_TYPE":"2020年年报","PER_NETCASH_OPERATE":0.12723375,"PER_OI":0.41630125,"BPS":0.41787875,"BASIC_EPS":0.003,"DILUTED_EPS":-0.0175,"OPERATE_INCOME":333041000,"OPERATE_INCOME_YOY":-13.190771725,"GROSS_PROFIT":109047000,"GROSS_PROFIT_YOY":-35.724263947423,"HOLDER_PROFIT":2053000,"HOLDER_PROFIT_YOY":-95.8072948577,"GROSS_PROFIT_RATIO":32.742815449149,"EPS_TTM":0.00256625,"OPERATE_INCOME_QOQ":4.126399514762,"NET_PROFIT_RATIO":0.6164406184,"ROE_AVG":0.972469589602,"GROSS_PROFIT_QOQ":-2.452835252127,"ROA":0.30902362533,"HOLDER_PROFIT_QOQ":-89.226490344249,"ROE_YEARLY":0.972469589602,"ROIC_YEARLY":0.560626437919,"TOTAL_ASSETS":791092000,"TOTAL_LIABILITIES":456789000,"TAX_EBT":56.104340389138,"OCF_SALES":30.562903666516,"TOTAL_PARENT_EQUITY":334303000,"DEBT_ASSET_RATIO":57.7415774651,"OPERATE_PROFIT":12593000,"PRETAX_PROFIT":4677000,"NETCASH_OPERATE":101787000,"NETCASH_INVEST":-124022000,"NETCASH_FINANCE":148616000,"END_CASH":299667000,"DIVI_RATIO":null,"DIVIDEND_RATE":null,"CURRENT_RATIO":1.715364064289,"COMMON_ACS":10000000000,"CURRENTDEBT_DEBT":56.785736959515,"ISSUED_COMMON_SHARES":800000000,"HK_COMMON_SHARES":800000000,"PER_SHARES":2000,"TOTAL_MARKET_CAP":2048000000,"HKSK_MARKET_CAP":2048000000,"PE_TTM":-47.404243363284,"PB_TTM":11.848554023644,"REPORT_DATE_SQ":"2019-12-31 00:00:00","REPORT_TYPE_SQ":"2019年年报","OPERATE_INCOME_SQ":383647000,"DPS_HKD":null,"OPERATE_INCOME_QOQ_SQ":6.647411698644,"NET_PROFIT_RATIO_SQ":12.7632954252,"HOLDER_PROFIT_SQ":48966000,"HOLDER_PROFIT_QOQ_SQ":11.225695075413,"ROE_AVG_SQ":55.876211016398,"PE_TTM_SQ":-25.278843037134,"PB_TTM_SQ":8.110640861682,"ROA_SQ":10.20885346899,"START_DATE":"2020-01-01 00:00:00","FISCAL_YEAR":"12-31","CURRENCY":"HKD","IS_CNY_CODE":0,"DPS_HKD_LY":null,"ORG_TYPE":"一般企业","PREMIUM_INCOME":null,"PREMIUM_INCOME_YOY":null,"NET_INTEREST_INCOME":null,"NET_INTEREST_INCOME_YOY":null,"FEE_COMMISSION_INCOME":null,"FEE_COMMISSION_INCOME_YOY":null,"ACCOUNTS_RECE_TDAYS":null,"INVENTORY_TDAYS":27.238280537484,"CURRENT_ASSETS_TDAYS":0.960878590769,"TOTAL_ASSETS_TDAYS":0.501303152477,"PREMIUM_EXPENSE":null,"LOAN_DEPOSIT":null,"LOAN_EQUITY":null,"LOAN_ASSETS":null,"DEPOSIT_EQUITY":null,"DEPOSIT_ASSETS":null,"EQUITY_MULTIPLIER":2.366392165193,"EQUITY_RATIO":1.366392165191},{"SECUCODE":"09986.HK","SECURITY_CODE":"09986","SECURITY_NAME_ABBR":"大山教育","ORG_CODE":"10000073289","STD_REPORT_DATE":"2020-06-30 00:00:00","REPORT_DATE":"2020-06-30 00:00:00","DATE_TYPE_CODE":"002","REPORT_TYPE":"2020年中报","PER_NETCASH_OPERATE":3196.2,"PER_OI":11028.4,"BPS":0.09760875,"BASIC_EPS":-0.0173,"DILUTED_EPS":-0.04,"OPERATE_INCOME":110284000,"OPERATE_INCOME_YOY":-36.6504296678,"GROSS_PROFIT":19219000,"GROSS_PROFIT_YOY":-75.06778231822,"HOLDER_PROFIT":-9834000,"HOLDER_PROFIT_YOY":-148.983861327,"GROSS_PROFIT_RATIO":17.42682528744,"EPS_TTM":1905.6,"OPERATE_INCOME_QOQ":-16.630913313541,"NET_PROFIT_RATIO":-8.9169779841,"ROE_AVG":-11.847621801359,"GROSS_PROFIT_QOQ":-34.108042792726,"ROA":-1.776265345215,"HOLDER_PROFIT_QOQ":-61.083200588163,"ROE_YEARLY":-23.695243602718,"ROIC_YEARLY":-5.029658053322,"TOTAL_ASSETS":569658000,"TOTAL_LIABILITIES":491571000,"TAX_EBT":-8.137233340664,"OCF_SALES":28.981538573138,"TOTAL_PARENT_EQUITY":78087000,"DEBT_ASSET_RATIO":86.2923016968,"OPERATE_PROFIT":-5377000,"PRETAX_PROFIT":-9094000,"NETCASH_OPERATE":31962000,"NETCASH_INVEST":-32515000,"NETCASH_FINANCE":-29077000,"END_CASH":148247000,"DIVI_RATIO":null,"DIVIDEND_RATE":null,"CURRENT_RATIO":0.978957449206,"COMMON_ACS":10000000000,"CURRENTDEBT_DEBT":54.167149811523,"ISSUED_COMMON_SHARES":800000000,"HK_COMMON_SHARES":800000000,"PER_SHARES":2000,"TOTAL_MARKET_CAP":2048000000,"HKSK_MARKET_CAP":2048000000,"PE_TTM":-47.404243363284,"PB_TTM":11.848554023644,"REPORT_DATE_SQ":"2019-06-30 00:00:00","REPORT_TYPE_SQ":"2019年中报","OPERATE_INCOME_SQ":174088000,"DPS_HKD":null,"OPERATE_INCOME_QOQ_SQ":0,"NET_PROFIT_RATIO_SQ":11.5320987087,"HOLDER_PROFIT_SQ":20076000,"HOLDER_PROFIT_QOQ_SQ":0,"ROE_AVG_SQ":null,"PE_TTM_SQ":-25.278843037134,"PB_TTM_SQ":8.110640861682,"ROA_SQ":null,"START_DATE":"2020-01-01 00:00:00","FISCAL_YEAR":"12-31","CURRENCY":"HKD","IS_CNY_CODE":0,"DPS_HKD_LY":null,"ORG_TYPE":"一般企业","PREMIUM_INCOME":null,"PREMIUM_INCOME_YOY":null,"NET_INTEREST_INCOME":null,"NET_INTEREST_INCOME_YOY":null,"FEE_COMMISSION_INCOME":null,"FEE_COMMISSION_INCOME_YOY":null,"ACCOUNTS_RECE_TDAYS":null,"INVENTORY_TDAYS":10.307883864395,"CURRENT_ASSETS_TDAYS":0.433405774604,"TOTAL_ASSETS_TDAYS":0.199200373532,"PREMIUM_EXPENSE":null,"LOAN_DEPOSIT":null,"LOAN_EQUITY":null,"LOAN_ASSETS":null,"DEPOSIT_EQUITY":null,"DEPOSIT_ASSETS":null,"EQUITY_MULTIPLIER":7.295170771059,"EQUITY_RATIO":6.295170771063}],"count":15},"success":true,"message":"ok","code":0}