{"version":"b4fa66ce8f3cf57ff5cb83992bec383f","result":{"pages":2,"data":[{"SECUCODE":"09996.HK","SECURITY_CODE":"09996","SECURITY_NAME_ABBR":"沛嘉医疗-B","ORG_CODE":"10000074110","STD_REPORT_DATE":"2024-06-30 00:00:00","REPORT_DATE":"2024-06-30 00:00:00","DATE_TYPE_CODE":"002","REPORT_TYPE":"2024年中报","PER_NETCASH_OPERATE":-0.060923548891,"PER_OI":0.443384533707,"BPS":3.260490996305,"BASIC_EPS":-0.1,"DILUTED_EPS":-0.1,"OPERATE_INCOME":301203000,"OPERATE_INCOME_YOY":33.9447950158,"GROSS_PROFIT":218865000,"GROSS_PROFIT_YOY":26.54301358141,"HOLDER_PROFIT":-71273000,"HOLDER_PROFIT_YOY":66.390331084,"GROSS_PROFIT_RATIO":72.663618888258,"EPS_TTM":-0.370568328874,"OPERATE_INCOME_QOQ":17.30389956611,"NET_PROFIT_RATIO":-23.6660989432,"ROE_AVG":-3.199399200835,"GROSS_PROFIT_QOQ":14.109475366506,"ROA":-2.696702080123,"HOLDER_PROFIT_QOQ":35.867269600662,"ROE_YEARLY":-6.39879840167,"ROIC_YEARLY":-7.943693210473,"TOTAL_ASSETS":2613974000,"TOTAL_LIABILITIES":432721000,"TAX_EBT":-4.09468596212,"OCF_SALES":-13.740566993025,"TOTAL_PARENT_EQUITY":2181291000,"DEBT_ASSET_RATIO":16.5541432317,"OPERATE_PROFIT":-84774000,"PRETAX_PROFIT":-68479000,"NETCASH_OPERATE":-41387000,"NETCASH_INVEST":-56314000,"NETCASH_FINANCE":-1674000,"END_CASH":701326000,"DIVI_RATIO":null,"DIVIDEND_RATE":null,"CURRENT_RATIO":7.009613951409,"COMMON_ACS":1000000000,"CURRENTDEBT_DEBT":40.310962490843,"ISSUED_COMMON_SHARES":669006908,"HK_COMMON_SHARES":669006908,"PER_SHARES":1000,"TOTAL_MARKET_CAP":2883419773.48,"HKSK_MARKET_CAP":2883419773.48,"PE_TTM":-10.252841185663,"PB_TTM":1.206459641955,"REPORT_DATE_SQ":"2023-06-30 00:00:00","REPORT_TYPE_SQ":"2023年中报","OPERATE_INCOME_SQ":224871000,"DPS_HKD":null,"OPERATE_INCOME_QOQ_SQ":42.287896728102,"NET_PROFIT_RATIO_SQ":-94.309626408,"HOLDER_PROFIT_SQ":-212061000,"HOLDER_PROFIT_QOQ_SQ":-29.44393085979,"ROE_AVG_SQ":-8.345383762469,"PE_TTM_SQ":-5.948725215886,"PB_TTM_SQ":1.299026980295,"ROA_SQ":-6.901681605703,"START_DATE":"2024-01-01 00:00:00","FISCAL_YEAR":"12-31","CURRENCY":"HKD","IS_CNY_CODE":0,"DPS_HKD_LY":null,"ORG_TYPE":"一般企业","PREMIUM_INCOME":null,"PREMIUM_INCOME_YOY":null,"NET_INTEREST_INCOME":null,"NET_INTEREST_INCOME_YOY":null,"FEE_COMMISSION_INCOME":null,"FEE_COMMISSION_INCOME_YOY":null,"ACCOUNTS_RECE_TDAYS":3.304566773636,"INVENTORY_TDAYS":0.502359634539,"CURRENT_ASSETS_TDAYS":0.244859883741,"TOTAL_ASSETS_TDAYS":0.113963879259,"PREMIUM_EXPENSE":null,"LOAN_DEPOSIT":null,"LOAN_EQUITY":null,"LOAN_ASSETS":null,"DEPOSIT_EQUITY":null,"DEPOSIT_ASSETS":null,"EQUITY_MULTIPLIER":1.198381847497,"EQUITY_RATIO":0.198378391512},{"SECUCODE":"09996.HK","SECURITY_CODE":"09996","SECURITY_NAME_ABBR":"沛嘉医疗-B","ORG_CODE":"10000074110","STD_REPORT_DATE":"2023-12-31 00:00:00","REPORT_DATE":"2023-12-31 00:00:00","DATE_TYPE_CODE":"001","REPORT_TYPE":"2023年年报","PER_NETCASH_OPERATE":-0.858916493694,"PER_OI":0.649357562229,"BPS":3.399229474025,"BASIC_EPS":-0.58,"DILUTED_EPS":-0.58,"OPERATE_INCOME":441126000,"OPERATE_INCOME_YOY":75.8644197534,"GROSS_PROFIT":325370000,"GROSS_PROFIT_YOY":84.658429861352,"HOLDER_PROFIT":-392525000,"HOLDER_PROFIT_YOY":3.7478329316,"GROSS_PROFIT_RATIO":73.758971359657,"EPS_TTM":-0.577814676791,"OPERATE_INCOME_QOQ":23.597595998935,"NET_PROFIT_RATIO":-88.9888603256,"ROE_AVG":-15.983189605766,"GROSS_PROFIT_QOQ":22.339785528433,"ROA":-13.109428535455,"HOLDER_PROFIT_QOQ":25.641807669867,"ROE_YEARLY":-15.983189605766,"ROIC_YEARLY":-22.735085358292,"TOTAL_ASSETS":2671964000,"TOTAL_LIABILITIES":397884000,"TAX_EBT":-0.268709403041,"OCF_SALES":-132.271731886128,"TOTAL_PARENT_EQUITY":2274108000,"DEBT_ASSET_RATIO":14.8910688916,"OPERATE_PROFIT":-430760000,"PRETAX_PROFIT":-391501000,"NETCASH_OPERATE":-583485000,"NETCASH_INVEST":-386291000,"NETCASH_FINANCE":85108000,"END_CASH":795768000,"DIVI_RATIO":null,"DIVIDEND_RATE":null,"CURRENT_RATIO":8.022690584704,"COMMON_ACS":1000000000,"CURRENTDEBT_DEBT":38.767329171316,"ISSUED_COMMON_SHARES":669006908,"HK_COMMON_SHARES":669006908,"PER_SHARES":1000,"TOTAL_MARKET_CAP":2388354661.56,"HKSK_MARKET_CAP":2388354661.56,"PE_TTM":-8.49249258302,"PB_TTM":0.999318079299,"REPORT_DATE_SQ":"2022-12-31 00:00:00","REPORT_TYPE_SQ":"2022年年报","OPERATE_INCOME_SQ":250833000,"DPS_HKD":null,"OPERATE_INCOME_QOQ_SQ":23.172300681582,"NET_PROFIT_RATIO_SQ":-162.5818771852,"HOLDER_PROFIT_SQ":-407809000,"HOLDER_PROFIT_QOQ_SQ":16.947913357283,"ROE_AVG_SQ":-14.418363739217,"PE_TTM_SQ":-5.326866366888,"PB_TTM_SQ":1.163231260461,"ROA_SQ":-12.586421717302,"START_DATE":"2023-01-01 00:00:00","FISCAL_YEAR":"12-31","CURRENCY":"HKD","IS_CNY_CODE":0,"DPS_HKD_LY":null,"ORG_TYPE":"一般企业","PREMIUM_INCOME":null,"PREMIUM_INCOME_YOY":null,"NET_INTEREST_INCOME":null,"NET_INTEREST_INCOME_YOY":null,"FEE_COMMISSION_INCOME":null,"FEE_COMMISSION_INCOME_YOY":null,"ACCOUNTS_RECE_TDAYS":5.586100787023,"INVENTORY_TDAYS":0.777324129039,"CURRENT_ASSETS_TDAYS":0.271885458591,"TOTAL_ASSETS_TDAYS":0.147325897004,"PREMIUM_EXPENSE":null,"LOAN_DEPOSIT":null,"LOAN_EQUITY":null,"LOAN_ASSETS":null,"DEPOSIT_EQUITY":null,"DEPOSIT_ASSETS":null,"EQUITY_MULTIPLIER":1.174964820938,"EQUITY_RATIO":0.174962666681},{"SECUCODE":"09996.HK","SECURITY_CODE":"09996","SECURITY_NAME_ABBR":"沛嘉医疗-B","ORG_CODE":"10000074110","STD_REPORT_DATE":"2023-06-30 00:00:00","REPORT_DATE":"2023-06-30 00:00:00","DATE_TYPE_CODE":"002","REPORT_TYPE":"2023年中报","PER_NETCASH_OPERATE":-0.692811789552,"PER_OI":0.331249532081,"BPS":3.653923406124,"BASIC_EPS":-0.31,"DILUTED_EPS":-0.31,"OPERATE_INCOME":224871000,"OPERATE_INCOME_YOY":89.2869468598,"GROSS_PROFIT":172957000,"GROSS_PROFIT_YOY":107.876012595851,"HOLDER_PROFIT":-212061000,"HOLDER_PROFIT_YOY":-130.5361685474,"GROSS_PROFIT_RATIO":76.913875066149,"EPS_TTM":-0.777607285924,"OPERATE_INCOME_QOQ":42.287896728102,"NET_PROFIT_RATIO":-94.309626408,"ROE_AVG":-8.345383762469,"GROSS_PROFIT_QOQ":50.938984455253,"ROA":-6.901681605703,"HOLDER_PROFIT_QOQ":-29.44393085979,"ROE_YEARLY":-16.690767524938,"ROIC_YEARLY":-24.354392291526,"TOTAL_ASSETS":2828724000,"TOTAL_LIABILITIES":384238000,"TAX_EBT":-0.28466991058,"OCF_SALES":-209.15102436508,"TOTAL_PARENT_EQUITY":2444500000,"DEBT_ASSET_RATIO":13.5834390347,"OPERATE_PROFIT":-233307000,"PRETAX_PROFIT":-211473000,"NETCASH_OPERATE":-470320000,"NETCASH_INVEST":-286405000,"NETCASH_FINANCE":55731000,"END_CASH":992627000,"DIVI_RATIO":null,"DIVIDEND_RATE":null,"CURRENT_RATIO":8.675939294969,"COMMON_ACS":1000000000,"CURRENTDEBT_DEBT":41.277281268381,"ISSUED_COMMON_SHARES":669006908,"HK_COMMON_SHARES":669006908,"PER_SHARES":1000,"TOTAL_MARKET_CAP":2388354661.56,"HKSK_MARKET_CAP":2388354661.56,"PE_TTM":-8.49249258302,"PB_TTM":0.999318079299,"REPORT_DATE_SQ":"2022-06-30 00:00:00","REPORT_TYPE_SQ":"2022年中报","OPERATE_INCOME_SQ":118799000,"DPS_HKD":null,"OPERATE_INCOME_QOQ_SQ":49.152592028359,"NET_PROFIT_RATIO_SQ":-77.4299446965,"HOLDER_PROFIT_SQ":-91986000,"HOLDER_PROFIT_QOQ_SQ":14.487231285788,"ROE_AVG_SQ":-3.083025612279,"PE_TTM_SQ":-5.326866366888,"PB_TTM_SQ":1.163231260461,"ROA_SQ":-2.910140789996,"START_DATE":"2023-01-01 00:00:00","FISCAL_YEAR":"12-31","CURRENCY":"HKD","IS_CNY_CODE":0,"DPS_HKD_LY":null,"ORG_TYPE":"一般企业","PREMIUM_INCOME":null,"PREMIUM_INCOME_YOY":null,"NET_INTEREST_INCOME":null,"NET_INTEREST_INCOME_YOY":null,"FEE_COMMISSION_INCOME":null,"FEE_COMMISSION_INCOME_YOY":null,"ACCOUNTS_RECE_TDAYS":2.766094064247,"INVENTORY_TDAYS":0.351947391614,"CURRENT_ASSETS_TDAYS":0.132922986347,"TOTAL_ASSETS_TDAYS":0.07318592501,"PREMIUM_EXPENSE":null,"LOAN_DEPOSIT":null,"LOAN_EQUITY":null,"LOAN_ASSETS":null,"DEPOSIT_EQUITY":null,"DEPOSIT_ASSETS":null,"EQUITY_MULTIPLIER":1.157185600572,"EQUITY_RATIO":0.157184700348},{"SECUCODE":"09996.HK","SECURITY_CODE":"09996","SECURITY_NAME_ABBR":"沛嘉医疗-B","ORG_CODE":"10000074110","STD_REPORT_DATE":"2022-12-31 00:00:00","REPORT_DATE":"2022-12-31 00:00:00","DATE_TYPE_CODE":"001","REPORT_TYPE":"2022年年报","PER_NETCASH_OPERATE":-0.555341319268,"PER_OI":0.370280197386,"BPS":3.942582607832,"BASIC_EPS":-0.61,"DILUTED_EPS":-0.61,"OPERATE_INCOME":250833000,"OPERATE_INCOME_YOY":83.7146791275,"GROSS_PROFIT":176201000,"GROSS_PROFIT_YOY":84.206619691806,"HOLDER_PROFIT":-407809000,"HOLDER_PROFIT_YOY":28.9798612369,"GROSS_PROFIT_RATIO":70.246339197793,"EPS_TTM":-0.602008495756,"OPERATE_INCOME_QOQ":23.172300681582,"NET_PROFIT_RATIO":-162.5818771852,"ROE_AVG":-14.418363739217,"GROSS_PROFIT_QOQ":24.562408098631,"ROA":-12.586421717302,"HOLDER_PROFIT_QOQ":16.947913357283,"ROE_YEARLY":-14.418363739217,"ROIC_YEARLY":-32.4383293595,"TOTAL_ASSETS":3316474000,"TOTAL_LIABILITIES":678859000,"TAX_EBT":-2.404108127111,"OCF_SALES":-149.978671068001,"TOTAL_PARENT_EQUITY":2637615000,"DEBT_ASSET_RATIO":20.4692996236,"OPERATE_PROFIT":-442548000,"PRETAX_PROFIT":-398235000,"NETCASH_OPERATE":-376196000,"NETCASH_INVEST":-463277000,"NETCASH_FINANCE":117438000,"END_CASH":1669665000,"DIVI_RATIO":null,"DIVIDEND_RATE":null,"CURRENT_RATIO":3.472955228425,"COMMON_ACS":1000000000,"CURRENTDEBT_DEBT":85.146252756463,"ISSUED_COMMON_SHARES":669006908,"HK_COMMON_SHARES":669006908,"PER_SHARES":1000,"TOTAL_MARKET_CAP":2388354661.56,"HKSK_MARKET_CAP":2388354661.56,"PE_TTM":-8.49249258302,"PB_TTM":0.999318079299,"REPORT_DATE_SQ":"2021-12-31 00:00:00","REPORT_TYPE_SQ":"2021年年报","OPERATE_INCOME_SQ":136534000,"DPS_HKD":null,"OPERATE_INCOME_QOQ_SQ":79.402141777807,"NET_PROFIT_RATIO_SQ":-420.5663058286,"HOLDER_PROFIT_SQ":-574216000,"HOLDER_PROFIT_QOQ_SQ":-26.227951391942,"ROE_AVG_SQ":-19.690421161641,"PE_TTM_SQ":-5.326866366888,"PB_TTM_SQ":1.163231260461,"ROA_SQ":-18.998308827069,"START_DATE":"2022-01-01 00:00:00","FISCAL_YEAR":"12-31","CURRENCY":"HKD","IS_CNY_CODE":0,"DPS_HKD_LY":null,"ORG_TYPE":"一般企业","PREMIUM_INCOME":null,"PREMIUM_INCOME_YOY":null,"NET_INTEREST_INCOME":null,"NET_INTEREST_INCOME_YOY":null,"FEE_COMMISSION_INCOME":null,"FEE_COMMISSION_INCOME_YOY":null,"ACCOUNTS_RECE_TDAYS":4.517112525775,"INVENTORY_TDAYS":0.772224262899,"CURRENT_ASSETS_TDAYS":0.113145604603,"TOTAL_ASSETS_TDAYS":0.077415896133,"PREMIUM_EXPENSE":null,"LOAN_DEPOSIT":null,"LOAN_EQUITY":null,"LOAN_ASSETS":null,"DEPOSIT_EQUITY":null,"DEPOSIT_ASSETS":null,"EQUITY_MULTIPLIER":1.257376076493,"EQUITY_RATIO":0.257376076493},{"SECUCODE":"09996.HK","SECURITY_CODE":"09996","SECURITY_NAME_ABBR":"沛嘉医疗-B","ORG_CODE":"10000074110","STD_REPORT_DATE":"2022-06-30 00:00:00","REPORT_DATE":"2022-06-30 00:00:00","DATE_TYPE_CODE":"002","REPORT_TYPE":"2022年中报","PER_NETCASH_OPERATE":-0.312763838574,"PER_OI":0.175526760575,"BPS":4.406636112044,"BASIC_EPS":-0.14,"DILUTED_EPS":-0.14,"OPERATE_INCOME":118799000,"OPERATE_INCOME_YOY":129.8342007003,"GROSS_PROFIT":83202000,"GROSS_PROFIT_YOY":122.465240641711,"HOLDER_PROFIT":-91986000,"HOLDER_PROFIT_YOY":47.4887825819,"GROSS_PROFIT_RATIO":70.035943063494,"EPS_TTM":-0.725498987294,"OPERATE_INCOME_QOQ":49.152592028359,"NET_PROFIT_RATIO":-77.4299446965,"ROE_AVG":-3.083025612279,"GROSS_PROFIT_QOQ":47.882994961005,"ROA":-2.910140789996,"HOLDER_PROFIT_QOQ":14.487231285788,"ROE_YEARLY":-6.166051224558,"ROIC_YEARLY":-17.211676906366,"TOTAL_ASSETS":3158088000,"TOTAL_LIABILITIES":210018000,"TAX_EBT":-0.209163997647,"OCF_SALES":-178.185843315179,"TOTAL_PARENT_EQUITY":2948070000,"DEBT_ASSET_RATIO":6.65016301,"OPERATE_PROFIT":-108753000,"PRETAX_PROFIT":-91794000,"NETCASH_OPERATE":-211683000,"NETCASH_INVEST":-310449000,"NETCASH_FINANCE":60325000,"END_CASH":1887886000,"DIVI_RATIO":null,"DIVIDEND_RATE":null,"CURRENT_RATIO":12.273422707849,"COMMON_ACS":1000000000,"CURRENTDEBT_DEBT":81.227799521946,"ISSUED_COMMON_SHARES":669006908,"HK_COMMON_SHARES":669006908,"PER_SHARES":1000,"TOTAL_MARKET_CAP":2388354661.56,"HKSK_MARKET_CAP":2388354661.56,"PE_TTM":-8.49249258302,"PB_TTM":0.999318079299,"REPORT_DATE_SQ":"2021-06-30 00:00:00","REPORT_TYPE_SQ":"2021年中报","OPERATE_INCOME_SQ":51689000,"DPS_HKD":null,"OPERATE_INCOME_QOQ_SQ":96.882680119001,"NET_PROFIT_RATIO_SQ":-338.8999593724,"HOLDER_PROFIT_SQ":-175174000,"HOLDER_PROFIT_QOQ_SQ":78.009683581997,"ROE_AVG_SQ":-5.591830884576,"PE_TTM_SQ":-5.326866366888,"PB_TTM_SQ":1.163231260461,"ROA_SQ":-5.471295407443,"START_DATE":"2022-01-01 00:00:00","FISCAL_YEAR":"12-31","CURRENCY":"HKD","IS_CNY_CODE":0,"DPS_HKD_LY":null,"ORG_TYPE":"一般企业","PREMIUM_INCOME":null,"PREMIUM_INCOME_YOY":null,"NET_INTEREST_INCOME":null,"NET_INTEREST_INCOME_YOY":null,"FEE_COMMISSION_INCOME":null,"FEE_COMMISSION_INCOME_YOY":null,"ACCOUNTS_RECE_TDAYS":2.419851915223,"INVENTORY_TDAYS":0.474098836629,"CURRENT_ASSETS_TDAYS":0.052564522056,"TOTAL_ASSETS_TDAYS":0.037584177561,"PREMIUM_EXPENSE":null,"LOAN_DEPOSIT":null,"LOAN_EQUITY":null,"LOAN_ASSETS":null,"DEPOSIT_EQUITY":null,"DEPOSIT_ASSETS":null,"EQUITY_MULTIPLIER":1.071239149681,"EQUITY_RATIO":0.071239149681},{"SECUCODE":"09996.HK","SECURITY_CODE":"09996","SECURITY_NAME_ABBR":"沛嘉医疗-B","ORG_CODE":"10000074110","STD_REPORT_DATE":"2021-12-31 00:00:00","REPORT_DATE":"2021-12-31 00:00:00","DATE_TYPE_CODE":"001","REPORT_TYPE":"2021年年报","PER_NETCASH_OPERATE":-0.650000465342,"PER_OI":0.203376882665,"BPS":4.512935462843,"BASIC_EPS":-0.86,"DILUTED_EPS":-0.86,"OPERATE_INCOME":136534000,"OPERATE_INCOME_YOY":253.211744923,"GROSS_PROFIT":95654000,"GROSS_PROFIT_YOY":279.233239503628,"HOLDER_PROFIT":-574216000,"HOLDER_PROFIT_YOY":72.2420740809,"GROSS_PROFIT_RATIO":70.058739947559,"EPS_TTM":-0.855334642335,"OPERATE_INCOME_QOQ":79.402141777807,"NET_PROFIT_RATIO":-420.5663058286,"ROE_AVG":-19.690421161641,"GROSS_PROFIT_QOQ":78.229517971268,"ROA":-18.998308827069,"HOLDER_PROFIT_QOQ":-26.227951391942,"ROE_YEARLY":-19.690421161641,"ROIC_YEARLY":-88.981314754495,"TOTAL_ASSETS":3163668000,"TOTAL_LIABILITIES":144483000,"TAX_EBT":null,"OCF_SALES":-319.603908184042,"TOTAL_PARENT_EQUITY":3019185000,"DEBT_ASSET_RATIO":4.5669457099,"OPERATE_PROFIT":-598801000,"PRETAX_PROFIT":-574216000,"NETCASH_OPERATE":-436368000,"NETCASH_INVEST":-424755000,"NETCASH_FINANCE":741979000,"END_CASH":2296112000,"DIVI_RATIO":null,"DIVIDEND_RATE":null,"CURRENT_RATIO":20.439915085041,"COMMON_ACS":1000000000,"CURRENTDEBT_DEBT":82.159838873778,"ISSUED_COMMON_SHARES":669006908,"HK_COMMON_SHARES":669006908,"PER_SHARES":1000,"TOTAL_MARKET_CAP":2388354661.56,"HKSK_MARKET_CAP":2388354661.56,"PE_TTM":-8.49249258302,"PB_TTM":0.999318079299,"REPORT_DATE_SQ":"2020-12-31 00:00:00","REPORT_TYPE_SQ":"2020年年报","OPERATE_INCOME_SQ":38655000,"DPS_HKD":null,"OPERATE_INCOME_QOQ_SQ":39.553774504495,"NET_PROFIT_RATIO_SQ":-5351.5871168025,"HOLDER_PROFIT_SQ":-2068656000,"HOLDER_PROFIT_QOQ_SQ":5.424783741513,"ROE_AVG_SQ":-183.468829280428,"PE_TTM_SQ":-5.326866366888,"PB_TTM_SQ":1.163231260461,"ROA_SQ":-110.013446846665,"START_DATE":"2021-01-01 00:00:00","FISCAL_YEAR":"12-31","CURRENCY":"HKD","IS_CNY_CODE":0,"DPS_HKD_LY":null,"ORG_TYPE":"一般企业","PREMIUM_INCOME":null,"PREMIUM_INCOME_YOY":null,"NET_INTEREST_INCOME":null,"NET_INTEREST_INCOME_YOY":null,"FEE_COMMISSION_INCOME":null,"FEE_COMMISSION_INCOME_YOY":null,"ACCOUNTS_RECE_TDAYS":4.09606096061,"INVENTORY_TDAYS":0.894607843137,"CURRENT_ASSETS_TDAYS":0.054938572645,"TOTAL_ASSETS_TDAYS":0.045173159532,"PREMIUM_EXPENSE":null,"LOAN_DEPOSIT":null,"LOAN_EQUITY":null,"LOAN_ASSETS":null,"DEPOSIT_EQUITY":null,"DEPOSIT_ASSETS":null,"EQUITY_MULTIPLIER":1.047854967483,"EQUITY_RATIO":0.047854967483},{"SECUCODE":"09996.HK","SECURITY_CODE":"09996","SECURITY_NAME_ABBR":"沛嘉医疗-B","ORG_CODE":"10000074110","STD_REPORT_DATE":"2021-06-30 00:00:00","REPORT_DATE":"2021-06-30 00:00:00","DATE_TYPE_CODE":"002","REPORT_TYPE":"2021年中报","PER_NETCASH_OPERATE":-0.213249079821,"PER_OI":0.07752753038,"BPS":5.160034909535,"BASIC_EPS":-0.27,"DILUTED_EPS":-0.27,"OPERATE_INCOME":51689000,"OPERATE_INCOME_YOY":263.0100428401,"GROSS_PROFIT":37400000,"GROSS_PROFIT_YOY":317.690417690418,"HOLDER_PROFIT":-175174000,"HOLDER_PROFIT_YOY":90.2078677374,"GROSS_PROFIT_RATIO":72.355820387317,"EPS_TTM":-0.682303462633,"OPERATE_INCOME_QOQ":96.882680119001,"NET_PROFIT_RATIO":-338.8999593724,"ROE_AVG":-5.591830884576,"GROSS_PROFIT_QOQ":112.778020061055,"ROA":-5.471295407443,"HOLDER_PROFIT_QOQ":78.009683581997,"ROE_YEARLY":-11.183661769151,"ROIC_YEARLY":-76.1160289953,"TOTAL_ASSETS":3522134000,"TOTAL_LIABILITIES":70035000,"TAX_EBT":null,"OCF_SALES":-275.062392385227,"TOTAL_PARENT_EQUITY":3452099000,"DEBT_ASSET_RATIO":1.988425199,"OPERATE_PROFIT":-187814000,"PRETAX_PROFIT":-175174000,"NETCASH_OPERATE":-142177000,"NETCASH_INVEST":-70015000,"NETCASH_FINANCE":800140000,"END_CASH":3024659000,"DIVI_RATIO":null,"DIVIDEND_RATE":null,"CURRENT_RATIO":73.449967450944,"COMMON_ACS":1000000000,"CURRENTDEBT_DEBT":61.415006782323,"ISSUED_COMMON_SHARES":669006908,"HK_COMMON_SHARES":669006908,"PER_SHARES":1000,"TOTAL_MARKET_CAP":2388354661.56,"HKSK_MARKET_CAP":2388354661.56,"PE_TTM":-8.49249258302,"PB_TTM":0.999318079299,"REPORT_DATE_SQ":"2020-06-30 00:00:00","REPORT_TYPE_SQ":"2020年中报","OPERATE_INCOME_SQ":14239000,"DPS_HKD":null,"OPERATE_INCOME_QOQ_SQ":48.13091609177,"NET_PROFIT_RATIO_SQ":-12563.5648570827,"HOLDER_PROFIT_SQ":-1788926000,"HOLDER_PROFIT_QOQ_SQ":-311.16683616021,"ROE_AVG_SQ":-140.250721274461,"PE_TTM_SQ":-5.326866366888,"PB_TTM_SQ":1.163231260461,"ROA_SQ":-88.226241364728,"START_DATE":"2021-01-01 00:00:00","FISCAL_YEAR":"12-31","CURRENCY":"HKD","IS_CNY_CODE":0,"DPS_HKD_LY":null,"ORG_TYPE":"一般企业","PREMIUM_INCOME":null,"PREMIUM_INCOME_YOY":null,"NET_INTEREST_INCOME":null,"NET_INTEREST_INCOME_YOY":null,"FEE_COMMISSION_INCOME":null,"FEE_COMMISSION_INCOME_YOY":null,"ACCOUNTS_RECE_TDAYS":null,"INVENTORY_TDAYS":0.397983483504,"CURRENT_ASSETS_TDAYS":0.018126019477,"TOTAL_ASSETS_TDAYS":0.016144278735,"PREMIUM_EXPENSE":null,"LOAN_DEPOSIT":null,"LOAN_EQUITY":null,"LOAN_ASSETS":null,"DEPOSIT_EQUITY":null,"DEPOSIT_ASSETS":null,"EQUITY_MULTIPLIER":1.020287656872,"EQUITY_RATIO":0.020287656872},{"SECUCODE":"09996.HK","SECURITY_CODE":"09996","SECURITY_NAME_ABBR":"沛嘉医疗-B","ORG_CODE":"10000074110","STD_REPORT_DATE":"2020-12-31 00:00:00","REPORT_DATE":"2020-12-31 00:00:00","DATE_TYPE_CODE":"001","REPORT_TYPE":"2020年年报","PER_NETCASH_OPERATE":-0.28613501275,"PER_OI":0.061074262385,"BPS":4.205121003026,"BASIC_EPS":-4.43,"DILUTED_EPS":-4.43,"OPERATE_INCOME":38655000,"OPERATE_INCOME_YOY":106.7222846142,"GROSS_PROFIT":25223000,"GROSS_PROFIT_YOY":109.964205444102,"HOLDER_PROFIT":-2068656000,"HOLDER_PROFIT_YOY":-288.8619244817,"GROSS_PROFIT_RATIO":65.251584529815,"EPS_TTM":-3.268442357462,"OPERATE_INCOME_QOQ":39.553774504495,"NET_PROFIT_RATIO":-5351.5871168025,"ROE_AVG":-183.468829280428,"GROSS_PROFIT_QOQ":43.647132524631,"ROA":-110.013446846665,"HOLDER_PROFIT_QOQ":5.424783741513,"ROE_YEARLY":-183.468829280428,"ROIC_YEARLY":-518.495886307954,"TOTAL_ASSETS":2881249000,"TOTAL_LIABILITIES":67994000,"TAX_EBT":null,"OCF_SALES":-468.503427758375,"TOTAL_PARENT_EQUITY":2813255000,"DEBT_ASSET_RATIO":2.359879344,"OPERATE_PROFIT":-403717000,"PRETAX_PROFIT":-2068656000,"NETCASH_OPERATE":-181100000,"NETCASH_INVEST":-12484000,"NETCASH_FINANCE":2342112000,"END_CASH":2458161000,"DIVI_RATIO":null,"DIVIDEND_RATE":null,"CURRENT_RATIO":57.311624239694,"COMMON_ACS":1000000000,"CURRENTDEBT_DEBT":65.285172221078,"ISSUED_COMMON_SHARES":669006908,"HK_COMMON_SHARES":669006908,"PER_SHARES":1000,"TOTAL_MARKET_CAP":2388354661.56,"HKSK_MARKET_CAP":2388354661.56,"PE_TTM":-8.49249258302,"PB_TTM":0.999318079299,"REPORT_DATE_SQ":"2019-12-31 00:00:00","REPORT_TYPE_SQ":"2019年年报","OPERATE_INCOME_SQ":18699000,"DPS_HKD":null,"OPERATE_INCOME_QOQ_SQ":69.636215186428,"NET_PROFIT_RATIO_SQ":-2844.9489277501,"HOLDER_PROFIT_SQ":-531977000,"HOLDER_PROFIT_QOQ_SQ":-94.502151681675,"ROE_AVG_SQ":163.04733940905,"PE_TTM_SQ":-5.326866366888,"PB_TTM_SQ":1.163231260461,"ROA_SQ":-100.958961823717,"START_DATE":"2020-01-01 00:00:00","FISCAL_YEAR":"12-31","CURRENCY":"HKD","IS_CNY_CODE":0,"DPS_HKD_LY":null,"ORG_TYPE":"一般企业","PREMIUM_INCOME":null,"PREMIUM_INCOME_YOY":null,"NET_INTEREST_INCOME":null,"NET_INTEREST_INCOME_YOY":null,"FEE_COMMISSION_INCOME":null,"FEE_COMMISSION_INCOME_YOY":null,"ACCOUNTS_RECE_TDAYS":null,"INVENTORY_TDAYS":0.737050043898,"CURRENT_ASSETS_TDAYS":0.024925129502,"TOTAL_ASSETS_TDAYS":0.02055716266,"PREMIUM_EXPENSE":null,"LOAN_DEPOSIT":null,"LOAN_EQUITY":null,"LOAN_ASSETS":null,"DEPOSIT_EQUITY":null,"DEPOSIT_ASSETS":null,"EQUITY_MULTIPLIER":1.024169156369,"EQUITY_RATIO":0.024169156369},{"SECUCODE":"09996.HK","SECURITY_CODE":"09996","SECURITY_NAME_ABBR":"沛嘉医疗-B","ORG_CODE":"10000074110","STD_REPORT_DATE":"2020-06-30 00:00:00","REPORT_DATE":"2020-06-30 00:00:00","DATE_TYPE_CODE":"002","REPORT_TYPE":"2020年中报","PER_NETCASH_OPERATE":-0.167672589498,"PER_OI":0.022497385127,"BPS":4.647554401636,"BASIC_EPS":-8.68,"DILUTED_EPS":-8.68,"OPERATE_INCOME":14239000,"OPERATE_INCOME_YOY":171.7885092575,"GROSS_PROFIT":8954000,"GROSS_PROFIT_YOY":162.734741784038,"HOLDER_PROFIT":-1788926000,"HOLDER_PROFIT_YOY":-1239.1167003518,"GROSS_PROFIT_RATIO":62.883629468362,"EPS_TTM":-3.455918460211,"OPERATE_INCOME_QOQ":48.13091609177,"NET_PROFIT_RATIO":-12563.5648570827,"ROE_AVG":-140.250721274461,"GROSS_PROFIT_QOQ":46.166652792808,"ROA":-88.226241364728,"HOLDER_PROFIT_QOQ":-311.16683616021,"ROE_YEARLY":-280.501442548921,"ROIC_YEARLY":-749.224830145297,"TOTAL_ASSETS":3175831000,"TOTAL_LIABILITIES":66585000,"TAX_EBT":null,"OCF_SALES":-745.298124868319,"TOTAL_PARENT_EQUITY":3109246000,"DEBT_ASSET_RATIO":2.0966166021,"OPERATE_PROFIT":-98328000,"PRETAX_PROFIT":-1788926000,"NETCASH_OPERATE":-106123000,"NETCASH_INVEST":-203496000,"NETCASH_FINANCE":2377071000,"END_CASH":2595607000,"DIVI_RATIO":null,"DIVIDEND_RATE":null,"CURRENT_RATIO":67.752838344972,"COMMON_ACS":1000000000,"CURRENTDEBT_DEBT":63.230457310205,"ISSUED_COMMON_SHARES":669006908,"HK_COMMON_SHARES":669006908,"PER_SHARES":1000,"TOTAL_MARKET_CAP":2388354661.56,"HKSK_MARKET_CAP":2388354661.56,"PE_TTM":-8.49249258302,"PB_TTM":0.999318079299,"REPORT_DATE_SQ":"2019-06-30 00:00:00","REPORT_TYPE_SQ":"2019年中报","OPERATE_INCOME_SQ":5239000,"DPS_HKD":null,"OPERATE_INCOME_QOQ_SQ":null,"NET_PROFIT_RATIO_SQ":-2549.9141057454,"HOLDER_PROFIT_SQ":-133590000,"HOLDER_PROFIT_QOQ_SQ":0,"ROE_AVG_SQ":null,"PE_TTM_SQ":-5.326866366888,"PB_TTM_SQ":1.163231260461,"ROA_SQ":null,"START_DATE":"2020-01-01 00:00:00","FISCAL_YEAR":"12-31","CURRENCY":"HKD","IS_CNY_CODE":0,"DPS_HKD_LY":null,"ORG_TYPE":"一般企业","PREMIUM_INCOME":null,"PREMIUM_INCOME_YOY":null,"NET_INTEREST_INCOME":null,"NET_INTEREST_INCOME_YOY":null,"FEE_COMMISSION_INCOME":null,"FEE_COMMISSION_INCOME_YOY":null,"ACCOUNTS_RECE_TDAYS":null,"INVENTORY_TDAYS":0.398507012517,"CURRENT_ASSETS_TDAYS":0.008350937611,"TOTAL_ASSETS_TDAYS":0.007022389136,"PREMIUM_EXPENSE":null,"LOAN_DEPOSIT":null,"LOAN_EQUITY":null,"LOAN_ASSETS":null,"DEPOSIT_EQUITY":null,"DEPOSIT_ASSETS":null,"EQUITY_MULTIPLIER":1.021415159817,"EQUITY_RATIO":0.021415159817}],"count":14},"success":true,"message":"ok","code":0}