{"version":"3a27f7cebe20a06d686da931d5a5f9bc","result":{"pages":3,"data":[{"SECUCODE":"09995.HK","SECURITY_CODE":"09995","SECURITY_NAME_ABBR":"荣昌生物","ORG_CODE":"10000078134","STD_REPORT_DATE":"2024-09-30 00:00:00","REPORT_DATE":"2024-09-30 00:00:00","DATE_TYPE_CODE":"004","REPORT_TYPE":"2024年三季报","PER_NETCASH_OPERATE":-1.534179397028,"PER_OI":2.220839663845,"BPS":4.351535786308,"BASIC_EPS":-1.99,"DILUTED_EPS":-1.99,"OPERATE_INCOME":1208874280.23,"OPERATE_INCOME_YOY":57.1047325952,"GROSS_PROFIT":964129415.13,"GROSS_PROFIT_YOY":62.950166592735,"HOLDER_PROFIT":-1071426638.9,"HOLDER_PROFIT_YOY":-3.9628701403,"GROSS_PROFIT_RATIO":79.754316135055,"EPS_TTM":-2.851328862973,"OPERATE_INCOME_QOQ":8.507185483346,"NET_PROFIT_RATIO":-88.6301128597,"ROE_AVG":-36.907892081345,"GROSS_PROFIT_QOQ":11.00235633788,"ROA":-19.062908875991,"HOLDER_PROFIT_QOQ":2.282730237539,"ROE_YEARLY":-49.210522775127,"ROIC_YEARLY":-21.756093697361,"TOTAL_ASSETS":5712713413,"TOTAL_LIABILITIES":3344032874.19,"TAX_EBT":null,"OCF_SALES":-69.081051730302,"TOTAL_PARENT_EQUITY":2368680538.81,"DEBT_ASSET_RATIO":58.5366818258,"OPERATE_PROFIT":-1021929115.86,"PRETAX_PROFIT":-1071426638.9,"NETCASH_OPERATE":-835103066.88,"NETCASH_INVEST":-425806457.43,"NETCASH_FINANCE":1202058446.84,"END_CASH":662006223.96,"DIVI_RATIO":null,"DIVIDEND_RATE":null,"CURRENT_RATIO":1.356418555568,"COMMON_ACS":null,"CURRENTDEBT_DEBT":55.645026051388,"ISSUED_COMMON_SHARES":544332083,"HK_COMMON_SHARES":189581239,"PER_SHARES":500,"TOTAL_MARKET_CAP":8720199969.66,"HKSK_MARKET_CAP":3037091448.78,"PE_TTM":-5.032915044481,"PB_TTM":3.319902790517,"REPORT_DATE_SQ":"2023-09-30 00:00:00","REPORT_TYPE_SQ":"2023年三季报","OPERATE_INCOME_SQ":769470314.65,"DPS_HKD":null,"OPERATE_INCOME_QOQ_SQ":15.457010303448,"NET_PROFIT_RATIO_SQ":-133.9344533478,"HOLDER_PROFIT_SQ":-1030585859.6,"HOLDER_PROFIT_QOQ_SQ":-10.562543643957,"ROE_AVG_SQ":-23.064534802068,"PE_TTM_SQ":-7.251222391186,"PB_TTM_SQ":2.489749505042,"ROA_SQ":-17.867999497687,"START_DATE":"2024-01-01 00:00:00","FISCAL_YEAR":"12-31","CURRENCY":"HKD","IS_CNY_CODE":0,"DPS_HKD_LY":null,"ORG_TYPE":"一般企业","PREMIUM_INCOME":null,"PREMIUM_INCOME_YOY":null,"NET_INTEREST_INCOME":null,"NET_INTEREST_INCOME_YOY":null,"FEE_COMMISSION_INCOME":null,"FEE_COMMISSION_INCOME_YOY":null,"ACCOUNTS_RECE_TDAYS":2.534888549044,"INVENTORY_TDAYS":0.329190987975,"CURRENT_ASSETS_TDAYS":0.50868481329,"TOTAL_ASSETS_TDAYS":0.21508388358,"PREMIUM_EXPENSE":null,"LOAN_DEPOSIT":null,"LOAN_EQUITY":null,"LOAN_ASSETS":null,"DEPOSIT_EQUITY":null,"DEPOSIT_ASSETS":null,"EQUITY_MULTIPLIER":2.411770316593,"EQUITY_RATIO":1.411770316596},{"SECUCODE":"09995.HK","SECURITY_CODE":"09995","SECURITY_NAME_ABBR":"荣昌生物","ORG_CODE":"10000078134","STD_REPORT_DATE":"2024-06-30 00:00:00","REPORT_DATE":"2024-06-30 00:00:00","DATE_TYPE_CODE":"002","REPORT_TYPE":"2024年中报","PER_NETCASH_OPERATE":-1.517970418804,"PER_OI":1.358832270043,"BPS":4.895191893365,"BASIC_EPS":-1.45,"DILUTED_EPS":-1.45,"OPERATE_INCOME":739656000,"OPERATE_INCOME_YOY":76.4981280111,"GROSS_PROFIT":570385000,"GROSS_PROFIT_YOY":80.263132944396,"HOLDER_PROFIT":-780460000,"HOLDER_PROFIT_YOY":-10.9613541818,"GROSS_PROFIT_RATIO":77.114902062581,"EPS_TTM":-2.917937504705,"OPERATE_INCOME_QOQ":12.790429466169,"NET_PROFIT_RATIO":-105.5166185362,"ROE_AVG":-25.580976227867,"GROSS_PROFIT_QOQ":15.067663834363,"ROA":-13.83453368762,"HOLDER_PROFIT_QOQ":-3.381394471313,"ROE_YEARLY":-51.161952455734,"ROIC_YEARLY":-31.588279803532,"TOTAL_ASSETS":5754537000,"TOTAL_LIABILITIES":3089927000,"TAX_EBT":null,"OCF_SALES":-111.71139015975,"TOTAL_PARENT_EQUITY":2664610000,"DEBT_ASSET_RATIO":53.6954927912,"OPERATE_PROFIT":-748593000,"PRETAX_PROFIT":-780460000,"NETCASH_OPERATE":-826280000,"NETCASH_INVEST":-328282000,"NETCASH_FINANCE":1099497000,"END_CASH":673322000,"DIVI_RATIO":null,"DIVIDEND_RATE":null,"CURRENT_RATIO":1.512883183251,"COMMON_ACS":null,"CURRENTDEBT_DEBT":53.348444801447,"ISSUED_COMMON_SHARES":544332083,"HK_COMMON_SHARES":189581239,"PER_SHARES":500,"TOTAL_MARKET_CAP":9242758769.34,"HKSK_MARKET_CAP":3219089438.22,"PE_TTM":-5.334512949768,"PB_TTM":3.518848276092,"REPORT_DATE_SQ":"2023-06-30 00:00:00","REPORT_TYPE_SQ":"2023年中报","OPERATE_INCOME_SQ":419073000,"DPS_HKD":null,"OPERATE_INCOME_QOQ_SQ":6.64098170998,"NET_PROFIT_RATIO_SQ":-167.8375843827,"HOLDER_PROFIT_SQ":-703362000,"HOLDER_PROFIT_QOQ_SQ":-17.116848323511,"ROE_AVG_SQ":-15.166096487805,"PE_TTM_SQ":-13.677040575111,"PB_TTM_SQ":4.696091660864,"ROA_SQ":-11.868780956007,"START_DATE":"2024-01-01 00:00:00","FISCAL_YEAR":"12-31","CURRENCY":"HKD","IS_CNY_CODE":0,"DPS_HKD_LY":null,"ORG_TYPE":"一般企业","PREMIUM_INCOME":null,"PREMIUM_INCOME_YOY":null,"NET_INTEREST_INCOME":null,"NET_INTEREST_INCOME_YOY":null,"FEE_COMMISSION_INCOME":null,"FEE_COMMISSION_INCOME_YOY":null,"ACCOUNTS_RECE_TDAYS":1.539278896457,"INVENTORY_TDAYS":0.228403532563,"CURRENT_ASSETS_TDAYS":0.313226950385,"TOTAL_ASSETS_TDAYS":0.131112367697,"PREMIUM_EXPENSE":null,"LOAN_DEPOSIT":null,"LOAN_EQUITY":null,"LOAN_ASSETS":null,"DEPOSIT_EQUITY":null,"DEPOSIT_ASSETS":null,"EQUITY_MULTIPLIER":2.159616979597,"EQUITY_RATIO":1.159616979596},{"SECUCODE":"09995.HK","SECURITY_CODE":"09995","SECURITY_NAME_ABBR":"荣昌生物","ORG_CODE":"10000078134","STD_REPORT_DATE":"2024-03-31 00:00:00","REPORT_DATE":"2024-03-31 00:00:00","DATE_TYPE_CODE":"003","REPORT_TYPE":"2024年一季报","PER_NETCASH_OPERATE":-0.78314312741,"PER_OI":0.607046347147,"BPS":5.655650827658,"BASIC_EPS":-0.65,"DILUTED_EPS":-0.65,"OPERATE_INCOME":330434802.62,"OPERATE_INCOME_YOY":96.4079781455,"GROSS_PROFIT":256075148.1,"GROSS_PROFIT_YOY":78.908371689755,"HOLDER_PROFIT":-348921696.49,"HOLDER_PROFIT_YOY":-7.7668421859,"GROSS_PROFIT_RATIO":77.49642170546,"EPS_TTM":-2.822497722755,"OPERATE_INCOME_QOQ":15.072139112375,"NET_PROFIT_RATIO":-105.5947175429,"ROE_AVG":-10.709985167403,"GROSS_PROFIT_QOQ":13.72344613691,"ROA":-6.340053964107,"HOLDER_PROFIT_QOQ":-1.664014169262,"ROE_YEARLY":-42.839940669612,"ROIC_YEARLY":-28.903512056422,"TOTAL_ASSETS":5478656892.82,"TOTAL_LIABILITIES":2400104697.08,"TAX_EBT":null,"OCF_SALES":-129.008786740976,"TOTAL_PARENT_EQUITY":3078552195.74,"DEBT_ASSET_RATIO":43.8082680488,"OPERATE_PROFIT":-338210025.18,"PRETAX_PROFIT":-348921696.49,"NETCASH_OPERATE":-426289929.83,"NETCASH_INVEST":-81362490.71,"NETCASH_FINANCE":401987661.35,"END_CASH":619732575.42,"DIVI_RATIO":null,"DIVIDEND_RATE":null,"CURRENT_RATIO":1.716952689717,"COMMON_ACS":null,"CURRENTDEBT_DEBT":53.439459027785,"ISSUED_COMMON_SHARES":544332083,"HK_COMMON_SHARES":189581239,"PER_SHARES":500,"TOTAL_MARKET_CAP":9242758769.34,"HKSK_MARKET_CAP":3219089438.22,"PE_TTM":-5.334512949768,"PB_TTM":3.518848276092,"REPORT_DATE_SQ":"2023-03-31 00:00:00","REPORT_TYPE_SQ":"2023年一季报","OPERATE_INCOME_SQ":168238991.99,"DPS_HKD":null,"OPERATE_INCOME_QOQ_SQ":2.357972631305,"NET_PROFIT_RATIO_SQ":-192.4492223653,"HOLDER_PROFIT_SQ":-323774631.8,"HOLDER_PROFIT_QOQ_SQ":-3.698739089735,"ROE_AVG_SQ":-6.702711932804,"PE_TTM_SQ":-13.677040575111,"PB_TTM_SQ":4.696091660864,"ROA_SQ":-5.534805008726,"START_DATE":"2024-01-01 00:00:00","FISCAL_YEAR":"12-31","CURRENCY":"HKD","IS_CNY_CODE":0,"DPS_HKD_LY":null,"ORG_TYPE":"一般企业","PREMIUM_INCOME":null,"PREMIUM_INCOME_YOY":null,"NET_INTEREST_INCOME":null,"NET_INTEREST_INCOME_YOY":null,"FEE_COMMISSION_INCOME":null,"FEE_COMMISSION_INCOME_YOY":null,"ACCOUNTS_RECE_TDAYS":0.74322221499,"INVENTORY_TDAYS":0.09960883977,"CURRENT_ASSETS_TDAYS":0.149143410151,"TOTAL_ASSETS_TDAYS":0.060041393278,"PREMIUM_EXPENSE":null,"LOAN_DEPOSIT":null,"LOAN_EQUITY":null,"LOAN_ASSETS":null,"DEPOSIT_EQUITY":null,"DEPOSIT_ASSETS":null,"EQUITY_MULTIPLIER":1.779621245468,"EQUITY_RATIO":0.779621245468},{"SECUCODE":"09995.HK","SECURITY_CODE":"09995","SECURITY_NAME_ABBR":"荣昌生物","ORG_CODE":"10000078134","STD_REPORT_DATE":"2023-12-31 00:00:00","REPORT_DATE":"2023-12-31 00:00:00","DATE_TYPE_CODE":"001","REPORT_TYPE":"2023年年报","PER_NETCASH_OPERATE":-2.759381019327,"PER_OI":1.977224235468,"BPS":6.314654431273,"BASIC_EPS":-2.8,"DILUTED_EPS":-2.8,"OPERATE_INCOME":1076130000,"OPERATE_INCOME_YOY":40.1621568819,"GROSS_PROFIT":822994000,"GROSS_PROFIT_YOY":65.314280204726,"HOLDER_PROFIT":-1511229000,"HOLDER_PROFIT_YOY":-51.2999209075,"GROSS_PROFIT_RATIO":76.477191417394,"EPS_TTM":-2.7766520812,"OPERATE_INCOME_QOQ":11.215329967862,"NET_PROFIT_RATIO":-140.4318251512,"ROE_AVG":-35.906542613432,"GROSS_PROFIT_QOQ":10.700372761855,"ROA":-26.169749963505,"HOLDER_PROFIT_QOQ":-12.677661952347,"ROE_YEARLY":-35.906542613432,"ROIC_YEARLY":-34.527768937074,"TOTAL_ASSETS":5528240704.59,"TOTAL_LIABILITIES":2090972550.7,"TAX_EBT":null,"OCF_SALES":-139.558324737718,"TOTAL_PARENT_EQUITY":3437268153.89,"DEBT_ASSET_RATIO":37.823482072,"OPERATE_PROFIT":-1488093000,"PRETAX_PROFIT":-1511229000,"NETCASH_OPERATE":-1501829000,"NETCASH_INVEST":-817650000,"NETCASH_FINANCE":978307000,"END_CASH":726552000,"DIVI_RATIO":null,"DIVIDEND_RATE":null,"CURRENT_RATIO":1.95943091282,"COMMON_ACS":null,"CURRENTDEBT_DEBT":53.952049731228,"ISSUED_COMMON_SHARES":544332083,"HK_COMMON_SHARES":189581239,"PER_SHARES":500,"TOTAL_MARKET_CAP":9242758769.34,"HKSK_MARKET_CAP":3219089438.22,"PE_TTM":-5.334512949768,"PB_TTM":3.518848276092,"REPORT_DATE_SQ":"2022-12-31 00:00:00","REPORT_TYPE_SQ":"2022年年报","OPERATE_INCOME_SQ":767775000,"DPS_HKD":null,"OPERATE_INCOME_QOQ_SQ":-59.139846642972,"NET_PROFIT_RATIO_SQ":-130.0941030901,"HOLDER_PROFIT_SQ":-998830000,"HOLDER_PROFIT_QOQ_SQ":-461.504397178223,"ROE_AVG_SQ":-23.706252561791,"PE_TTM_SQ":-13.677040575111,"PB_TTM_SQ":4.696091660864,"ROA_SQ":-19.622608148992,"START_DATE":"2023-01-01 00:00:00","FISCAL_YEAR":"12-31","CURRENCY":"HKD","IS_CNY_CODE":0,"DPS_HKD_LY":null,"ORG_TYPE":"一般企业","PREMIUM_INCOME":null,"PREMIUM_INCOME_YOY":null,"NET_INTEREST_INCOME":null,"NET_INTEREST_INCOME_YOY":null,"FEE_COMMISSION_INCOME":null,"FEE_COMMISSION_INCOME_YOY":null,"ACCOUNTS_RECE_TDAYS":3.067622580751,"INVENTORY_TDAYS":0.400457826999,"CURRENT_ASSETS_TDAYS":0.3955581539,"TOTAL_ASSETS_TDAYS":0.186351989197,"PREMIUM_EXPENSE":null,"LOAN_DEPOSIT":null,"LOAN_EQUITY":null,"LOAN_ASSETS":null,"DEPOSIT_EQUITY":null,"DEPOSIT_ASSETS":null,"EQUITY_MULTIPLIER":1.608324224843,"EQUITY_RATIO":0.608323952943},{"SECUCODE":"09995.HK","SECURITY_CODE":"09995","SECURITY_NAME_ABBR":"荣昌生物","ORG_CODE":"10000078134","STD_REPORT_DATE":"2023-09-30 00:00:00","REPORT_DATE":"2023-09-30 00:00:00","DATE_TYPE_CODE":"004","REPORT_TYPE":"2023年三季报","PER_NETCASH_OPERATE":-2.048204957044,"PER_OI":1.413783980187,"BPS":7.268065949348,"BASIC_EPS":-1.91,"DILUTED_EPS":-1.91,"OPERATE_INCOME":769470314.65,"OPERATE_INCOME_YOY":35.0810773405,"GROSS_PROFIT":591671328.29,"GROSS_PROFIT_YOY":70.971410184893,"HOLDER_PROFIT":-1030585859.6,"HOLDER_PROFIT_YOY":-49.7467389468,"GROSS_PROFIT_RATIO":76.893327400048,"EPS_TTM":-2.46424360702,"OPERATE_INCOME_QOQ":15.457010303448,"NET_PROFIT_RATIO":-133.9344533478,"ROE_AVG":-23.064534802068,"GROSS_PROFIT_QOQ":17.451237697874,"ROA":-17.867999497687,"HOLDER_PROFIT_QOQ":-10.562543643957,"ROE_YEARLY":-30.752713069424,"ROIC_YEARLY":-23.270735971342,"TOTAL_ASSETS":5514357338.62,"TOTAL_LIABILITIES":1558115861.03,"TAX_EBT":null,"OCF_SALES":-144.873968424248,"TOTAL_PARENT_EQUITY":3956241477.59,"DEBT_ASSET_RATIO":28.2556201086,"OPERATE_PROFIT":-1034930526.1,"PRETAX_PROFIT":-1030585859.6,"NETCASH_OPERATE":-1114762180.68,"NETCASH_INVEST":-920368662.19,"NETCASH_FINANCE":511628581.19,"END_CASH":546094957.35,"DIVI_RATIO":null,"DIVIDEND_RATE":null,"CURRENT_RATIO":2.812244898167,"COMMON_ACS":null,"CURRENTDEBT_DEBT":51.010873345105,"ISSUED_COMMON_SHARES":544332083,"HK_COMMON_SHARES":189581239,"PER_SHARES":500,"TOTAL_MARKET_CAP":6597304845.96,"HKSK_MARKET_CAP":2297724616.68,"PE_TTM":-3.807673554252,"PB_TTM":2.511686755373,"REPORT_DATE_SQ":"2022-09-30 00:00:00","REPORT_TYPE_SQ":"2022年三季报","OPERATE_INCOME_SQ":569635902.97,"DPS_HKD":null,"OPERATE_INCOME_QOQ_SQ":7.774188808189,"NET_PROFIT_RATIO_SQ":-120.8173906054,"HOLDER_PROFIT_SQ":-688219233.92,"HOLDER_PROFIT_QOQ_SQ":19.519048612523,"ROE_AVG_SQ":-15.795395073286,"PE_TTM_SQ":-12.610819670062,"PB_TTM_SQ":4.329998493754,"ROA_SQ":-13.587057054437,"START_DATE":"2023-01-01 00:00:00","FISCAL_YEAR":"12-31","CURRENCY":"HKD","IS_CNY_CODE":0,"DPS_HKD_LY":null,"ORG_TYPE":"一般企业","PREMIUM_INCOME":null,"PREMIUM_INCOME_YOY":null,"NET_INTEREST_INCOME":null,"NET_INTEREST_INCOME_YOY":null,"FEE_COMMISSION_INCOME":null,"FEE_COMMISSION_INCOME_YOY":null,"ACCOUNTS_RECE_TDAYS":2.216676003219,"INVENTORY_TDAYS":0.28700670325,"CURRENT_ASSETS_TDAYS":0.282512616348,"TOTAL_ASSETS_TDAYS":0.133408537169,"PREMIUM_EXPENSE":null,"LOAN_DEPOSIT":null,"LOAN_EQUITY":null,"LOAN_ASSETS":null,"DEPOSIT_EQUITY":null,"DEPOSIT_ASSETS":null,"EQUITY_MULTIPLIER":1.393837400942,"EQUITY_RATIO":0.393837400941},{"SECUCODE":"09995.HK","SECURITY_CODE":"09995","SECURITY_NAME_ABBR":"荣昌生物","ORG_CODE":"10000078134","STD_REPORT_DATE":"2023-06-30 00:00:00","REPORT_DATE":"2023-06-30 00:00:00","DATE_TYPE_CODE":"002","REPORT_TYPE":"2023年中报","PER_NETCASH_OPERATE":-1.330467064652,"PER_OI":0.769982522586,"BPS":7.890683158575,"BASIC_EPS":-1.3,"DILUTED_EPS":-1.3,"OPERATE_INCOME":419073000,"OPERATE_INCOME_YOY":20.1543097492,"GROSS_PROFIT":316418000,"GROSS_PROFIT_YOY":74.552335139071,"HOLDER_PROFIT":-703362000,"HOLDER_PROFIT_YOY":-43.7997571178,"GROSS_PROFIT_RATIO":75.504267752874,"EPS_TTM":-2.228823185323,"OPERATE_INCOME_QOQ":6.64098170998,"NET_PROFIT_RATIO":-167.8375843827,"ROE_AVG":-15.166096487805,"GROSS_PROFIT_QOQ":7.587116684534,"ROA":-11.868780956007,"HOLDER_PROFIT_QOQ":-17.116848323511,"ROE_YEARLY":-30.332192975609,"ROIC_YEARLY":-32.474865997581,"TOTAL_ASSETS":5831113000,"TOTAL_LIABILITIES":1535961000,"TAX_EBT":null,"OCF_SALES":-172.79185249348,"TOTAL_PARENT_EQUITY":4295152000,"DEBT_ASSET_RATIO":26.3407860558,"OPERATE_PROFIT":-697365000,"PRETAX_PROFIT":-703362000,"NETCASH_OPERATE":-724124000,"NETCASH_INVEST":-726010000,"NETCASH_FINANCE":481741000,"END_CASH":1119661000,"DIVI_RATIO":null,"DIVIDEND_RATE":null,"CURRENT_RATIO":3.168805307195,"COMMON_ACS":null,"CURRENTDEBT_DEBT":56.72474756846,"ISSUED_COMMON_SHARES":544332083,"HK_COMMON_SHARES":189581239,"PER_SHARES":500,"TOTAL_MARKET_CAP":9242758769.34,"HKSK_MARKET_CAP":3219089438.22,"PE_TTM":-5.334512949768,"PB_TTM":3.518848276092,"REPORT_DATE_SQ":"2022-06-30 00:00:00","REPORT_TYPE_SQ":"2022年中报","OPERATE_INCOME_SQ":348779000,"DPS_HKD":null,"OPERATE_INCOME_QOQ_SQ":11.067550509622,"NET_PROFIT_RATIO_SQ":-140.2395213015,"HOLDER_PROFIT_SQ":-489126000,"HOLDER_PROFIT_QOQ_SQ":32.927802466405,"ROE_AVG_SQ":-11.000215224829,"PE_TTM_SQ":-13.677040575111,"PB_TTM_SQ":4.696091660864,"ROA_SQ":-9.526797880571,"START_DATE":"2023-01-01 00:00:00","FISCAL_YEAR":"12-31","CURRENCY":"HKD","IS_CNY_CODE":0,"DPS_HKD_LY":null,"ORG_TYPE":"一般企业","PREMIUM_INCOME":null,"PREMIUM_INCOME_YOY":null,"NET_INTEREST_INCOME":null,"NET_INTEREST_INCOME_YOY":null,"FEE_COMMISSION_INCOME":null,"FEE_COMMISSION_INCOME_YOY":null,"ACCOUNTS_RECE_TDAYS":1.625949356038,"INVENTORY_TDAYS":0.166764001849,"CURRENT_ASSETS_TDAYS":0.140321910697,"TOTAL_ASSETS_TDAYS":0.07071587094,"PREMIUM_EXPENSE":null,"LOAN_DEPOSIT":null,"LOAN_EQUITY":null,"LOAN_ASSETS":null,"DEPOSIT_EQUITY":null,"DEPOSIT_ASSETS":null,"EQUITY_MULTIPLIER":1.357603409612,"EQUITY_RATIO":0.357603409612},{"SECUCODE":"09995.HK","SECURITY_CODE":"09995","SECURITY_NAME_ABBR":"荣昌生物","ORG_CODE":"10000078134","STD_REPORT_DATE":"2023-03-31 00:00:00","REPORT_DATE":"2023-03-31 00:00:00","DATE_TYPE_CODE":"003","REPORT_TYPE":"2023年一季报","PER_NETCASH_OPERATE":-0.642787394057,"PER_OI":0.309113408522,"BPS":8.598985952662,"BASIC_EPS":-0.6,"DILUTED_EPS":-0.6,"OPERATE_INCOME":168238991.99,"OPERATE_INCOME_YOY":12.058424895,"GROSS_PROFIT":143132009.8,"GROSS_PROFIT_YOY":171.978665688765,"HOLDER_PROFIT":-323774631.8,"HOLDER_PROFIT_YOY":-12.8801203393,"GROSS_PROFIT_RATIO":85.076597349387,"EPS_TTM":-1.903076472111,"OPERATE_INCOME_QOQ":2.357972631305,"NET_PROFIT_RATIO":-192.4492223653,"ROE_AVG":-6.702711932804,"GROSS_PROFIT_QOQ":18.179846302799,"ROA":-5.534805008726,"HOLDER_PROFIT_QOQ":-3.698739089735,"ROE_YEARLY":-26.810847731215,"ROIC_YEARLY":-30.910149827006,"TOTAL_ASSETS":5678394849.53,"TOTAL_LIABILITIES":997690914.23,"TAX_EBT":null,"OCF_SALES":-207.945490662946,"TOTAL_PARENT_EQUITY":4680703935.3,"DEBT_ASSET_RATIO":17.5699460969,"OPERATE_PROFIT":-330635076.08,"PRETAX_PROFIT":-323774631.8,"NETCASH_OPERATE":-349845397.38,"NETCASH_INVEST":-584089411.54,"NETCASH_FINANCE":-47838016.27,"END_CASH":1086332437.19,"DIVI_RATIO":null,"DIVIDEND_RATE":null,"CURRENT_RATIO":3.249859723613,"COMMON_ACS":null,"CURRENTDEBT_DEBT":85.566506143725,"ISSUED_COMMON_SHARES":544332083,"HK_COMMON_SHARES":189581239,"PER_SHARES":500,"TOTAL_MARKET_CAP":9242758769.34,"HKSK_MARKET_CAP":3219089438.22,"PE_TTM":-5.334512949768,"PB_TTM":3.518848276092,"REPORT_DATE_SQ":"2022-03-31 00:00:00","REPORT_TYPE_SQ":"2022年一季报","OPERATE_INCOME_SQ":150135067.62,"DPS_HKD":null,"OPERATE_INCOME_QOQ_SQ":10.243227093578,"NET_PROFIT_RATIO_SQ":-191.0483144924,"HOLDER_PROFIT_SQ":-286830516.15,"HOLDER_PROFIT_QOQ_SQ":-37.047906435289,"ROE_AVG_SQ":-6.293818849874,"PE_TTM_SQ":-13.677040575111,"PB_TTM_SQ":4.696091660864,"ROA_SQ":-5.461174836709,"START_DATE":"2023-01-01 00:00:00","FISCAL_YEAR":"12-31","CURRENCY":"HKD","IS_CNY_CODE":0,"DPS_HKD_LY":null,"ORG_TYPE":"一般企业","PREMIUM_INCOME":null,"PREMIUM_INCOME_YOY":null,"NET_INTEREST_INCOME":null,"NET_INTEREST_INCOME_YOY":null,"FEE_COMMISSION_INCOME":null,"FEE_COMMISSION_INCOME_YOY":null,"ACCOUNTS_RECE_TDAYS":0.650006493985,"INVENTORY_TDAYS":0.04377882281,"CURRENT_ASSETS_TDAYS":0.056206049536,"TOTAL_ASSETS_TDAYS":0.028759820075,"PREMIUM_EXPENSE":null,"LOAN_DEPOSIT":null,"LOAN_EQUITY":null,"LOAN_ASSETS":null,"DEPOSIT_EQUITY":null,"DEPOSIT_ASSETS":null,"EQUITY_MULTIPLIER":1.213149758674,"EQUITY_RATIO":0.213149758673},{"SECUCODE":"09995.HK","SECURITY_CODE":"09995","SECURITY_NAME_ABBR":"荣昌生物","ORG_CODE":"10000078134","STD_REPORT_DATE":"2022-12-31 00:00:00","REPORT_DATE":"2022-12-31 00:00:00","DATE_TYPE_CODE":"001","REPORT_TYPE":"2022年年报","PER_NETCASH_OPERATE":-2.321835202897,"PER_OI":1.410669098888,"BPS":9.149378027751,"BASIC_EPS":-1.88,"DILUTED_EPS":-1.88,"OPERATE_INCOME":767775000,"OPERATE_INCOME_YOY":-46.0795054716,"GROSS_PROFIT":497836000,"GROSS_PROFIT_YOY":-63.30642813393,"HOLDER_PROFIT":-998830000,"HOLDER_PROFIT_YOY":-461.556950387,"GROSS_PROFIT_RATIO":64.841392334994,"EPS_TTM":-1.835197311767,"OPERATE_INCOME_QOQ":-59.139846642972,"NET_PROFIT_RATIO":-130.0941030901,"ROE_AVG":-23.706252561791,"GROSS_PROFIT_QOQ":-68.857074664361,"ROA":-19.622608148992,"HOLDER_PROFIT_QOQ":-461.504397178223,"ROE_YEARLY":-23.706252561791,"ROIC_YEARLY":-31.437434130277,"TOTAL_ASSETS":6021191000,"TOTAL_LIABILITIES":1040891000,"TAX_EBT":null,"OCF_SALES":-164.59105857836,"TOTAL_PARENT_EQUITY":4980300000,"DEBT_ASSET_RATIO":17.2871280781,"OPERATE_PROFIT":-992073000,"PRETAX_PROFIT":-998830000,"NETCASH_OPERATE":-1263689000,"NETCASH_INVEST":-841557000,"NETCASH_FINANCE":2426949000,"END_CASH":2069180000,"DIVI_RATIO":null,"DIVIDEND_RATE":null,"CURRENT_RATIO":3.599836826362,"COMMON_ACS":null,"CURRENTDEBT_DEBT":85.724730062994,"ISSUED_COMMON_SHARES":544332083,"HK_COMMON_SHARES":189581239,"PER_SHARES":500,"TOTAL_MARKET_CAP":9242758769.34,"HKSK_MARKET_CAP":3219089438.22,"PE_TTM":-5.334512949768,"PB_TTM":3.518848276092,"REPORT_DATE_SQ":"2021-12-31 00:00:00","REPORT_TYPE_SQ":"2021年年报","OPERATE_INCOME_SQ":1423902000,"DPS_HKD":null,"OPERATE_INCOME_QOQ_SQ":4777.71307207454,"NET_PROFIT_RATIO_SQ":19.4014756634,"HOLDER_PROFIT_SQ":276258000,"HOLDER_PROFIT_QOQ_SQ":130.969620942817,"ROE_AVG_SQ":7.847076065293,"PE_TTM_SQ":-13.677040575111,"PB_TTM_SQ":4.696091660864,"ROA_SQ":6.67539779386,"START_DATE":"2022-01-01 00:00:00","FISCAL_YEAR":"12-31","CURRENCY":"HKD","IS_CNY_CODE":0,"DPS_HKD_LY":null,"ORG_TYPE":"一般企业","PREMIUM_INCOME":null,"PREMIUM_INCOME_YOY":null,"NET_INTEREST_INCOME":null,"NET_INTEREST_INCOME_YOY":null,"FEE_COMMISSION_INCOME":null,"FEE_COMMISSION_INCOME_YOY":null,"ACCOUNTS_RECE_TDAYS":5.327386837915,"INVENTORY_TDAYS":0.672337161125,"CURRENT_ASSETS_TDAYS":0.278578492264,"TOTAL_ASSETS_TDAYS":0.150833955444,"PREMIUM_EXPENSE":null,"LOAN_DEPOSIT":null,"LOAN_EQUITY":null,"LOAN_ASSETS":null,"DEPOSIT_EQUITY":null,"DEPOSIT_ASSETS":null,"EQUITY_MULTIPLIER":1.209001666566,"EQUITY_RATIO":0.209001666566},{"SECUCODE":"09995.HK","SECURITY_CODE":"09995","SECURITY_NAME_ABBR":"荣昌生物","ORG_CODE":"10000078134","STD_REPORT_DATE":"2022-09-30 00:00:00","REPORT_DATE":"2022-09-30 00:00:00","DATE_TYPE_CODE":"004","REPORT_TYPE":"2022年三季报","PER_NETCASH_OPERATE":-1.984872843323,"PER_OI":1.046618821838,"BPS":9.677463064601,"BASIC_EPS":-1.32,"DILUTED_EPS":-1.32,"OPERATE_INCOME":569635902.97,"OPERATE_INCOME_YOY":397.4691643371,"GROSS_PROFIT":346064483.91,"GROSS_PROFIT_YOY":231.953088666213,"HOLDER_PROFIT":-688219233.92,"HOLDER_PROFIT_YOY":0.0058351009,"GROSS_PROFIT_RATIO":60.75187362764,"EPS_TTM":0.507655598685,"OPERATE_INCOME_QOQ":7.774188808189,"NET_PROFIT_RATIO":-120.8173906054,"ROE_AVG":-15.795395073286,"GROSS_PROFIT_QOQ":5.622309593045,"ROA":-13.587057054437,"HOLDER_PROFIT_QOQ":19.519048612523,"ROE_YEARLY":-21.060526764382,"ROIC_YEARLY":-21.71424794479,"TOTAL_ASSETS":5971303165.55,"TOTAL_LIABILITIES":703549537.44,"TAX_EBT":null,"OCF_SALES":-189.64620183656,"TOTAL_PARENT_EQUITY":5267753628.11,"DEBT_ASSET_RATIO":11.7821774901,"OPERATE_PROFIT":-741830506.99,"PRETAX_PROFIT":-688219233.92,"NETCASH_OPERATE":-1080292854.28,"NETCASH_INVEST":-1159724231.42,"NETCASH_FINANCE":2438024300.14,"END_CASH":1967108319.61,"DIVI_RATIO":null,"DIVIDEND_RATE":null,"CURRENT_RATIO":5.923071572545,"COMMON_ACS":null,"CURRENTDEBT_DEBT":85.406838211623,"ISSUED_COMMON_SHARES":544332083,"HK_COMMON_SHARES":189581239,"PER_SHARES":500,"TOTAL_MARKET_CAP":9242758769.34,"HKSK_MARKET_CAP":3219089438.22,"PE_TTM":-5.334512949768,"PB_TTM":3.518848276092,"REPORT_DATE_SQ":"2021-09-30 00:00:00","REPORT_TYPE_SQ":"2021年三季报","OPERATE_INCOME_SQ":114506776.26,"DPS_HKD":null,"OPERATE_INCOME_QOQ_SQ":0,"NET_PROFIT_RATIO_SQ":-601.0643361291,"HOLDER_PROFIT_SQ":-688259394.55,"HOLDER_PROFIT_QOQ_SQ":0,"ROE_AVG_SQ":null,"PE_TTM_SQ":-13.677040575111,"PB_TTM_SQ":4.696091660864,"ROA_SQ":null,"START_DATE":"2022-01-01 00:00:00","FISCAL_YEAR":"12-31","CURRENCY":"HKD","IS_CNY_CODE":0,"DPS_HKD_LY":null,"ORG_TYPE":"一般企业","PREMIUM_INCOME":null,"PREMIUM_INCOME_YOY":null,"NET_INTEREST_INCOME":null,"NET_INTEREST_INCOME_YOY":null,"FEE_COMMISSION_INCOME":null,"FEE_COMMISSION_INCOME_YOY":null,"ACCOUNTS_RECE_TDAYS":5.139903637853,"INVENTORY_TDAYS":0.618797999104,"CURRENT_ASSETS_TDAYS":0.194448007506,"TOTAL_ASSETS_TDAYS":0.112459447985,"PREMIUM_EXPENSE":null,"LOAN_DEPOSIT":null,"LOAN_EQUITY":null,"LOAN_ASSETS":null,"DEPOSIT_EQUITY":null,"DEPOSIT_ASSETS":null,"EQUITY_MULTIPLIER":1.133557790874,"EQUITY_RATIO":0.133557790874}],"count":22},"success":true,"message":"ok","code":0}