{"version":"91c8c459e650caf84018a2698b4f3d97","result":{"pages":3,"data":[{"SECUCODE":"09999.HK","SECURITY_CODE":"09999","SECURITY_NAME_ABBR":"网易-S","ORG_CODE":"10087978","STD_REPORT_DATE":"2024-09-30 00:00:00","REPORT_DATE":"2024-09-30 00:00:00","DATE_TYPE_CODE":"004","REPORT_TYPE":"2024年三季报","PER_NETCASH_OPERATE":8.304706929443,"PER_OI":24.463634431423,"BPS":41.158231246612,"BASIC_EPS":6.52,"DILUTED_EPS":6.46,"OPERATE_INCOME":78547425000,"OPERATE_INCOME_YOY":2.9077549189,"GROSS_PROFIT":49534743000,"GROSS_PROFIT_YOY":7.129342824089,"HOLDER_PROFIT":20931130000,"HOLDER_PROFIT_YOY":-8.334654081,"GROSS_PROFIT_RATIO":63.063484258077,"EPS_TTM":8.569059880958,"OPERATE_INCOME_QOQ":-0.993485440123,"NET_PROFIT_RATIO":27.1649821748,"ROE_AVG":16.324646798424,"GROSS_PROFIT_QOQ":-0.732532726873,"ROA":11.289067110965,"HOLDER_PROFIT_QOQ":-4.506663682709,"ROE_YEARLY":21.766195731232,"ROIC_YEARLY":32.256227417766,"TOTAL_ASSETS":184896274000,"TOTAL_LIABILITIES":49167949000,"TAX_EBT":16.040088160018,"OCF_SALES":33.94715103646,"TOTAL_PARENT_EQUITY":132150155000,"DEBT_ASSET_RATIO":26.5921794617,"OPERATE_PROFIT":21762543000,"PRETAX_PROFIT":25413788000,"NETCASH_OPERATE":26664613000,"NETCASH_INVEST":-2712125000,"NETCASH_FINANCE":-24872720000,"END_CASH":23183386000,"DIVI_RATIO":0.403960724653,"DIVIDEND_RATE":2.349524923077,"CURRENT_RATIO":3.075311436767,"COMMON_ACS":1000300000000,"CURRENTDEBT_DEBT":92.971150779545,"ISSUED_COMMON_SHARES":3210783141,"HK_COMMON_SHARES":197202000,"PER_SHARES":100,"TOTAL_MARKET_CAP":521752260412.5,"HKSK_MARKET_CAP":32045325000,"PE_TTM":16.946950537344,"PB_TTM":3.560426931905,"REPORT_DATE_SQ":"2023-09-30 00:00:00","REPORT_TYPE_SQ":"2023年三季报","OPERATE_INCOME_SQ":76327994000,"DPS_HKD":3.817978,"OPERATE_INCOME_QOQ_SQ":2.877063757265,"NET_PROFIT_RATIO_SQ":29.7150361373,"HOLDER_PROFIT_SQ":22834289000,"HOLDER_PROFIT_QOQ_SQ":4.434877527057,"ROE_AVG_SQ":20.32333623537,"PE_TTM_SQ":18.545781723628,"PB_TTM_SQ":4.189414687619,"ROA_SQ":13.262795445809,"START_DATE":"2024-01-01 00:00:00","FISCAL_YEAR":"12-31","CURRENCY":"HKD","IS_CNY_CODE":0,"DPS_HKD_LY":3.817978,"ORG_TYPE":"一般企业","PREMIUM_INCOME":null,"PREMIUM_INCOME_YOY":null,"NET_INTEREST_INCOME":null,"NET_INTEREST_INCOME_YOY":null,"FEE_COMMISSION_INCOME":null,"FEE_COMMISSION_INCOME_YOY":null,"ACCOUNTS_RECE_TDAYS":12.472305572136,"INVENTORY_TDAYS":44.326011279858,"CURRENT_ASSETS_TDAYS":0.55457393653,"TOTAL_ASSETS_TDAYS":0.423640363525,"PREMIUM_EXPENSE":null,"LOAN_DEPOSIT":null,"LOAN_EQUITY":null,"LOAN_ASSETS":null,"DEPOSIT_EQUITY":null,"DEPOSIT_ASSETS":null,"EQUITY_MULTIPLIER":1.362252676441,"EQUITY_RATIO":0.372061228381},{"SECUCODE":"09999.HK","SECURITY_CODE":"09999","SECURITY_NAME_ABBR":"网易-S","ORG_CODE":"10087978","STD_REPORT_DATE":"2024-06-30 00:00:00","REPORT_DATE":"2024-06-30 00:00:00","DATE_TYPE_CODE":"002","REPORT_TYPE":"2024年中报","PER_NETCASH_OPERATE":5.01092733251,"PER_OI":16.300554631572,"BPS":40.771955081098,"BASIC_EPS":4.48,"DILUTED_EPS":4.43,"OPERATE_INCOME":52337546000,"OPERATE_INCOME_YOY":6.6859340904,"GROSS_PROFIT":33058138000,"GROSS_PROFIT_YOY":12.934491333498,"HOLDER_PROFIT":14392695000,"HOLDER_PROFIT_YOY":-4.032071957,"GROSS_PROFIT_RATIO":63.163332113432,"EPS_TTM":8.973463711108,"OPERATE_INCOME_QOQ":1.400639683564,"NET_PROFIT_RATIO":27.9549904766,"ROE_AVG":11.279732389829,"GROSS_PROFIT_QOQ":2.55712522058,"ROA":7.795265568372,"HOLDER_PROFIT_QOQ":-4.898417817033,"ROE_YEARLY":22.559464779659,"ROIC_YEARLY":45.220800705237,"TOTAL_ASSETS":183342621000,"TOTAL_LIABILITIES":48997216000,"TAX_EBT":16.00000114825,"OCF_SALES":30.740839473062,"TOTAL_PARENT_EQUITY":130909906000,"DEBT_ASSET_RATIO":26.7244003237,"OPERATE_PROFIT":14615806000,"PRETAX_PROFIT":17417805000,"NETCASH_OPERATE":16089001000,"NETCASH_INVEST":-1991264000,"NETCASH_FINANCE":-16414175000,"END_CASH":21855316000,"DIVI_RATIO":0.385755573383,"DIVIDEND_RATE":2.548716955941,"CURRENT_RATIO":3.008044022048,"COMMON_ACS":1000300000000,"CURRENTDEBT_DEBT":93.735723678668,"ISSUED_COMMON_SHARES":3210783141,"HK_COMMON_SHARES":197202000,"PER_SHARES":100,"TOTAL_MARKET_CAP":480975314521.8,"HKSK_MARKET_CAP":29540859600,"PE_TTM":15.622481172271,"PB_TTM":3.282165873227,"REPORT_DATE_SQ":"2023-06-30 00:00:00","REPORT_TYPE_SQ":"2023年中报","OPERATE_INCOME_SQ":49057588000,"DPS_HKD":3.817978,"OPERATE_INCOME_QOQ_SQ":0.869737300091,"NET_PROFIT_RATIO_SQ":30.3113332845,"HOLDER_PROFIT_SQ":14997401000,"HOLDER_PROFIT_QOQ_SQ":13.00230665756,"ROE_AVG_SQ":13.696500531288,"PE_TTM_SQ":18.063315493329,"PB_TTM_SQ":4.080427579844,"ROA_SQ":8.804735356778,"START_DATE":"2024-01-01 00:00:00","FISCAL_YEAR":"12-31","CURRENCY":"HKD","IS_CNY_CODE":0,"DPS_HKD_LY":3.817978,"ORG_TYPE":"一般企业","PREMIUM_INCOME":null,"PREMIUM_INCOME_YOY":null,"NET_INTEREST_INCOME":null,"NET_INTEREST_INCOME_YOY":null,"FEE_COMMISSION_INCOME":null,"FEE_COMMISSION_INCOME_YOY":null,"ACCOUNTS_RECE_TDAYS":8.185886519587,"INVENTORY_TDAYS":30.365695790332,"CURRENT_ASSETS_TDAYS":0.372713865333,"TOTAL_ASSETS_TDAYS":0.283466765791,"PREMIUM_EXPENSE":null,"LOAN_DEPOSIT":null,"LOAN_EQUITY":null,"LOAN_ASSETS":null,"DEPOSIT_EQUITY":null,"DEPOSIT_ASSETS":null,"EQUITY_MULTIPLIER":1.36471076923,"EQUITY_RATIO":0.374281958464},{"SECUCODE":"09999.HK","SECURITY_CODE":"09999","SECURITY_NAME_ABBR":"网易-S","ORG_CODE":"10087978","STD_REPORT_DATE":"2024-03-31 00:00:00","REPORT_DATE":"2024-03-31 00:00:00","DATE_TYPE_CODE":"003","REPORT_TYPE":"2024年一季报","PER_NETCASH_OPERATE":2.97658502001,"PER_OI":8.362988037752,"BPS":39.640099754716,"BASIC_EPS":2.38,"DILUTED_EPS":2.35,"OPERATE_INCOME":26851741000,"OPERATE_INCOME_YOY":7.2084696626,"GROSS_PROFIT":17015920000,"GROSS_PROFIT_YOY":14.227284633633,"HOLDER_PROFIT":7633946000,"HOLDER_PROFIT_YOY":13.0179074099,"GROSS_PROFIT_RATIO":63.369894711855,"EPS_TTM":9.435661852443,"OPERATE_INCOME_QOQ":1.744936816746,"NET_PROFIT_RATIO":29.0571847837,"ROE_AVG":6.069247310221,"GROSS_PROFIT_QOQ":3.360703992557,"ROA":4.00742749446,"HOLDER_PROFIT_QOQ":2.989174258084,"ROE_YEARLY":24.276989240883,"ROIC_YEARLY":51.301923193946,"TOTAL_ASSETS":195064872000,"TOTAL_LIABILITIES":64426380000,"TAX_EBT":15.997704631756,"OCF_SALES":35.592362521298,"TOTAL_PARENT_EQUITY":127275764000,"DEBT_ASSET_RATIO":33.028181517,"OPERATE_PROFIT":7622483000,"PRETAX_PROFIT":9288270000,"NETCASH_OPERATE":9557169000,"NETCASH_INVEST":12859889000,"NETCASH_FINANCE":-495058000,"END_CASH":46085520000,"DIVI_RATIO":0.366859653646,"DIVIDEND_RATE":2.548716955941,"CURRENT_RATIO":2.527790639879,"COMMON_ACS":1000300000000,"CURRENTDEBT_DEBT":93.206188210482,"ISSUED_COMMON_SHARES":3210783141,"HK_COMMON_SHARES":197202000,"PER_SHARES":100,"TOTAL_MARKET_CAP":480975314521.8,"HKSK_MARKET_CAP":29540859600,"PE_TTM":15.622481172271,"PB_TTM":3.282165873227,"REPORT_DATE_SQ":"2023-03-31 00:00:00","REPORT_TYPE_SQ":"2023年一季报","OPERATE_INCOME_SQ":25046287000,"DPS_HKD":3.817978,"OPERATE_INCOME_QOQ_SQ":1.544569671414,"NET_PROFIT_RATIO_SQ":26.7919712012,"HOLDER_PROFIT_SQ":6754634000,"HOLDER_PROFIT_QOQ_SQ":11.607126701282,"ROE_AVG_SQ":6.33127844174,"PE_TTM_SQ":18.063315493329,"PB_TTM_SQ":4.080427579844,"ROA_SQ":3.848767667645,"START_DATE":"2024-01-01 00:00:00","FISCAL_YEAR":"12-31","CURRENCY":"HKD","IS_CNY_CODE":0,"DPS_HKD_LY":3.817978,"ORG_TYPE":"一般企业","PREMIUM_INCOME":null,"PREMIUM_INCOME_YOY":null,"NET_INTEREST_INCOME":null,"NET_INTEREST_INCOME_YOY":null,"FEE_COMMISSION_INCOME":null,"FEE_COMMISSION_INCOME_YOY":null,"ACCOUNTS_RECE_TDAYS":3.784596296438,"INVENTORY_TDAYS":15.139543850603,"CURRENT_ASSETS_TDAYS":0.182364172595,"TOTAL_ASSETS_TDAYS":0.140957776172,"PREMIUM_EXPENSE":null,"LOAN_DEPOSIT":null,"LOAN_EQUITY":null,"LOAN_ASSETS":null,"DEPOSIT_EQUITY":null,"DEPOSIT_ASSETS":null,"EQUITY_MULTIPLIER":1.493165368137,"EQUITY_RATIO":0.506195193611},{"SECUCODE":"09999.HK","SECURITY_CODE":"09999","SECURITY_NAME_ABBR":"网易-S","ORG_CODE":"10087978","STD_REPORT_DATE":"2023-12-31 00:00:00","REPORT_DATE":"2023-12-31 00:00:00","DATE_TYPE_CODE":"001","REPORT_TYPE":"2023年年报","PER_NETCASH_OPERATE":11.003943103114,"PER_OI":32.225209382336,"BPS":38.70886651077,"BASIC_EPS":9.15,"DILUTED_EPS":9.05,"OPERATE_INCOME":103468159000,"OPERATE_INCOME_YOY":7.2255469665,"GROSS_PROFIT":63063394000,"GROSS_PROFIT_YOY":19.514921372094,"HOLDER_PROFIT":29416552000,"HOLDER_PROFIT_YOY":44.6412162694,"GROSS_PROFIT_RATIO":60.949566136574,"EPS_TTM":9.1617996944,"OPERATE_INCOME_QOQ":1.756489683049,"NET_PROFIT_RATIO":28.3731954678,"ROE_AVG":25.689394284644,"GROSS_PROFIT_QOQ":6.019860623833,"ROA":16.402399332254,"HOLDER_PROFIT_QOQ":9.816416350214,"ROE_YEARLY":25.689394284644,"ROIC_YEARLY":49.596340972829,"TOTAL_ASSETS":185924978000,"TOTAL_LIABILITIES":57840897000,"TAX_EBT":13.79955390573,"OCF_SALES":34.147002654218,"TOTAL_PARENT_EQUITY":124285776000,"DEBT_ASSET_RATIO":31.1098044072,"OPERATE_PROFIT":27709144000,"PRETAX_PROFIT":34056927000,"NETCASH_OPERATE":35331275000,"NETCASH_INVEST":-17043431000,"NETCASH_FINANCE":-21467054000,"END_CASH":24206658000,"DIVI_RATIO":0.377825727976,"DIVIDEND_RATE":2.548716955941,"CURRENT_RATIO":2.650185771518,"COMMON_ACS":1000300000000,"CURRENTDEBT_DEBT":93.087221659097,"ISSUED_COMMON_SHARES":3210783141,"HK_COMMON_SHARES":197202000,"PER_SHARES":100,"TOTAL_MARKET_CAP":480975314521.8,"HKSK_MARKET_CAP":29540859600,"PE_TTM":15.622481172271,"PB_TTM":3.282165873227,"REPORT_DATE_SQ":"2022-12-31 00:00:00","REPORT_TYPE_SQ":"2022年年报","OPERATE_INCOME_SQ":96495809000,"DPS_HKD":3.817978,"OPERATE_INCOME_QOQ_SQ":1.026604705877,"NET_PROFIT_RATIO_SQ":20.5638879094,"HOLDER_PROFIT_SQ":20337600000,"HOLDER_PROFIT_QOQ_SQ":-7.8872034928,"ROE_AVG_SQ":20.33156183111,"PE_TTM_SQ":18.063315493329,"PB_TTM_SQ":4.080427579844,"ROA_SQ":12.461577285898,"START_DATE":"2023-01-01 00:00:00","FISCAL_YEAR":"12-31","CURRENCY":"HKD","IS_CNY_CODE":0,"DPS_HKD_LY":2.747722,"ORG_TYPE":"一般企业","PREMIUM_INCOME":null,"PREMIUM_INCOME_YOY":null,"NET_INTEREST_INCOME":null,"NET_INTEREST_INCOME_YOY":null,"FEE_COMMISSION_INCOME":null,"FEE_COMMISSION_INCOME_YOY":null,"ACCOUNTS_RECE_TDAYS":18.112129855096,"INVENTORY_TDAYS":47.844317085156,"CURRENT_ASSETS_TDAYS":0.754427629117,"TOTAL_ASSETS_TDAYS":0.576928955539,"PREMIUM_EXPENSE":null,"LOAN_DEPOSIT":null,"LOAN_EQUITY":null,"LOAN_ASSETS":null,"DEPOSIT_EQUITY":null,"DEPOSIT_ASSETS":null,"EQUITY_MULTIPLIER":1.451585369144,"EQUITY_RATIO":0.465386296498},{"SECUCODE":"09999.HK","SECURITY_CODE":"09999","SECURITY_NAME_ABBR":"网易-S","ORG_CODE":"10087978","STD_REPORT_DATE":"2023-09-30 00:00:00","REPORT_DATE":"2023-09-30 00:00:00","DATE_TYPE_CODE":"004","REPORT_TYPE":"2023年三季报","PER_NETCASH_OPERATE":7.297066577248,"PER_OI":23.677700490439,"BPS":37.367434277306,"BASIC_EPS":7.1,"DILUTED_EPS":7.02,"OPERATE_INCOME":76327994000,"OPERATE_INCOME_YOY":7.2901202221,"GROSS_PROFIT":46238259000,"GROSS_PROFIT_YOY":16.994427019727,"HOLDER_PROFIT":22834289000,"HOLDER_PROFIT_YOY":39.3620990301,"GROSS_PROFIT_RATIO":60.578375739837,"EPS_TTM":8.309601044377,"OPERATE_INCOME_QOQ":2.877063757265,"NET_PROFIT_RATIO":29.7150361373,"ROE_AVG":20.32333623537,"GROSS_PROFIT_QOQ":5.727685185704,"ROA":13.262795445809,"HOLDER_PROFIT_QOQ":4.434877527057,"ROE_YEARLY":27.097781647159,"ROIC_YEARLY":36.799817850137,"TOTAL_ASSETS":171575005000,"TOTAL_LIABILITIES":47629830000,"TAX_EBT":13.799998312553,"OCF_SALES":30.818307631667,"TOTAL_PARENT_EQUITY":119978728000,"DEBT_ASSET_RATIO":27.7603547207,"OPERATE_PROFIT":20840653000,"PRETAX_PROFIT":26311938000,"NETCASH_OPERATE":23522996000,"NETCASH_INVEST":-6318756000,"NETCASH_FINANCE":-26606318000,"END_CASH":18158066000,"DIVI_RATIO":0.416573987202,"DIVIDEND_RATE":2.548716955941,"CURRENT_RATIO":2.907890536211,"COMMON_ACS":1000300000000,"CURRENTDEBT_DEBT":92.103450715655,"ISSUED_COMMON_SHARES":3210783141,"HK_COMMON_SHARES":197202000,"PER_SHARES":100,"TOTAL_MARKET_CAP":480975314521.8,"HKSK_MARKET_CAP":29540859600,"PE_TTM":15.622481172271,"PB_TTM":3.282165873227,"REPORT_DATE_SQ":"2022-09-30 00:00:00","REPORT_TYPE_SQ":"2022年三季报","OPERATE_INCOME_SQ":71141680000,"DPS_HKD":3.817978,"OPERATE_INCOME_QOQ_SQ":2.397115525198,"NET_PROFIT_RATIO_SQ":22.5375546375,"HOLDER_PROFIT_SQ":16384863000,"HOLDER_PROFIT_QOQ_SQ":18.95102399141,"ROE_AVG_SQ":16.328302332212,"PE_TTM_SQ":18.063315493329,"PB_TTM_SQ":4.080427579844,"ROA_SQ":10.041233596545,"START_DATE":"2023-01-01 00:00:00","FISCAL_YEAR":"12-31","CURRENCY":"HKD","IS_CNY_CODE":0,"DPS_HKD_LY":2.747722,"ORG_TYPE":"一般企业","PREMIUM_INCOME":null,"PREMIUM_INCOME_YOY":null,"NET_INTEREST_INCOME":null,"NET_INTEREST_INCOME_YOY":null,"FEE_COMMISSION_INCOME":null,"FEE_COMMISSION_INCOME_YOY":null,"ACCOUNTS_RECE_TDAYS":13.280132648228,"INVENTORY_TDAYS":35.077920533646,"CURRENT_ASSETS_TDAYS":0.589021867176,"TOTAL_ASSETS_TDAYS":0.443334395571,"PREMIUM_EXPENSE":null,"LOAN_DEPOSIT":null,"LOAN_EQUITY":null,"LOAN_ASSETS":null,"DEPOSIT_EQUITY":null,"DEPOSIT_ASSETS":null,"EQUITY_MULTIPLIER":1.384281437338,"EQUITY_RATIO":0.396985622318},{"SECUCODE":"09999.HK","SECURITY_CODE":"09999","SECURITY_NAME_ABBR":"网易-S","ORG_CODE":"10087978","STD_REPORT_DATE":"2023-06-30 00:00:00","REPORT_DATE":"2023-06-30 00:00:00","DATE_TYPE_CODE":"002","REPORT_TYPE":"2023年中报","PER_NETCASH_OPERATE":4.243384995994,"PER_OI":15.218150177605,"BPS":35.587823276166,"BASIC_EPS":4.66,"DILUTED_EPS":4.61,"OPERATE_INCOME":49057588000,"OPERATE_INCOME_YOY":5.0148175358,"GROSS_PROFIT":29271959000,"GROSS_PROFIT_YOY":13.554607110673,"HOLDER_PROFIT":14997401000,"HOLDER_PROFIT_YOY":54.8438650399,"GROSS_PROFIT_RATIO":59.668565441905,"EPS_TTM":7.956729821629,"OPERATE_INCOME_QOQ":0.869737300091,"NET_PROFIT_RATIO":30.3113332845,"ROE_AVG":13.696500531288,"GROSS_PROFIT_QOQ":2.61539112265,"ROA":8.804735356778,"HOLDER_PROFIT_QOQ":13.00230665756,"ROE_YEARLY":27.393001062576,"ROIC_YEARLY":50.106152828116,"TOTAL_ASSETS":167905722000,"TOTAL_LIABILITIES":49639893000,"TAX_EBT":13.599997164548,"OCF_SALES":27.883710874656,"TOTAL_PARENT_EQUITY":114264783000,"DEBT_ASSET_RATIO":29.5641461224,"OPERATE_PROFIT":13282744000,"PRETAX_PROFIT":17210658000,"NETCASH_OPERATE":13679076000,"NETCASH_INVEST":-5802848000,"NETCASH_FINANCE":-19752763000,"END_CASH":15679412000,"DIVI_RATIO":0.435048533343,"DIVIDEND_RATE":2.548716955941,"CURRENT_RATIO":2.934030758516,"COMMON_ACS":1000300000000,"CURRENTDEBT_DEBT":85.292234614607,"ISSUED_COMMON_SHARES":3210783141,"HK_COMMON_SHARES":197202000,"PER_SHARES":100,"TOTAL_MARKET_CAP":480975314521.8,"HKSK_MARKET_CAP":29540859600,"PE_TTM":15.622481172271,"PB_TTM":3.282165873227,"REPORT_DATE_SQ":"2022-06-30 00:00:00","REPORT_TYPE_SQ":"2022年中报","OPERATE_INCOME_SQ":46714920000,"DPS_HKD":3.817978,"OPERATE_INCOME_QOQ_SQ":2.906489016777,"NET_PROFIT_RATIO_SQ":20.1490123498,"HOLDER_PROFIT_SQ":9685499000,"HOLDER_PROFIT_QOQ_SQ":10.407755592782,"ROE_AVG_SQ":9.875156465628,"PE_TTM_SQ":18.063315493329,"PB_TTM_SQ":4.080427579844,"ROA_SQ":6.019137010842,"START_DATE":"2023-01-01 00:00:00","FISCAL_YEAR":"12-31","CURRENCY":"HKD","IS_CNY_CODE":0,"DPS_HKD_LY":2.747722,"ORG_TYPE":"一般企业","PREMIUM_INCOME":null,"PREMIUM_INCOME_YOY":null,"NET_INTEREST_INCOME":null,"NET_INTEREST_INCOME_YOY":null,"FEE_COMMISSION_INCOME":null,"FEE_COMMISSION_INCOME_YOY":null,"ACCOUNTS_RECE_TDAYS":9.48348389217,"INVENTORY_TDAYS":21.976755474299,"CURRENT_ASSETS_TDAYS":0.383521506488,"TOTAL_ASSETS_TDAYS":0.288009288797,"PREMIUM_EXPENSE":null,"LOAN_DEPOSIT":null,"LOAN_EQUITY":null,"LOAN_ASSETS":null,"DEPOSIT_EQUITY":null,"DEPOSIT_ASSETS":null,"EQUITY_MULTIPLIER":1.419731493193,"EQUITY_RATIO":0.43442862881},{"SECUCODE":"09999.HK","SECURITY_CODE":"09999","SECURITY_NAME_ABBR":"网易-S","ORG_CODE":"10087978","STD_REPORT_DATE":"2023-03-31 00:00:00","REPORT_DATE":"2023-03-31 00:00:00","DATE_TYPE_CODE":"003","REPORT_TYPE":"2023年一季报","PER_NETCASH_OPERATE":1.861467637675,"PER_OI":7.769606548072,"BPS":33.836649885412,"BASIC_EPS":2.1,"DILUTED_EPS":2.07,"OPERATE_INCOME":25046287000,"OPERATE_INCOME_YOY":6.3272839069,"GROSS_PROFIT":14896546000,"GROSS_PROFIT_YOY":16.049440422412,"HOLDER_PROFIT":6754634000,"HOLDER_PROFIT_YOY":53.7232281215,"GROSS_PROFIT_RATIO":59.476065254702,"EPS_TTM":7.041210092942,"OPERATE_INCOME_QOQ":1.544569671414,"NET_PROFIT_RATIO":26.7919712012,"ROE_AVG":6.33127844174,"GROSS_PROFIT_QOQ":3.904336278165,"ROA":3.848767667645,"HOLDER_PROFIT_QOQ":11.607126701282,"ROE_YEARLY":25.32511376696,"ROIC_YEARLY":44.685758779208,"TOTAL_ASSETS":178241444000,"TOTAL_LIABILITIES":65567966000,"TAX_EBT":19.529538060713,"OCF_SALES":23.958325639246,"TOTAL_PARENT_EQUITY":108642145000,"DEBT_ASSET_RATIO":36.7860383806,"OPERATE_PROFIT":7220090000,"PRETAX_PROFIT":8338953000,"NETCASH_OPERATE":6000671000,"NETCASH_INVEST":-17392362000,"NETCASH_FINANCE":572429000,"END_CASH":16784561000,"DIVI_RATIO":0.491614877758,"DIVIDEND_RATE":2.548716955941,"CURRENT_RATIO":2.329766499279,"COMMON_ACS":1000300000000,"CURRENTDEBT_DEBT":88.73332139051,"ISSUED_COMMON_SHARES":3210783141,"HK_COMMON_SHARES":197202000,"PER_SHARES":100,"TOTAL_MARKET_CAP":480975314521.8,"HKSK_MARKET_CAP":29540859600,"PE_TTM":15.622481172271,"PB_TTM":3.282165873227,"REPORT_DATE_SQ":"2022-03-31 00:00:00","REPORT_TYPE_SQ":"2022年一季报","OPERATE_INCOME_SQ":23555842000,"DPS_HKD":3.817978,"OPERATE_INCOME_QOQ_SQ":3.468518250103,"NET_PROFIT_RATIO_SQ":18.3213998464,"HOLDER_PROFIT_SQ":4394023000,"HOLDER_PROFIT_QOQ_SQ":-0.267719184886,"ROE_AVG_SQ":4.553401123353,"PE_TTM_SQ":18.063315493329,"PB_TTM_SQ":4.080427579844,"ROA_SQ":2.808651251277,"START_DATE":"2023-01-01 00:00:00","FISCAL_YEAR":"12-31","CURRENCY":"HKD","IS_CNY_CODE":0,"DPS_HKD_LY":2.747722,"ORG_TYPE":"一般企业","PREMIUM_INCOME":null,"PREMIUM_INCOME_YOY":null,"NET_INTEREST_INCOME":null,"NET_INTEREST_INCOME_YOY":null,"FEE_COMMISSION_INCOME":null,"FEE_COMMISSION_INCOME_YOY":null,"ACCOUNTS_RECE_TDAYS":4.515095950999,"INVENTORY_TDAYS":10.855692084073,"CURRENT_ASSETS_TDAYS":0.187506950904,"TOTAL_ASSETS_TDAYS":0.142712898434,"PREMIUM_EXPENSE":null,"LOAN_DEPOSIT":null,"LOAN_EQUITY":null,"LOAN_ASSETS":null,"DEPOSIT_EQUITY":null,"DEPOSIT_ASSETS":null,"EQUITY_MULTIPLIER":1.581929014386,"EQUITY_RATIO":0.603522380748},{"SECUCODE":"09999.HK","SECURITY_CODE":"09999","SECURITY_NAME_ABBR":"网易-S","ORG_CODE":"10087978","STD_REPORT_DATE":"2022-12-31 00:00:00","REPORT_DATE":"2022-12-31 00:00:00","DATE_TYPE_CODE":"001","REPORT_TYPE":"2022年年报","PER_NETCASH_OPERATE":8.595678798971,"PER_OI":29.933956656644,"BPS":32.618620567249,"BASIC_EPS":6.23,"DILUTED_EPS":6.17,"OPERATE_INCOME":96495809000,"OPERATE_INCOME_YOY":10.1474560665,"GROSS_PROFIT":52766126000,"GROSS_PROFIT_YOY":12.338143860906,"HOLDER_PROFIT":20337600000,"HOLDER_PROFIT_YOY":20.6489329377,"GROSS_PROFIT_RATIO":54.682298171105,"EPS_TTM":6.308925156534,"OPERATE_INCOME_QOQ":1.026604705877,"NET_PROFIT_RATIO":20.5638879094,"ROE_AVG":20.33156183111,"GROSS_PROFIT_QOQ":0.622781945731,"ROA":12.461577285898,"HOLDER_PROFIT_QOQ":-7.8872034928,"ROE_YEARLY":20.33156183111,"ROIC_YEARLY":33.048507381558,"TOTAL_ASSETS":172760985000,"TOTAL_LIABILITIES":63887505000,"TAX_EBT":20.749621529893,"OCF_SALES":28.715478202789,"TOTAL_PARENT_EQUITY":104731317000,"DEBT_ASSET_RATIO":36.9802852189,"OPERATE_PROFIT":19628593000,"PRETAX_PROFIT":24250264000,"NETCASH_OPERATE":27709233000,"NETCASH_INVEST":-7369727000,"NETCASH_FINANCE":-10237699000,"END_CASH":27588325000,"DIVI_RATIO":0.548677239502,"DIVIDEND_RATE":2.548716955941,"CURRENT_RATIO":2.315781613518,"COMMON_ACS":1000300000000,"CURRENTDEBT_DEBT":88.951426417419,"ISSUED_COMMON_SHARES":3210783141,"HK_COMMON_SHARES":197202000,"PER_SHARES":100,"TOTAL_MARKET_CAP":480975314521.8,"HKSK_MARKET_CAP":29540859600,"PE_TTM":15.622481172271,"PB_TTM":3.282165873227,"REPORT_DATE_SQ":"2021-12-31 00:00:00","REPORT_TYPE_SQ":"2021年年报","OPERATE_INCOME_SQ":87606026000,"DPS_HKD":3.817978,"OPERATE_INCOME_QOQ_SQ":5.556806446195,"NET_PROFIT_RATIO_SQ":19.3778793253,"HOLDER_PROFIT_SQ":16856842000,"HOLDER_PROFIT_QOQ_SQ":38.872140374465,"ROE_AVG_SQ":18.99845435638,"PE_TTM_SQ":18.063315493329,"PB_TTM_SQ":4.080427579844,"ROA_SQ":11.40831566061,"START_DATE":"2022-01-01 00:00:00","FISCAL_YEAR":"12-31","CURRENCY":"HKD","IS_CNY_CODE":0,"DPS_HKD_LY":2.382989,"ORG_TYPE":"一般企业","PREMIUM_INCOME":null,"PREMIUM_INCOME_YOY":null,"NET_INTEREST_INCOME":null,"NET_INTEREST_INCOME_YOY":null,"FEE_COMMISSION_INCOME":null,"FEE_COMMISSION_INCOME_YOY":null,"ACCOUNTS_RECE_TDAYS":18.361163406229,"INVENTORY_TDAYS":44.659288418066,"CURRENT_ASSETS_TDAYS":0.788611044974,"TOTAL_ASSETS_TDAYS":0.591264446945,"PREMIUM_EXPENSE":null,"LOAN_DEPOSIT":null,"LOAN_EQUITY":null,"LOAN_ASSETS":null,"DEPOSIT_EQUITY":null,"DEPOSIT_ASSETS":null,"EQUITY_MULTIPLIER":1.586805023592,"EQUITY_RATIO":0.610013383103},{"SECUCODE":"09999.HK","SECURITY_CODE":"09999","SECURITY_NAME_ABBR":"网易-S","ORG_CODE":"10087978","STD_REPORT_DATE":"2022-09-30 00:00:00","REPORT_DATE":"2022-09-30 00:00:00","DATE_TYPE_CODE":"004","REPORT_TYPE":"2022年三季报","PER_NETCASH_OPERATE":5.69429736683,"PER_OI":21.663179028465,"BPS":32.815892065256,"BASIC_EPS":5.01,"DILUTED_EPS":4.96,"OPERATE_INCOME":71141680000,"OPERATE_INCOME_YOY":12.5081625401,"GROSS_PROFIT":39521762000,"GROSS_PROFIT_YOY":16.059488525262,"HOLDER_PROFIT":16384863000,"HOLDER_PROFIT_YOY":46.7824147732,"GROSS_PROFIT_RATIO":55.553596710114,"EPS_TTM":6.723227481324,"OPERATE_INCOME_QOQ":2.397115525198,"NET_PROFIT_RATIO":22.5375546375,"ROE_AVG":16.328302332212,"GROSS_PROFIT_QOQ":3.827481885569,"ROA":10.041233596545,"HOLDER_PROFIT_QOQ":18.95102399141,"ROE_YEARLY":21.771069776282,"ROIC_YEARLY":26.128558237862,"TOTAL_ASSETS":172707671000,"TOTAL_LIABILITIES":63058544000,"TAX_EBT":20.875346840748,"OCF_SALES":26.285603601152,"TOTAL_PARENT_EQUITY":105364713000,"DEBT_ASSET_RATIO":36.5117215899,"OPERATE_PROFIT":15195146000,"PRETAX_PROFIT":19473995000,"NETCASH_OPERATE":18700020000,"NETCASH_INVEST":-11233898000,"NETCASH_FINANCE":-4055001000,"END_CASH":20844402000,"DIVI_RATIO":0.51486635678,"DIVIDEND_RATE":2.548716955941,"CURRENT_RATIO":2.30747472452,"COMMON_ACS":1000300000000,"CURRENTDEBT_DEBT":90.437530558904,"ISSUED_COMMON_SHARES":3210783141,"HK_COMMON_SHARES":197202000,"PER_SHARES":100,"TOTAL_MARKET_CAP":480975314521.8,"HKSK_MARKET_CAP":29540859600,"PE_TTM":15.622481172271,"PB_TTM":3.282165873227,"REPORT_DATE_SQ":"2021-09-30 00:00:00","REPORT_TYPE_SQ":"2021年三季报","OPERATE_INCOME_SQ":63232461000,"DPS_HKD":3.817978,"OPERATE_INCOME_QOQ_SQ":4.445573458359,"NET_PROFIT_RATIO_SQ":17.8918894205,"HOLDER_PROFIT_SQ":11162688000,"HOLDER_PROFIT_QOQ_SQ":1.535293464208,"ROE_AVG_SQ":13.45657171518,"PE_TTM_SQ":18.063315493329,"PB_TTM_SQ":4.080427579844,"ROA_SQ":7.707365036748,"START_DATE":"2022-01-01 00:00:00","FISCAL_YEAR":"12-31","CURRENCY":"HKD","IS_CNY_CODE":0,"DPS_HKD_LY":2.382989,"ORG_TYPE":"一般企业","PREMIUM_INCOME":null,"PREMIUM_INCOME_YOY":null,"NET_INTEREST_INCOME":null,"NET_INTEREST_INCOME_YOY":null,"FEE_COMMISSION_INCOME":null,"FEE_COMMISSION_INCOME_YOY":null,"ACCOUNTS_RECE_TDAYS":13.27764716839,"INVENTORY_TDAYS":33.325553135003,"CURRENT_ASSETS_TDAYS":0.581431212501,"TOTAL_ASSETS_TDAYS":0.435981812805,"PREMIUM_EXPENSE":null,"LOAN_DEPOSIT":null,"LOAN_EQUITY":null,"LOAN_ASSETS":null,"DEPOSIT_EQUITY":null,"DEPOSIT_ASSETS":null,"EQUITY_MULTIPLIER":1.575093899287,"EQUITY_RATIO":0.598478771541}],"count":25},"success":true,"message":"ok","code":0}