{"version":"b4d9bf8ae7a7758335f677b0310d6244","result":{"pages":2,"data":[{"SECUCODE":"09990.HK","SECURITY_CODE":"09990","SECURITY_NAME_ABBR":"祖龙娱乐","ORG_CODE":"10000083132","STD_REPORT_DATE":"2024-06-30 00:00:00","REPORT_DATE":"2024-06-30 00:00:00","DATE_TYPE_CODE":"002","REPORT_TYPE":"2024年中报","PER_NETCASH_OPERATE":-0.085543664216,"PER_OI":0.550270423692,"BPS":2.778134986748,"BASIC_EPS":-0.17,"DILUTED_EPS":-0.17,"OPERATE_INCOME":439432000,"OPERATE_INCOME_YOY":9.2418758204,"GROSS_PROFIT":321746000,"GROSS_PROFIT_YOY":8.06382814363,"HOLDER_PROFIT":-134041000,"HOLDER_PROFIT_YOY":42.477352021,"GROSS_PROFIT_RATIO":73.218609477689,"EPS_TTM":-0.271206962836,"OPERATE_INCOME_QOQ":4.092069359123,"NET_PROFIT_RATIO":-30.5032405469,"ROE_AVG":-5.879295507399,"GROSS_PROFIT_QOQ":3.691380935322,"ROA":-4.961115272896,"HOLDER_PROFIT_QOQ":31.366994020174,"ROE_YEARLY":-11.758591014798,"ROIC_YEARLY":-18.108595371697,"TOTAL_ASSETS":2660041000,"TOTAL_LIABILITIES":434210000,"TAX_EBT":-0.872961521963,"OCF_SALES":-15.545749968141,"TOTAL_PARENT_EQUITY":2225831000,"DEBT_ASSET_RATIO":16.3234326087,"OPERATE_PROFIT":-153969000,"PRETAX_PROFIT":-132881000,"NETCASH_OPERATE":-68313000,"NETCASH_INVEST":112712000,"NETCASH_FINANCE":-43549000,"END_CASH":558478000,"DIVI_RATIO":null,"DIVIDEND_RATE":null,"CURRENT_RATIO":4.917686151208,"COMMON_ACS":5000000000,"CURRENTDEBT_DEBT":96.685935376891,"ISSUED_COMMON_SHARES":801196130,"HK_COMMON_SHARES":801196130,"PER_SHARES":1000,"TOTAL_MARKET_CAP":1241854001.5,"HKSK_MARKET_CAP":1241854001.5,"PE_TTM":-5.12442596907,"PB_TTM":0.509209958029,"REPORT_DATE_SQ":"2023-06-30 00:00:00","REPORT_TYPE_SQ":"2023年中报","OPERATE_INCOME_SQ":402256000,"DPS_HKD":null,"OPERATE_INCOME_QOQ_SQ":12.398458538556,"NET_PROFIT_RATIO_SQ":-57.9290302693,"HOLDER_PROFIT_SQ":-233023000,"HOLDER_PROFIT_QOQ_SQ":9.867190946032,"ROE_AVG_SQ":-9.262600812763,"PE_TTM_SQ":-1.371320396559,"PB_TTM_SQ":0.389442175846,"ROA_SQ":-8.013258742875,"START_DATE":"2024-01-01 00:00:00","FISCAL_YEAR":"12-31","CURRENCY":"HKD","IS_CNY_CODE":0,"DPS_HKD_LY":null,"ORG_TYPE":"一般企业","PREMIUM_INCOME":null,"PREMIUM_INCOME_YOY":null,"NET_INTEREST_INCOME":null,"NET_INTEREST_INCOME_YOY":null,"FEE_COMMISSION_INCOME":null,"FEE_COMMISSION_INCOME_YOY":null,"ACCOUNTS_RECE_TDAYS":4.053856833812,"INVENTORY_TDAYS":null,"CURRENT_ASSETS_TDAYS":0.205274958022,"TOTAL_ASSETS_TDAYS":0.162642236823,"PREMIUM_EXPENSE":null,"LOAN_DEPOSIT":null,"LOAN_EQUITY":null,"LOAN_ASSETS":null,"DEPOSIT_EQUITY":null,"DEPOSIT_ASSETS":null,"EQUITY_MULTIPLIER":1.195077703563,"EQUITY_RATIO":0.195077703563},{"SECUCODE":"09990.HK","SECURITY_CODE":"09990","SECURITY_NAME_ABBR":"祖龙娱乐","ORG_CODE":"10000083132","STD_REPORT_DATE":"2023-12-31 00:00:00","REPORT_DATE":"2023-12-31 00:00:00","DATE_TYPE_CODE":"001","REPORT_TYPE":"2023年年报","PER_NETCASH_OPERATE":-0.099500398836,"PER_OI":1.136515305306,"BPS":2.913060750805,"BASIC_EPS":-0.4,"DILUTED_EPS":-0.4,"OPERATE_INCOME":908489000,"OPERATE_INCOME_YOY":55.5309601949,"GROSS_PROFIT":650407000,"GROSS_PROFIT_YOY":53.535479911241,"HOLDER_PROFIT":-315561000,"HOLDER_PROFIT_YOY":58.9405722747,"GROSS_PROFIT_RATIO":71.592171176536,"EPS_TTM":-0.394765270969,"OPERATE_INCOME_QOQ":38.374638066357,"NET_PROFIT_RATIO":-34.7347078501,"ROE_AVG":-12.816840713202,"GROSS_PROFIT_QOQ":35.902938263453,"ROA":-11.078187228705,"HOLDER_PROFIT_QOQ":54.445636215864,"ROE_YEARLY":-12.816840713202,"ROIC_YEARLY":-21.621201262352,"TOTAL_ASSETS":2743623000,"TOTAL_LIABILITIES":409690000,"TAX_EBT":3.746598992204,"OCF_SALES":-8.754866597174,"TOTAL_PARENT_EQUITY":2333933000,"DEBT_ASSET_RATIO":14.9324451647,"OPERATE_PROFIT":-357029000,"PRETAX_PROFIT":-327844000,"NETCASH_OPERATE":-79537000,"NETCASH_INVEST":-589097000,"NETCASH_FINANCE":-19159000,"END_CASH":555033000,"DIVI_RATIO":null,"DIVIDEND_RATE":null,"CURRENT_RATIO":5.779986442092,"COMMON_ACS":5000000000,"CURRENTDEBT_DEBT":93.617125143401,"ISSUED_COMMON_SHARES":801196130,"HK_COMMON_SHARES":801196130,"PER_SHARES":1000,"TOTAL_MARKET_CAP":1025531046.4,"HKSK_MARKET_CAP":1025531046.4,"PE_TTM":-4.231784026071,"PB_TTM":0.420508868566,"REPORT_DATE_SQ":"2022-12-31 00:00:00","REPORT_TYPE_SQ":"2022年年报","OPERATE_INCOME_SQ":584121000,"DPS_HKD":null,"OPERATE_INCOME_QOQ_SQ":-16.180547583515,"NET_PROFIT_RATIO_SQ":-131.5732528021,"HOLDER_PROFIT_SQ":-768547000,"HOLDER_PROFIT_QOQ_SQ":-46.015271294412,"ROE_AVG_SQ":-26.7013560402,"PE_TTM_SQ":-2.083556571516,"PB_TTM_SQ":0.591710592758,"ROA_SQ":-23.752013852897,"START_DATE":"2023-01-01 00:00:00","FISCAL_YEAR":"12-31","CURRENCY":"HKD","IS_CNY_CODE":0,"DPS_HKD_LY":null,"ORG_TYPE":"一般企业","PREMIUM_INCOME":null,"PREMIUM_INCOME_YOY":null,"NET_INTEREST_INCOME":null,"NET_INTEREST_INCOME_YOY":null,"FEE_COMMISSION_INCOME":null,"FEE_COMMISSION_INCOME_YOY":null,"ACCOUNTS_RECE_TDAYS":7.525931019057,"INVENTORY_TDAYS":null,"CURRENT_ASSETS_TDAYS":0.404422571282,"TOTAL_ASSETS_TDAYS":0.318937106842,"PREMIUM_EXPENSE":null,"LOAN_DEPOSIT":null,"LOAN_EQUITY":null,"LOAN_ASSETS":null,"DEPOSIT_EQUITY":null,"DEPOSIT_ASSETS":null,"EQUITY_MULTIPLIER":1.175536315739,"EQUITY_RATIO":0.175536315738},{"SECUCODE":"09990.HK","SECURITY_CODE":"09990","SECURITY_NAME_ABBR":"祖龙娱乐","ORG_CODE":"10000083132","STD_REPORT_DATE":"2023-06-30 00:00:00","REPORT_DATE":"2023-06-30 00:00:00","DATE_TYPE_CODE":"002","REPORT_TYPE":"2023年中报","PER_NETCASH_OPERATE":-0.200919824186,"PER_OI":0.503220292872,"BPS":3.047009226068,"BASIC_EPS":-0.3,"DILUTED_EPS":-0.3,"OPERATE_INCOME":402256000,"OPERATE_INCOME_YOY":21.9571056956,"GROSS_PROFIT":297737000,"GROSS_PROFIT_YOY":22.6390690969,"HOLDER_PROFIT":-233023000,"HOLDER_PROFIT_YOY":24.5531103391,"GROSS_PROFIT_RATIO":74.016795274651,"EPS_TTM":-0.866580582356,"OPERATE_INCOME_QOQ":12.398458538556,"NET_PROFIT_RATIO":-57.9290302693,"ROE_AVG":-9.262600812763,"GROSS_PROFIT_QOQ":12.974363816628,"ROA":-8.013258742875,"HOLDER_PROFIT_QOQ":9.867190946032,"ROE_YEARLY":-18.525201625525,"ROIC_YEARLY":-33.362385332594,"TOTAL_ASSETS":2862580000,"TOTAL_LIABILITIES":421328000,"TAX_EBT":0.244868254886,"OCF_SALES":-39.926812775944,"TOTAL_PARENT_EQUITY":2441252000,"DEBT_ASSET_RATIO":14.7184707502,"OPERATE_PROFIT":-241927000,"PRETAX_PROFIT":-233595000,"NETCASH_OPERATE":-160608000,"NETCASH_INVEST":-336547000,"NETCASH_FINANCE":-22365000,"END_CASH":728883000,"DIVI_RATIO":null,"DIVIDEND_RATE":null,"CURRENT_RATIO":6.334718865007,"COMMON_ACS":5000000000,"CURRENTDEBT_DEBT":87.192875859188,"ISSUED_COMMON_SHARES":801196130,"HK_COMMON_SHARES":801196130,"PER_SHARES":1000,"TOTAL_MARKET_CAP":1025531046.4,"HKSK_MARKET_CAP":1025531046.4,"PE_TTM":-4.231784026071,"PB_TTM":0.420508868566,"REPORT_DATE_SQ":"2022-06-30 00:00:00","REPORT_TYPE_SQ":"2022年中报","OPERATE_INCOME_SQ":329834000,"DPS_HKD":null,"OPERATE_INCOME_QOQ_SQ":-24.320203469273,"NET_PROFIT_RATIO_SQ":-93.6401341281,"HOLDER_PROFIT_SQ":-308857000,"HOLDER_PROFIT_QOQ_SQ":-73.525756202093,"ROE_AVG_SQ":-10.068592668562,"PE_TTM_SQ":-2.083556571516,"PB_TTM_SQ":0.591710592758,"ROA_SQ":-9.084573150187,"START_DATE":"2023-01-01 00:00:00","FISCAL_YEAR":"12-31","CURRENCY":"HKD","IS_CNY_CODE":0,"DPS_HKD_LY":null,"ORG_TYPE":"一般企业","PREMIUM_INCOME":null,"PREMIUM_INCOME_YOY":null,"NET_INTEREST_INCOME":null,"NET_INTEREST_INCOME_YOY":null,"FEE_COMMISSION_INCOME":null,"FEE_COMMISSION_INCOME_YOY":null,"ACCOUNTS_RECE_TDAYS":2.390887126253,"INVENTORY_TDAYS":null,"CURRENT_ASSETS_TDAYS":0.174776584762,"TOTAL_ASSETS_TDAYS":0.138328894953,"PREMIUM_EXPENSE":null,"LOAN_DEPOSIT":null,"LOAN_EQUITY":null,"LOAN_ASSETS":null,"DEPOSIT_EQUITY":null,"DEPOSIT_ASSETS":null,"EQUITY_MULTIPLIER":1.172586852976,"EQUITY_RATIO":0.172586852975},{"SECUCODE":"09990.HK","SECURITY_CODE":"09990","SECURITY_NAME_ABBR":"祖龙娱乐","ORG_CODE":"10000083132","STD_REPORT_DATE":"2022-12-31 00:00:00","REPORT_DATE":"2022-12-31 00:00:00","DATE_TYPE_CODE":"001","REPORT_TYPE":"2022年年报","PER_NETCASH_OPERATE":-0.638575294318,"PER_OI":0.724936572812,"BPS":3.232952460716,"BASIC_EPS":-0.98,"DILUTED_EPS":-0.98,"OPERATE_INCOME":584121000,"OPERATE_INCOME_YOY":-36.565608958,"GROSS_PROFIT":423620000,"GROSS_PROFIT_YOY":-40.630470154766,"HOLDER_PROFIT":-768547000,"HOLDER_PROFIT_YOY":-153.3741036842,"GROSS_PROFIT_RATIO":72.522645136881,"EPS_TTM":-0.953822629601,"OPERATE_INCOME_QOQ":-16.180547583515,"NET_PROFIT_RATIO":-131.5732528021,"ROE_AVG":-26.7013560402,"GROSS_PROFIT_QOQ":-17.770513696503,"ROA":-23.752013852897,"HOLDER_PROFIT_QOQ":-46.015271294412,"ROE_YEARLY":-26.7013560402,"ROIC_YEARLY":-58.287042145742,"TOTAL_ASSETS":2953356000,"TOTAL_LIABILITIES":363127000,"TAX_EBT":-0.098855413213,"OCF_SALES":-88.087057304908,"TOTAL_PARENT_EQUITY":2590229000,"DEBT_ASSET_RATIO":12.2954022475,"OPERATE_PROFIT":-771437000,"PRETAX_PROFIT":-767788000,"NETCASH_OPERATE":-514535000,"NETCASH_INVEST":85663000,"NETCASH_FINANCE":-118310000,"END_CASH":1232999000,"DIVI_RATIO":null,"DIVIDEND_RATE":null,"CURRENT_RATIO":8.462254925655,"COMMON_ACS":5000000000,"CURRENTDEBT_DEBT":74.064721158162,"ISSUED_COMMON_SHARES":801196130,"HK_COMMON_SHARES":801196130,"PER_SHARES":1000,"TOTAL_MARKET_CAP":1025531046.4,"HKSK_MARKET_CAP":1025531046.4,"PE_TTM":-4.231784026071,"PB_TTM":0.420508868566,"REPORT_DATE_SQ":"2021-12-31 00:00:00","REPORT_TYPE_SQ":"2021年年报","OPERATE_INCOME_SQ":920827000,"DPS_HKD":null,"OPERATE_INCOME_QOQ_SQ":-20.664732165166,"NET_PROFIT_RATIO_SQ":-32.9404980523,"HOLDER_PROFIT_SQ":-303325000,"HOLDER_PROFIT_QOQ_SQ":-426.076173297721,"ROE_AVG_SQ":-9.033350358192,"PE_TTM_SQ":-2.083556571516,"PB_TTM_SQ":0.591710592758,"ROA_SQ":-8.067255096008,"START_DATE":"2022-01-01 00:00:00","FISCAL_YEAR":"12-31","CURRENCY":"HKD","IS_CNY_CODE":0,"DPS_HKD_LY":null,"ORG_TYPE":"一般企业","PREMIUM_INCOME":null,"PREMIUM_INCOME_YOY":null,"NET_INTEREST_INCOME":null,"NET_INTEREST_INCOME_YOY":null,"FEE_COMMISSION_INCOME":null,"FEE_COMMISSION_INCOME_YOY":null,"ACCOUNTS_RECE_TDAYS":4.066533928335,"INVENTORY_TDAYS":null,"CURRENT_ASSETS_TDAYS":0.223051832007,"TOTAL_ASSETS_TDAYS":0.180523118089,"PREMIUM_EXPENSE":null,"LOAN_DEPOSIT":null,"LOAN_EQUITY":null,"LOAN_ASSETS":null,"DEPOSIT_EQUITY":null,"DEPOSIT_ASSETS":null,"EQUITY_MULTIPLIER":1.140191079631,"EQUITY_RATIO":0.14019107963},{"SECUCODE":"09990.HK","SECURITY_CODE":"09990","SECURITY_NAME_ABBR":"祖龙娱乐","ORG_CODE":"10000083132","STD_REPORT_DATE":"2022-06-30 00:00:00","REPORT_DATE":"2022-06-30 00:00:00","DATE_TYPE_CODE":"002","REPORT_TYPE":"2022年中报","PER_NETCASH_OPERATE":-0.297571141929,"PER_OI":0.406268052615,"BPS":3.705301222561,"BASIC_EPS":-0.39,"DILUTED_EPS":-0.39,"OPERATE_INCOME":329834000,"OPERATE_INCOME_YOY":-40.4396322734,"GROSS_PROFIT":242775000,"GROSS_PROFIT_YOY":-44.966201052732,"HOLDER_PROFIT":-308857000,"HOLDER_PROFIT_YOY":-259.8264111376,"GROSS_PROFIT_RATIO":73.605207467999,"EPS_TTM":-0.648319975168,"OPERATE_INCOME_QOQ":-24.320203469273,"NET_PROFIT_RATIO":-93.6401341281,"ROE_AVG":-10.068592668562,"GROSS_PROFIT_QOQ":-27.800193684647,"ROA":-9.084573150187,"HOLDER_PROFIT_QOQ":-73.525756202093,"ROE_YEARLY":-20.137185337123,"ROIC_YEARLY":-44.7368249524,"TOTAL_ASSETS":3281523000,"TOTAL_LIABILITIES":312850000,"TAX_EBT":-0.564594641235,"OCF_SALES":-73.24502628595,"TOTAL_PARENT_EQUITY":2968673000,"DEBT_ASSET_RATIO":9.5336829881,"OPERATE_PROFIT":-304117000,"PRETAX_PROFIT":-307123000,"NETCASH_OPERATE":-241587000,"NETCASH_INVEST":-96174000,"NETCASH_FINANCE":-88444000,"END_CASH":1321443000,"DIVI_RATIO":null,"DIVIDEND_RATE":null,"CURRENT_RATIO":12.352296994448,"COMMON_ACS":5000000000,"CURRENTDEBT_DEBT":66.607319801822,"ISSUED_COMMON_SHARES":801196130,"HK_COMMON_SHARES":801196130,"PER_SHARES":1000,"TOTAL_MARKET_CAP":1025531046.4,"HKSK_MARKET_CAP":1025531046.4,"PE_TTM":-4.231784026071,"PB_TTM":0.420508868566,"REPORT_DATE_SQ":"2021-06-30 00:00:00","REPORT_TYPE_SQ":"2021年中报","OPERATE_INCOME_SQ":553781000,"DPS_HKD":null,"OPERATE_INCOME_QOQ_SQ":-3.984308950218,"NET_PROFIT_RATIO_SQ":-15.4998094915,"HOLDER_PROFIT_SQ":-85835000,"HOLDER_PROFIT_QOQ_SQ":92.403645744129,"ROE_AVG_SQ":-2.460735663495,"PE_TTM_SQ":-2.083556571516,"PB_TTM_SQ":0.591710592758,"ROA_SQ":-2.180838752083,"START_DATE":"2022-01-01 00:00:00","FISCAL_YEAR":"12-31","CURRENCY":"HKD","IS_CNY_CODE":0,"DPS_HKD_LY":null,"ORG_TYPE":"一般企业","PREMIUM_INCOME":null,"PREMIUM_INCOME_YOY":null,"NET_INTEREST_INCOME":null,"NET_INTEREST_INCOME_YOY":null,"FEE_COMMISSION_INCOME":null,"FEE_COMMISSION_INCOME_YOY":null,"ACCOUNTS_RECE_TDAYS":2.185170462827,"INVENTORY_TDAYS":null,"CURRENT_ASSETS_TDAYS":0.119168184869,"TOTAL_ASSETS_TDAYS":0.097015806681,"PREMIUM_EXPENSE":null,"LOAN_DEPOSIT":null,"LOAN_EQUITY":null,"LOAN_ASSETS":null,"DEPOSIT_EQUITY":null,"DEPOSIT_ASSETS":null,"EQUITY_MULTIPLIER":1.105383785955,"EQUITY_RATIO":0.105383785954},{"SECUCODE":"09990.HK","SECURITY_CODE":"09990","SECURITY_NAME_ABBR":"祖龙娱乐","ORG_CODE":"10000083132","STD_REPORT_DATE":"2021-12-31 00:00:00","REPORT_DATE":"2021-12-31 00:00:00","DATE_TYPE_CODE":"001","REPORT_TYPE":"2021年年报","PER_NETCASH_OPERATE":-0.186474251532,"PER_OI":1.131520675943,"BPS":3.95207225976,"BASIC_EPS":-0.38,"DILUTED_EPS":-0.38,"OPERATE_INCOME":920827000,"OPERATE_INCOME_YOY":-23.8256943422,"GROSS_PROFIT":713531000,"GROSS_PROFIT_YOY":-22.936993604102,"HOLDER_PROFIT":-303325000,"HOLDER_PROFIT_YOY":60.0373902206,"GROSS_PROFIT_RATIO":77.488062361334,"EPS_TTM":-0.37272854622,"OPERATE_INCOME_QOQ":-20.664732165166,"NET_PROFIT_RATIO":-32.9404980523,"ROE_AVG":-9.033350358192,"GROSS_PROFIT_QOQ":-21.906407774216,"ROA":-8.067255096008,"HOLDER_PROFIT_QOQ":-426.076173297721,"ROE_YEARLY":-9.033350358192,"ROIC_YEARLY":-28.360084484208,"TOTAL_ASSETS":3518070000,"TOTAL_LIABILITIES":351685000,"TAX_EBT":-5.410852982572,"OCF_SALES":-16.47996855001,"TOTAL_PARENT_EQUITY":3166385000,"DEBT_ASSET_RATIO":9.9965321895,"OPERATE_PROFIT":-289427000,"PRETAX_PROFIT":-287755000,"NETCASH_OPERATE":-151752000,"NETCASH_INVEST":-1086575000,"NETCASH_FINANCE":-114768000,"END_CASH":1672338000,"DIVI_RATIO":null,"DIVIDEND_RATE":null,"CURRENT_RATIO":12.378253782496,"COMMON_ACS":5000000000,"CURRENTDEBT_DEBT":68.032472240784,"ISSUED_COMMON_SHARES":801196130,"HK_COMMON_SHARES":801196130,"PER_SHARES":1000,"TOTAL_MARKET_CAP":1025531046.4,"HKSK_MARKET_CAP":1025531046.4,"PE_TTM":-4.231784026071,"PB_TTM":0.420508868566,"REPORT_DATE_SQ":"2020-12-31 00:00:00","REPORT_TYPE_SQ":"2020年年报","OPERATE_INCOME_SQ":1208842000,"DPS_HKD":null,"OPERATE_INCOME_QOQ_SQ":-10.565655534372,"NET_PROFIT_RATIO_SQ":-62.7891817127,"HOLDER_PROFIT_SQ":-759022000,"HOLDER_PROFIT_QOQ_SQ":-32.621264565639,"ROE_AVG_SQ":-40.814360000721,"PE_TTM_SQ":-2.083556571516,"PB_TTM_SQ":0.591710592758,"ROA_SQ":-25.707616346454,"START_DATE":"2021-01-01 00:00:00","FISCAL_YEAR":"12-31","CURRENCY":"HKD","IS_CNY_CODE":0,"DPS_HKD_LY":0.074,"ORG_TYPE":"一般企业","PREMIUM_INCOME":null,"PREMIUM_INCOME_YOY":null,"NET_INTEREST_INCOME":null,"NET_INTEREST_INCOME_YOY":null,"FEE_COMMISSION_INCOME":null,"FEE_COMMISSION_INCOME_YOY":null,"ACCOUNTS_RECE_TDAYS":3.800233587005,"INVENTORY_TDAYS":null,"CURRENT_ASSETS_TDAYS":0.27629085601,"TOTAL_ASSETS_TDAYS":0.244903859171,"PREMIUM_EXPENSE":null,"LOAN_DEPOSIT":null,"LOAN_EQUITY":null,"LOAN_ASSETS":null,"DEPOSIT_EQUITY":null,"DEPOSIT_ASSETS":null,"EQUITY_MULTIPLIER":1.111068300285,"EQUITY_RATIO":0.111068300286},{"SECUCODE":"09990.HK","SECURITY_CODE":"09990","SECURITY_NAME_ABBR":"祖龙娱乐","ORG_CODE":"10000083132","STD_REPORT_DATE":"2021-06-30 00:00:00","REPORT_DATE":"2021-06-30 00:00:00","DATE_TYPE_CODE":"002","REPORT_TYPE":"2021年中报","PER_NETCASH_OPERATE":-0.09268555873,"PER_OI":0.679060955721,"BPS":4.277459502956,"BASIC_EPS":-0.11,"DILUTED_EPS":-0.11,"OPERATE_INCOME":553781000,"OPERATE_INCOME_YOY":-8.0013954763,"GROSS_PROFIT":441138000,"GROSS_PROFIT_YOY":-2.695226940358,"HOLDER_PROFIT":-85835000,"HOLDER_PROFIT_YOY":89.0961497665,"GROSS_PROFIT_RATIO":79.659287696761,"EPS_TTM":-0.070701769445,"OPERATE_INCOME_QOQ":-3.984308950218,"NET_PROFIT_RATIO":-15.4998094915,"ROE_AVG":-2.460735663495,"GROSS_PROFIT_QOQ":-1.319680399522,"ROA":-2.180838752083,"HOLDER_PROFIT_QOQ":92.403645744129,"ROE_YEARLY":-4.92147132699,"ROIC_YEARLY":-16.424741303388,"TOTAL_ASSETS":3869906000,"TOTAL_LIABILITIES":442822000,"TAX_EBT":-3.716816297925,"OCF_SALES":-13.649077884579,"TOTAL_PARENT_EQUITY":3427084000,"DEBT_ASSET_RATIO":11.4427068771,"OPERATE_PROFIT":-87656000,"PRETAX_PROFIT":-82759000,"NETCASH_OPERATE":-75586000,"NETCASH_INVEST":-389287000,"NETCASH_FINANCE":-20435000,"END_CASH":2543334000,"DIVI_RATIO":null,"DIVIDEND_RATE":null,"CURRENT_RATIO":10.72868979076,"COMMON_ACS":5000000000,"CURRENTDEBT_DEBT":72.364290843725,"ISSUED_COMMON_SHARES":801196130,"HK_COMMON_SHARES":801196130,"PER_SHARES":1000,"TOTAL_MARKET_CAP":1025531046.4,"HKSK_MARKET_CAP":1025531046.4,"PE_TTM":-4.231784026071,"PB_TTM":0.420508868566,"REPORT_DATE_SQ":"2020-06-30 00:00:00","REPORT_TYPE_SQ":"2020年中报","OPERATE_INCOME_SQ":601945000,"DPS_HKD":null,"OPERATE_INCOME_QOQ_SQ":26.648682684217,"NET_PROFIT_RATIO_SQ":-130.7759014528,"HOLDER_PROFIT_SQ":-787199000,"HOLDER_PROFIT_QOQ_SQ":-579.517234445431,"ROE_AVG_SQ":149.737455049699,"PE_TTM_SQ":-2.083556571516,"PB_TTM_SQ":0.591710592758,"ROA_SQ":-41.12253376145,"START_DATE":"2021-01-01 00:00:00","FISCAL_YEAR":"12-31","CURRENCY":"HKD","IS_CNY_CODE":0,"DPS_HKD_LY":0.074,"ORG_TYPE":"一般企业","PREMIUM_INCOME":null,"PREMIUM_INCOME_YOY":null,"NET_INTEREST_INCOME":null,"NET_INTEREST_INCOME_YOY":null,"FEE_COMMISSION_INCOME":null,"FEE_COMMISSION_INCOME_YOY":null,"ACCOUNTS_RECE_TDAYS":1.723362508266,"INVENTORY_TDAYS":null,"CURRENT_ASSETS_TDAYS":0.155077962394,"TOTAL_ASSETS_TDAYS":0.140701003666,"PREMIUM_EXPENSE":null,"LOAN_DEPOSIT":null,"LOAN_EQUITY":null,"LOAN_ASSETS":null,"DEPOSIT_EQUITY":null,"DEPOSIT_ASSETS":null,"EQUITY_MULTIPLIER":1.129212473344,"EQUITY_RATIO":0.129212473345},{"SECUCODE":"09990.HK","SECURITY_CODE":"09990","SECURITY_NAME_ABBR":"祖龙娱乐","ORG_CODE":"10000083132","STD_REPORT_DATE":"2020-12-31 00:00:00","REPORT_DATE":"2020-12-31 00:00:00","DATE_TYPE_CODE":"001","REPORT_TYPE":"2020年年报","PER_NETCASH_OPERATE":0.560153768807,"PER_OI":1.482314134713,"BPS":4.429982705982,"BASIC_EPS":-1.42,"DILUTED_EPS":-1.42,"OPERATE_INCOME":1208842000,"OPERATE_INCOME_YOY":13.267419133,"GROSS_PROFIT":925906000,"GROSS_PROFIT_YOY":4.078469194254,"HOLDER_PROFIT":-759022000,"HOLDER_PROFIT_YOY":-735.9418201317,"GROSS_PROFIT_RATIO":76.594459821879,"EPS_TTM":-0.930732915599,"OPERATE_INCOME_QOQ":-10.565655534372,"NET_PROFIT_RATIO":-62.7891817127,"ROE_AVG":-40.814360000721,"GROSS_PROFIT_QOQ":-13.699257048532,"ROA":-25.707616346454,"HOLDER_PROFIT_QOQ":-32.621264565639,"ROE_YEARLY":-40.814360000721,"ROIC_YEARLY":-79.908954860119,"TOTAL_ASSETS":4001836000,"TOTAL_LIABILITIES":452551000,"TAX_EBT":2.096796245992,"OCF_SALES":37.789140350848,"TOTAL_PARENT_EQUITY":3549285000,"DEBT_ASSET_RATIO":11.3085843598,"OPERATE_PROFIT":83114000,"PRETAX_PROFIT":-775278000,"NETCASH_OPERATE":456811000,"NETCASH_INVEST":153606000,"NETCASH_FINANCE":1901458000,"END_CASH":3055711000,"DIVI_RATIO":null,"DIVIDEND_RATE":null,"CURRENT_RATIO":11.937957662954,"COMMON_ACS":5000000000,"CURRENTDEBT_DEBT":68.560670510064,"ISSUED_COMMON_SHARES":801196130,"HK_COMMON_SHARES":801196130,"PER_SHARES":1000,"TOTAL_MARKET_CAP":1025531046.4,"HKSK_MARKET_CAP":1025531046.4,"PE_TTM":-4.231784026071,"PB_TTM":0.420508868566,"REPORT_DATE_SQ":"2019-12-31 00:00:00","REPORT_TYPE_SQ":"2019年年报","OPERATE_INCOME_SQ":1067246000,"DPS_HKD":null,"OPERATE_INCOME_QOQ_SQ":22.662507599989,"NET_PROFIT_RATIO_SQ":11.2780933356,"HOLDER_PROFIT_SQ":119354000,"HOLDER_PROFIT_QOQ_SQ":260.140075941555,"ROE_AVG_SQ":106.583676768038,"PE_TTM_SQ":-2.083556571516,"PB_TTM_SQ":0.591710592758,"ROA_SQ":6.915380252051,"START_DATE":"2020-01-01 00:00:00","FISCAL_YEAR":"12-31","CURRENCY":"HKD","IS_CNY_CODE":0,"DPS_HKD_LY":null,"ORG_TYPE":"一般企业","PREMIUM_INCOME":null,"PREMIUM_INCOME_YOY":null,"NET_INTEREST_INCOME":null,"NET_INTEREST_INCOME_YOY":null,"FEE_COMMISSION_INCOME":null,"FEE_COMMISSION_INCOME_YOY":null,"ACCOUNTS_RECE_TDAYS":2.764783174015,"INVENTORY_TDAYS":null,"CURRENT_ASSETS_TDAYS":0.440776539018,"TOTAL_ASSETS_TDAYS":0.409427478512,"PREMIUM_EXPENSE":null,"LOAN_DEPOSIT":null,"LOAN_EQUITY":null,"LOAN_ASSETS":null,"DEPOSIT_EQUITY":null,"DEPOSIT_ASSETS":null,"EQUITY_MULTIPLIER":1.127504835481,"EQUITY_RATIO":0.127504835481},{"SECUCODE":"09990.HK","SECURITY_CODE":"09990","SECURITY_NAME_ABBR":"祖龙娱乐","ORG_CODE":"10000083132","STD_REPORT_DATE":"2020-06-30 00:00:00","REPORT_DATE":"2020-06-30 00:00:00","DATE_TYPE_CODE":"002","REPORT_TYPE":"2020年中报","PER_NETCASH_OPERATE":2.722939808713,"PER_OI":5.899061018877,"BPS":-1.524646655495,"BASIC_EPS":-2.46,"DILUTED_EPS":-2.46,"OPERATE_INCOME":601945000,"OPERATE_INCOME_YOY":89.5662881293,"GROSS_PROFIT":453357000,"GROSS_PROFIT_YOY":67.849698441671,"HOLDER_PROFIT":-787199000,"HOLDER_PROFIT_YOY":-724.1023010406,"GROSS_PROFIT_RATIO":75.315352731562,"EPS_TTM":-5.608765417948,"OPERATE_INCOME_QOQ":26.648682684217,"NET_PROFIT_RATIO":-130.7759014528,"ROE_AVG":149.737455049699,"GROSS_PROFIT_QOQ":20.599737192047,"ROA":-41.12253376145,"HOLDER_PROFIT_QOQ":-579.517234445431,"ROE_YEARLY":299.474910099397,"ROIC_YEARLY":-142.888726533465,"TOTAL_ASSETS":1925353000,"TOTAL_LIABILITIES":3146894000,"TAX_EBT":0.840938434892,"OCF_SALES":46.158868335147,"TOTAL_PARENT_EQUITY":-1221541000,"DEBT_ASSET_RATIO":163.4450409873,"OPERATE_PROFIT":69774000,"PRETAX_PROFIT":-793875000,"NETCASH_OPERATE":277851000,"NETCASH_INVEST":-12212000,"NETCASH_FINANCE":-244778000,"END_CASH":753548000,"DIVI_RATIO":null,"DIVIDEND_RATE":null,"CURRENT_RATIO":5.759616073836,"COMMON_ACS":5000000000,"CURRENTDEBT_DEBT":9.309910025568,"ISSUED_COMMON_SHARES":801196130,"HK_COMMON_SHARES":801196130,"PER_SHARES":1000,"TOTAL_MARKET_CAP":1025531046.4,"HKSK_MARKET_CAP":1025531046.4,"PE_TTM":-4.231784026071,"PB_TTM":0.420508868566,"REPORT_DATE_SQ":"2019-06-30 00:00:00","REPORT_TYPE_SQ":"2019年中报","OPERATE_INCOME_SQ":317538000,"DPS_HKD":null,"OPERATE_INCOME_QOQ_SQ":0,"NET_PROFIT_RATIO_SQ":-30.0830136866,"HOLDER_PROFIT_SQ":-95522000,"HOLDER_PROFIT_QOQ_SQ":0,"ROE_AVG_SQ":null,"PE_TTM_SQ":-2.083556571516,"PB_TTM_SQ":0.591710592758,"ROA_SQ":null,"START_DATE":"2020-01-01 00:00:00","FISCAL_YEAR":"12-31","CURRENCY":"HKD","IS_CNY_CODE":0,"DPS_HKD_LY":null,"ORG_TYPE":"一般企业","PREMIUM_INCOME":null,"PREMIUM_INCOME_YOY":null,"NET_INTEREST_INCOME":null,"NET_INTEREST_INCOME_YOY":null,"FEE_COMMISSION_INCOME":null,"FEE_COMMISSION_INCOME_YOY":null,"ACCOUNTS_RECE_TDAYS":1.286259484894,"INVENTORY_TDAYS":null,"CURRENT_ASSETS_TDAYS":0.347097006332,"TOTAL_ASSETS_TDAYS":0.314450394183,"PREMIUM_EXPENSE":null,"LOAN_DEPOSIT":null,"LOAN_EQUITY":null,"LOAN_ASSETS":null,"DEPOSIT_EQUITY":null,"DEPOSIT_ASSETS":null,"EQUITY_MULTIPLIER":-1.576167316529,"EQUITY_RATIO":-2.576167316529}],"count":13},"success":true,"message":"ok","code":0}