{"version":"377998d7674a45950537c1b2193663d0","result":{"pages":2,"data":[{"SECUCODE":"09997.HK","SECURITY_CODE":"09997","SECURITY_NAME_ABBR":"康基医疗","ORG_CODE":"10000081439","STD_REPORT_DATE":"2024-06-30 00:00:00","REPORT_DATE":"2024-06-30 00:00:00","DATE_TYPE_CODE":"002","REPORT_TYPE":"2024年中报","PER_NETCASH_OPERATE":0.182514131712,"PER_OI":0.377350243369,"BPS":1.954599753144,"BASIC_EPS":0.2439,"DILUTED_EPS":0.2439,"OPERATE_INCOME":458413000,"OPERATE_INCOME_YOY":13.5841165146,"GROSS_PROFIT":363123000,"GROSS_PROFIT_YOY":12.856987459402,"HOLDER_PROFIT":285847000,"HOLDER_PROFIT_YOY":11.8945749058,"GROSS_PROFIT_RATIO":79.213067692234,"EPS_TTM":0.439905961454,"OPERATE_INCOME_QOQ":5.920371308272,"NET_PROFIT_RATIO":60.1392194375,"ROE_AVG":9.508439930877,"GROSS_PROFIT_QOQ":5.581227173809,"ROA":6.625943978023,"HOLDER_PROFIT_QOQ":6.028717057424,"ROE_YEARLY":19.016879861755,"ROIC_YEARLY":38.894333457268,"TOTAL_ASSETS":4364296000,"TOTAL_LIABILITIES":2001568000,"TAX_EBT":15.880915257237,"OCF_SALES":48.36730197442,"TOTAL_PARENT_EQUITY":2362728000,"DEBT_ASSET_RATIO":45.8623338105,"OPERATE_PROFIT":334215000,"PRETAX_PROFIT":327733000,"NETCASH_OPERATE":221722000,"NETCASH_INVEST":1213364000,"NETCASH_FINANCE":-35692000,"END_CASH":2915728000,"DIVI_RATIO":2.241313931596,"DIVIDEND_RATE":16.79012345679,"CURRENT_RATIO":1.792619136253,"COMMON_ACS":5000000000,"CURRENTDEBT_DEBT":99.046247741771,"ISSUED_COMMON_SHARES":1208804000,"HK_COMMON_SHARES":1208804000,"PER_SHARES":500,"TOTAL_MARKET_CAP":7833049920,"HKSK_MARKET_CAP":7833049920,"PE_TTM":13.22488986584,"PB_TTM":3.025768518842,"REPORT_DATE_SQ":"2023-06-30 00:00:00","REPORT_TYPE_SQ":"2023年中报","OPERATE_INCOME_SQ":403589000,"DPS_HKD":1.088,"OPERATE_INCOME_QOQ_SQ":9.06294389261,"NET_PROFIT_RATIO_SQ":56.8144820597,"HOLDER_PROFIT_SQ":255461000,"HOLDER_PROFIT_QOQ_SQ":20.417976542346,"ROE_AVG_SQ":7.5405974098,"PE_TTM_SQ":12.194681306415,"PB_TTM_SQ":2.077063755833,"ROA_SQ":6.23961330474,"START_DATE":"2024-01-01 00:00:00","FISCAL_YEAR":"12-31","CURRENCY":"HKD","IS_CNY_CODE":0,"DPS_HKD_LY":1.088,"ORG_TYPE":"一般企业","PREMIUM_INCOME":null,"PREMIUM_INCOME_YOY":null,"NET_INTEREST_INCOME":null,"NET_INTEREST_INCOME_YOY":null,"FEE_COMMISSION_INCOME":null,"FEE_COMMISSION_INCOME_YOY":null,"ACCOUNTS_RECE_TDAYS":2.069678089304,"INVENTORY_TDAYS":0.911634848579,"CURRENT_ASSETS_TDAYS":0.132211947854,"TOTAL_ASSETS_TDAYS":0.106260302078,"PREMIUM_EXPENSE":null,"LOAN_DEPOSIT":null,"LOAN_EQUITY":null,"LOAN_ASSETS":null,"DEPOSIT_EQUITY":null,"DEPOSIT_ASSETS":null,"EQUITY_MULTIPLIER":1.84714279426,"EQUITY_RATIO":0.847142794262},{"SECUCODE":"09997.HK","SECURITY_CODE":"09997","SECURITY_NAME_ABBR":"康基医疗","ORG_CODE":"10000081439","STD_REPORT_DATE":"2023-12-31 00:00:00","REPORT_DATE":"2023-12-31 00:00:00","DATE_TYPE_CODE":"001","REPORT_TYPE":"2023年年报","PER_NETCASH_OPERATE":0.34485351646,"PER_OI":0.761036397346,"BPS":3.019316613777,"BASIC_EPS":0.4308,"DILUTED_EPS":0.4299,"OPERATE_INCOME":926023000,"OPERATE_INCOME_YOY":17.7596465772,"GROSS_PROFIT":741199000,"GROSS_PROFIT_YOY":16.678866645573,"HOLDER_PROFIT":504021000,"HOLDER_PROFIT_YOY":5.2818365066,"GROSS_PROFIT_RATIO":80.041100491025,"EPS_TTM":0.414221165162,"OPERATE_INCOME_QOQ":7.974021582608,"NET_PROFIT_RATIO":48.8427393272,"ROE_AVG":14.353929224408,"GROSS_PROFIT_QOQ":7.219690723141,"ROA":12.220573618069,"HOLDER_PROFIT_QOQ":-12.569668142859,"ROE_YEARLY":14.353929224408,"ROIC_YEARLY":47.686654963108,"TOTAL_ASSETS":4263818000,"TOTAL_LIABILITIES":319972000,"TAX_EBT":23.179810146899,"OCF_SALES":45.313669314909,"TOTAL_PARENT_EQUITY":3649762000,"DEBT_ASSET_RATIO":7.5043540789,"OPERATE_PROFIT":591028000,"PRETAX_PROFIT":588771000,"NETCASH_OPERATE":419615000,"NETCASH_INVEST":-391696000,"NETCASH_FINANCE":-243532000,"END_CASH":1520397000,"DIVI_RATIO":2.380292082888,"DIVIDEND_RATE":18.013245033113,"CURRENT_RATIO":17.716267345827,"COMMON_ACS":5000000000,"CURRENTDEBT_DEBT":59.637718300351,"ISSUED_COMMON_SHARES":1208804000,"HK_COMMON_SHARES":1208804000,"PER_SHARES":500,"TOTAL_MARKET_CAP":7301176160,"HKSK_MARKET_CAP":7301176160,"PE_TTM":12.326903516925,"PB_TTM":2.820315100896,"REPORT_DATE_SQ":"2022-12-31 00:00:00","REPORT_TYPE_SQ":"2022年年报","OPERATE_INCOME_SQ":786367000,"DPS_HKD":1.088,"OPERATE_INCOME_QOQ_SQ":11.626919910286,"NET_PROFIT_RATIO_SQ":58.6461537679,"HOLDER_PROFIT_SQ":478735000,"HOLDER_PROFIT_QOQ_SQ":15.317817432024,"ROE_AVG_SQ":14.434078215407,"PE_TTM_SQ":13.143617895762,"PB_TTM_SQ":2.238691743215,"ROA_SQ":12.982195191895,"START_DATE":"2023-01-01 00:00:00","FISCAL_YEAR":"12-31","CURRENCY":"HKD","IS_CNY_CODE":0,"DPS_HKD_LY":0.2048,"ORG_TYPE":"一般企业","PREMIUM_INCOME":null,"PREMIUM_INCOME_YOY":null,"NET_INTEREST_INCOME":null,"NET_INTEREST_INCOME_YOY":null,"FEE_COMMISSION_INCOME":null,"FEE_COMMISSION_INCOME_YOY":null,"ACCOUNTS_RECE_TDAYS":4.76497572547,"INVENTORY_TDAYS":1.755180338455,"CURRENT_ASSETS_TDAYS":0.28473526351,"TOTAL_ASSETS_TDAYS":0.224525014702,"PREMIUM_EXPENSE":null,"LOAN_DEPOSIT":null,"LOAN_EQUITY":null,"LOAN_ASSETS":null,"DEPOSIT_EQUITY":null,"DEPOSIT_ASSETS":null,"EQUITY_MULTIPLIER":1.081131971177,"EQUITY_RATIO":0.087669278161},{"SECUCODE":"09997.HK","SECURITY_CODE":"09997","SECURITY_NAME_ABBR":"康基医疗","ORG_CODE":"10000081439","STD_REPORT_DATE":"2023-06-30 00:00:00","REPORT_DATE":"2023-06-30 00:00:00","DATE_TYPE_CODE":"002","REPORT_TYPE":"2023年中报","PER_NETCASH_OPERATE":0.139341810268,"PER_OI":0.331682818427,"BPS":2.81486411362,"BASIC_EPS":0.2183,"DILUTED_EPS":0.2173,"OPERATE_INCOME":403589000,"OPERATE_INCOME_YOY":21.4455300748,"GROSS_PROFIT":321755000,"GROSS_PROFIT_YOY":21.091633046306,"HOLDER_PROFIT":255461000,"HOLDER_PROFIT_YOY":61.9784038095,"GROSS_PROFIT_RATIO":79.72343151077,"EPS_TTM":0.473772838743,"OPERATE_INCOME_QOQ":9.06294389261,"NET_PROFIT_RATIO":56.8144820597,"ROE_AVG":7.5405974098,"GROSS_PROFIT_QOQ":8.822237649292,"ROA":6.23961330474,"HOLDER_PROFIT_QOQ":20.417976542346,"ROE_YEARLY":15.081194819601,"ROIC_YEARLY":60.033640421146,"TOTAL_ASSETS":4203449000,"TOTAL_LIABILITIES":481184000,"TAX_EBT":15.476515212952,"OCF_SALES":42.010560248173,"TOTAL_PARENT_EQUITY":3402619000,"DEBT_ASSET_RATIO":11.4473614406,"OPERATE_PROFIT":272459000,"PRETAX_PROFIT":271282000,"NETCASH_OPERATE":169550000,"NETCASH_INVEST":-1249899000,"NETCASH_FINANCE":-19602000,"END_CASH":663744000,"DIVI_RATIO":2.081097267238,"DIVIDEND_RATE":18.013245033113,"CURRENT_RATIO":9.123857689336,"COMMON_ACS":5000000000,"CURRENTDEBT_DEBT":75.569220921726,"ISSUED_COMMON_SHARES":1208804000,"HK_COMMON_SHARES":1208804000,"PER_SHARES":500,"TOTAL_MARKET_CAP":7301176160,"HKSK_MARKET_CAP":7301176160,"PE_TTM":12.326903516925,"PB_TTM":2.820315100896,"REPORT_DATE_SQ":"2022-06-30 00:00:00","REPORT_TYPE_SQ":"2022年中报","OPERATE_INCOME_SQ":332321000,"DPS_HKD":1.088,"OPERATE_INCOME_QOQ_SQ":2.056752281377,"NET_PROFIT_RATIO_SQ":46.1893771384,"HOLDER_PROFIT_SQ":157713000,"HOLDER_PROFIT_QOQ_SQ":-9.116900801026,"ROE_AVG_SQ":4.79500533579,"PE_TTM_SQ":13.143617895762,"PB_TTM_SQ":2.238691743215,"ROA_SQ":4.213877396161,"START_DATE":"2023-01-01 00:00:00","FISCAL_YEAR":"12-31","CURRENCY":"HKD","IS_CNY_CODE":0,"DPS_HKD_LY":0.2048,"ORG_TYPE":"一般企业","PREMIUM_INCOME":null,"PREMIUM_INCOME_YOY":null,"NET_INTEREST_INCOME":null,"NET_INTEREST_INCOME_YOY":null,"FEE_COMMISSION_INCOME":null,"FEE_COMMISSION_INCOME_YOY":null,"ACCOUNTS_RECE_TDAYS":2.429107958615,"INVENTORY_TDAYS":0.750264729746,"CURRENT_ASSETS_TDAYS":0.125310159637,"TOTAL_ASSETS_TDAYS":0.098576271683,"PREMIUM_EXPENSE":null,"LOAN_DEPOSIT":null,"LOAN_EQUITY":null,"LOAN_ASSETS":null,"DEPOSIT_EQUITY":null,"DEPOSIT_ASSETS":null,"EQUITY_MULTIPLIER":1.129271827772,"EQUITY_RATIO":0.141415774143},{"SECUCODE":"09997.HK","SECURITY_CODE":"09997","SECURITY_NAME_ABBR":"康基医疗","ORG_CODE":"10000081439","STD_REPORT_DATE":"2022-12-31 00:00:00","REPORT_DATE":"2022-12-31 00:00:00","DATE_TYPE_CODE":"001","REPORT_TYPE":"2022年年报","PER_NETCASH_OPERATE":0.261879435387,"PER_OI":0.644926282259,"BPS":2.790359727466,"BASIC_EPS":0.3963,"DILUTED_EPS":0.3963,"OPERATE_INCOME":786367000,"OPERATE_INCOME_YOY":13.9228091322,"GROSS_PROFIT":635247000,"GROSS_PROFIT_YOY":12.84733695015,"HOLDER_PROFIT":478735000,"HOLDER_PROFIT_YOY":4.8044064108,"GROSS_PROFIT_RATIO":80.782509947645,"EPS_TTM":0.392626831667,"OPERATE_INCOME_QOQ":11.626919910286,"NET_PROFIT_RATIO":58.6461537679,"ROE_AVG":14.434078215407,"GROSS_PROFIT_QOQ":11.95535511296,"ROA":12.982195191895,"HOLDER_PROFIT_QOQ":15.317817432024,"ROE_YEARLY":14.434078215407,"ROIC_YEARLY":76.145236379715,"TOTAL_ASSETS":3984911000,"TOTAL_LIABILITIES":266103000,"TAX_EBT":18.107269188698,"OCF_SALES":40.606103765799,"TOTAL_PARENT_EQUITY":3372998000,"DEBT_ASSET_RATIO":6.6777651998,"OPERATE_PROFIT":565019000,"PRETAX_PROFIT":563144000,"NETCASH_OPERATE":319313000,"NETCASH_INVEST":-369983000,"NETCASH_FINANCE":-472792000,"END_CASH":1738963000,"DIVI_RATIO":2.511207285082,"DIVIDEND_RATE":18.013245033113,"CURRENT_RATIO":20.327847516415,"COMMON_ACS":5000000000,"CURRENTDEBT_DEBT":57.747939707557,"ISSUED_COMMON_SHARES":1208804000,"HK_COMMON_SHARES":1208804000,"PER_SHARES":500,"TOTAL_MARKET_CAP":7301176160,"HKSK_MARKET_CAP":7301176160,"PE_TTM":12.326903516925,"PB_TTM":2.820315100896,"REPORT_DATE_SQ":"2021-12-31 00:00:00","REPORT_TYPE_SQ":"2021年年报","OPERATE_INCOME_SQ":690263000,"DPS_HKD":1.088,"OPERATE_INCOME_QOQ_SQ":11.869172661812,"NET_PROFIT_RATIO_SQ":66.1760807113,"HOLDER_PROFIT_SQ":456789000,"HOLDER_PROFIT_QOQ_SQ":23.820585939194,"ROE_AVG_SQ":14.742233837856,"PE_TTM_SQ":13.143617895762,"PB_TTM_SQ":2.238691743215,"ROA_SQ":14.251041828345,"START_DATE":"2022-01-01 00:00:00","FISCAL_YEAR":"12-31","CURRENCY":"HKD","IS_CNY_CODE":0,"DPS_HKD_LY":0.1723,"ORG_TYPE":"一般企业","PREMIUM_INCOME":null,"PREMIUM_INCOME_YOY":null,"NET_INTEREST_INCOME":null,"NET_INTEREST_INCOME_YOY":null,"FEE_COMMISSION_INCOME":null,"FEE_COMMISSION_INCOME_YOY":null,"ACCOUNTS_RECE_TDAYS":6.438664723414,"INVENTORY_TDAYS":1.739260538052,"CURRENT_ASSETS_TDAYS":0.249951765295,"TOTAL_ASSETS_TDAYS":0.21324469459,"PREMIUM_EXPENSE":null,"LOAN_DEPOSIT":null,"LOAN_EQUITY":null,"LOAN_ASSETS":null,"DEPOSIT_EQUITY":null,"DEPOSIT_ASSETS":null,"EQUITY_MULTIPLIER":1.071555993211,"EQUITY_RATIO":0.078892130977},{"SECUCODE":"09997.HK","SECURITY_CODE":"09997","SECURITY_NAME_ABBR":"康基医疗","ORG_CODE":"10000081439","STD_REPORT_DATE":"2022-06-30 00:00:00","REPORT_DATE":"2022-06-30 00:00:00","DATE_TYPE_CODE":"002","REPORT_TYPE":"2022年中报","PER_NETCASH_OPERATE":0.103399799145,"PER_OI":0.266886662252,"BPS":2.744712128683,"BASIC_EPS":0.1295,"DILUTED_EPS":0.1295,"OPERATE_INCOME":332321000,"OPERATE_INCOME_YOY":4.4627252266,"GROSS_PROFIT":265712000,"GROSS_PROFIT_YOY":1.716897564187,"HOLDER_PROFIT":157713000,"HOLDER_PROFIT_YOY":-20.8895554731,"GROSS_PROFIT_RATIO":79.956427670836,"EPS_TTM":0.333401730598,"OPERATE_INCOME_QOQ":2.056752281377,"NET_PROFIT_RATIO":46.1893771384,"ROE_AVG":4.79500533579,"GROSS_PROFIT_QOQ":0.79672994319,"ROA":4.213877396161,"HOLDER_PROFIT_QOQ":-9.116900801026,"ROE_YEARLY":9.59001067158,"ROIC_YEARLY":56.521524880233,"TOTAL_ASSETS":4095066000,"TOTAL_LIABILITIES":418091000,"TAX_EBT":21.200344979825,"OCF_SALES":38.742962376738,"TOTAL_PARENT_EQUITY":3317819000,"DEBT_ASSET_RATIO":10.209627879,"OPERATE_PROFIT":195509000,"PRETAX_PROFIT":194794000,"NETCASH_OPERATE":128751000,"NETCASH_INVEST":-351861000,"NETCASH_FINANCE":-19231000,"END_CASH":1994026000,"DIVI_RATIO":2.957295267278,"DIVIDEND_RATE":18.013245033113,"CURRENT_RATIO":10.905773205376,"COMMON_ACS":5000000000,"CURRENTDEBT_DEBT":72.676044210471,"ISSUED_COMMON_SHARES":1208804000,"HK_COMMON_SHARES":1208804000,"PER_SHARES":500,"TOTAL_MARKET_CAP":7301176160,"HKSK_MARKET_CAP":7301176160,"PE_TTM":12.326903516925,"PB_TTM":2.820315100896,"REPORT_DATE_SQ":"2021-06-30 00:00:00","REPORT_TYPE_SQ":"2021年中报","OPERATE_INCOME_SQ":318124000,"DPS_HKD":1.088,"OPERATE_INCOME_QOQ_SQ":20.633247961837,"NET_PROFIT_RATIO_SQ":62.6667588739,"HOLDER_PROFIT_SQ":199358000,"HOLDER_PROFIT_QOQ_SQ":47.390289896762,"ROE_AVG_SQ":6.634101473886,"PE_TTM_SQ":13.143617895762,"PB_TTM_SQ":2.238691743215,"ROA_SQ":6.421386110167,"START_DATE":"2022-01-01 00:00:00","FISCAL_YEAR":"12-31","CURRENCY":"HKD","IS_CNY_CODE":0,"DPS_HKD_LY":0.1723,"ORG_TYPE":"一般企业","PREMIUM_INCOME":null,"PREMIUM_INCOME_YOY":null,"NET_INTEREST_INCOME":null,"NET_INTEREST_INCOME_YOY":null,"FEE_COMMISSION_INCOME":null,"FEE_COMMISSION_INCOME_YOY":null,"ACCOUNTS_RECE_TDAYS":3.383090705487,"INVENTORY_TDAYS":0.810727913388,"CURRENT_ASSETS_TDAYS":0.102534490587,"TOTAL_ASSETS_TDAYS":0.088791662715,"PREMIUM_EXPENSE":null,"LOAN_DEPOSIT":null,"LOAN_EQUITY":null,"LOAN_ASSETS":null,"DEPOSIT_EQUITY":null,"DEPOSIT_ASSETS":null,"EQUITY_MULTIPLIER":1.113705151653,"EQUITY_RATIO":0.126013806058},{"SECUCODE":"09997.HK","SECURITY_CODE":"09997","SECURITY_NAME_ABBR":"康基医疗","ORG_CODE":"10000081439","STD_REPORT_DATE":"2021-12-31 00:00:00","REPORT_DATE":"2021-12-31 00:00:00","DATE_TYPE_CODE":"001","REPORT_TYPE":"2021年年报","PER_NETCASH_OPERATE":0.349752965081,"PER_OI":0.554038060755,"BPS":2.697212285863,"BASIC_EPS":0.3731,"DILUTED_EPS":0.3708,"OPERATE_INCOME":690263000,"OPERATE_INCOME_YOY":34.95141645,"GROSS_PROFIT":562926000,"GROSS_PROFIT_YOY":30.46700813498,"HOLDER_PROFIT":456789000,"HOLDER_PROFIT_YOY":82.4995205676,"GROSS_PROFIT_RATIO":81.552393797726,"EPS_TTM":0.366640674256,"OPERATE_INCOME_QOQ":11.869172661812,"NET_PROFIT_RATIO":66.1760807113,"ROE_AVG":14.742233837856,"GROSS_PROFIT_QOQ":9.292649637035,"ROA":14.251041828345,"HOLDER_PROFIT_QOQ":23.820585939194,"ROE_YEARLY":14.742233837856,"ROIC_YEARLY":74.583884398726,"TOTAL_ASSETS":3390344000,"TOTAL_LIABILITIES":129943000,"TAX_EBT":14.538528747589,"OCF_SALES":63.127967166138,"TOTAL_PARENT_EQUITY":3260401000,"DEBT_ASSET_RATIO":3.8327379169,"OPERATE_PROFIT":534693000,"PRETAX_PROFIT":534497000,"NETCASH_OPERATE":435749000,"NETCASH_INVEST":-160093000,"NETCASH_FINANCE":-97610000,"END_CASH":2177833000,"DIVI_RATIO":2.689192523443,"DIVIDEND_RATE":18.013245033113,"CURRENT_RATIO":27.179682942731,"COMMON_ACS":5000000000,"CURRENTDEBT_DEBT":89.710103660836,"ISSUED_COMMON_SHARES":1208804000,"HK_COMMON_SHARES":1208804000,"PER_SHARES":500,"TOTAL_MARKET_CAP":7301176160,"HKSK_MARKET_CAP":7301176160,"PE_TTM":12.326903516925,"PB_TTM":2.820315100896,"REPORT_DATE_SQ":"2020-12-31 00:00:00","REPORT_TYPE_SQ":"2020年年报","OPERATE_INCOME_SQ":511490000,"DPS_HKD":1.088,"OPERATE_INCOME_QOQ_SQ":2.29902299023,"NET_PROFIT_RATIO_SQ":50.6657021643,"HOLDER_PROFIT_SQ":250296000,"HOLDER_PROFIT_QOQ_SQ":22.954491865126,"ROE_AVG_SQ":15.337521244155,"PE_TTM_SQ":13.143617895762,"PB_TTM_SQ":2.238691743215,"ROA_SQ":13.128412136973,"START_DATE":"2021-01-01 00:00:00","FISCAL_YEAR":"12-31","CURRENCY":"HKD","IS_CNY_CODE":0,"DPS_HKD_LY":0.044,"ORG_TYPE":"一般企业","PREMIUM_INCOME":null,"PREMIUM_INCOME_YOY":null,"NET_INTEREST_INCOME":null,"NET_INTEREST_INCOME_YOY":null,"FEE_COMMISSION_INCOME":null,"FEE_COMMISSION_INCOME_YOY":null,"ACCOUNTS_RECE_TDAYS":8.191768629173,"INVENTORY_TDAYS":2.125507018979,"CURRENT_ASSETS_TDAYS":0.226374483739,"TOTAL_ASSETS_TDAYS":0.215350345248,"PREMIUM_EXPENSE":null,"LOAN_DEPOSIT":null,"LOAN_EQUITY":null,"LOAN_ASSETS":null,"DEPOSIT_EQUITY":null,"DEPOSIT_ASSETS":null,"EQUITY_MULTIPLIER":1.039854913552,"EQUITY_RATIO":0.039854913552},{"SECUCODE":"09997.HK","SECURITY_CODE":"09997","SECURITY_NAME_ABBR":"康基医疗","ORG_CODE":"10000081439","STD_REPORT_DATE":"2021-06-30 00:00:00","REPORT_DATE":"2021-06-30 00:00:00","DATE_TYPE_CODE":"002","REPORT_TYPE":"2021年中报","PER_NETCASH_OPERATE":0.185807064724,"PER_OI":0.254050546734,"BPS":2.542585067554,"BASIC_EPS":0.1627,"DILUTED_EPS":0.1614,"OPERATE_INCOME":318124000,"OPERATE_INCOME_YOY":49.6441456909,"GROSS_PROFIT":261227000,"GROSS_PROFIT_YOY":47.059121564565,"HOLDER_PROFIT":199358000,"HOLDER_PROFIT_YOY":146.9074335538,"GROSS_PROFIT_RATIO":82.114835724435,"EPS_TTM":0.294609319941,"OPERATE_INCOME_QOQ":20.633247961837,"NET_PROFIT_RATIO":62.6667588739,"ROE_AVG":6.634101473886,"GROSS_PROFIT_QOQ":19.374000509885,"ROA":6.421386110167,"HOLDER_PROFIT_QOQ":47.390289896762,"ROE_YEARLY":13.268202947772,"ROIC_YEARLY":54.779328674461,"TOTAL_ASSETS":3188928000,"TOTAL_LIABILITIES":115441000,"TAX_EBT":14.93114969554,"OCF_SALES":73.137833046234,"TOTAL_PARENT_EQUITY":3073487000,"DEBT_ASSET_RATIO":3.620056646,"OPERATE_PROFIT":234456000,"PRETAX_PROFIT":234349000,"NETCASH_OPERATE":232669000,"NETCASH_INVEST":-779314000,"NETCASH_FINANCE":-45665000,"END_CASH":1425623000,"DIVI_RATIO":3.34669439581,"DIVIDEND_RATE":18.013245033113,"CURRENT_RATIO":27.681852025481,"COMMON_ACS":5000000000,"CURRENTDEBT_DEBT":94.237749153247,"ISSUED_COMMON_SHARES":1208804000,"HK_COMMON_SHARES":1208804000,"PER_SHARES":500,"TOTAL_MARKET_CAP":7301176160,"HKSK_MARKET_CAP":7301176160,"PE_TTM":12.326903516925,"PB_TTM":2.820315100896,"REPORT_DATE_SQ":"2020-06-30 00:00:00","REPORT_TYPE_SQ":"2020年中报","OPERATE_INCOME_SQ":212587000,"DPS_HKD":1.088,"OPERATE_INCOME_QOQ_SQ":-0.689618187488,"NET_PROFIT_RATIO_SQ":42.1455686378,"HOLDER_PROFIT_SQ":80742000,"HOLDER_PROFIT_QOQ_SQ":-1.393113871074,"ROE_AVG_SQ":4.911440837126,"PE_TTM_SQ":13.143617895762,"PB_TTM_SQ":2.238691743215,"ROA_SQ":4.132197356923,"START_DATE":"2021-01-01 00:00:00","FISCAL_YEAR":"12-31","CURRENCY":"HKD","IS_CNY_CODE":0,"DPS_HKD_LY":0.044,"ORG_TYPE":"一般企业","PREMIUM_INCOME":null,"PREMIUM_INCOME_YOY":null,"NET_INTEREST_INCOME":null,"NET_INTEREST_INCOME_YOY":null,"FEE_COMMISSION_INCOME":null,"FEE_COMMISSION_INCOME_YOY":null,"ACCOUNTS_RECE_TDAYS":3.949079217692,"INVENTORY_TDAYS":1.061431982688,"CURRENT_ASSETS_TDAYS":0.107085271955,"TOTAL_ASSETS_TDAYS":0.102468776518,"PREMIUM_EXPENSE":null,"LOAN_DEPOSIT":null,"LOAN_EQUITY":null,"LOAN_ASSETS":null,"DEPOSIT_EQUITY":null,"DEPOSIT_ASSETS":null,"EQUITY_MULTIPLIER":1.037560269492,"EQUITY_RATIO":0.037560269492},{"SECUCODE":"09997.HK","SECURITY_CODE":"09997","SECURITY_NAME_ABBR":"康基医疗","ORG_CODE":"10000081439","STD_REPORT_DATE":"2020-12-31 00:00:00","REPORT_DATE":"2020-12-31 00:00:00","DATE_TYPE_CODE":"001","REPORT_TYPE":"2020年年报","PER_NETCASH_OPERATE":0.17652345957,"PER_OI":0.408470640848,"BPS":2.429352483943,"BASIC_EPS":0.2627,"DILUTED_EPS":0.2597,"OPERATE_INCOME":511490000,"OPERATE_INCOME_YOY":1.5935503221,"GROSS_PROFIT":431470000,"GROSS_PROFIT_YOY":1.960181957819,"HOLDER_PROFIT":250296000,"HOLDER_PROFIT_YOY":21.2415957838,"GROSS_PROFIT_RATIO":84.355510371659,"EPS_TTM":0.1998838052,"OPERATE_INCOME_QOQ":2.29902299023,"NET_PROFIT_RATIO":50.6657021643,"ROE_AVG":15.337521244155,"GROSS_PROFIT_QOQ":2.538083129352,"ROA":13.128412136973,"HOLDER_PROFIT_QOQ":22.954491865126,"ROE_YEARLY":15.337521244155,"ROIC_YEARLY":60.485949418632,"TOTAL_ASSETS":3020261000,"TOTAL_LIABILITIES":83650000,"TAX_EBT":16.423445940498,"OCF_SALES":43.215703141801,"TOTAL_PARENT_EQUITY":2936611000,"DEBT_ASSET_RATIO":2.7696281878,"OPERATE_PROFIT":310117000,"PRETAX_PROFIT":310075000,"NETCASH_OPERATE":221044000,"NETCASH_INVEST":-610978000,"NETCASH_FINANCE":2151811000,"END_CASH":2034337000,"DIVI_RATIO":4.932702571944,"DIVIDEND_RATE":18.013245033113,"CURRENT_RATIO":38.836081435729,"COMMON_ACS":5000000000,"CURRENTDEBT_DEBT":90.192468619247,"ISSUED_COMMON_SHARES":1208804000,"HK_COMMON_SHARES":1208804000,"PER_SHARES":500,"TOTAL_MARKET_CAP":7301176160,"HKSK_MARKET_CAP":7301176160,"PE_TTM":12.326903516925,"PB_TTM":2.820315100896,"REPORT_DATE_SQ":"2019-12-31 00:00:00","REPORT_TYPE_SQ":"2019年年报","OPERATE_INCOME_SQ":503467000,"DPS_HKD":1.088,"OPERATE_INCOME_QOQ_SQ":42.355020216586,"NET_PROFIT_RATIO_SQ":64.8970041731,"HOLDER_PROFIT_SQ":206444000,"HOLDER_PROFIT_QOQ_SQ":40.724330440829,"ROE_AVG_SQ":64.823688259491,"PE_TTM_SQ":13.143617895762,"PB_TTM_SQ":2.238691743215,"ROA_SQ":31.090682915516,"START_DATE":"2020-01-01 00:00:00","FISCAL_YEAR":"12-31","CURRENCY":"HKD","IS_CNY_CODE":0,"DPS_HKD_LY":null,"ORG_TYPE":"一般企业","PREMIUM_INCOME":null,"PREMIUM_INCOME_YOY":null,"NET_INTEREST_INCOME":null,"NET_INTEREST_INCOME_YOY":null,"FEE_COMMISSION_INCOME":null,"FEE_COMMISSION_INCOME_YOY":null,"ACCOUNTS_RECE_TDAYS":6.376925426539,"INVENTORY_TDAYS":1.811144810104,"CURRENT_ASSETS_TDAYS":0.280476583723,"TOTAL_ASSETS_TDAYS":0.268284412214,"PREMIUM_EXPENSE":null,"LOAN_DEPOSIT":null,"LOAN_EQUITY":null,"LOAN_ASSETS":null,"DEPOSIT_EQUITY":null,"DEPOSIT_ASSETS":null,"EQUITY_MULTIPLIER":1.028485216463,"EQUITY_RATIO":0.028485216462},{"SECUCODE":"09997.HK","SECURITY_CODE":"09997","SECURITY_NAME_ABBR":"康基医疗","ORG_CODE":"10000081439","STD_REPORT_DATE":"2020-06-30 00:00:00","REPORT_DATE":"2020-06-30 00:00:00","DATE_TYPE_CODE":"002","REPORT_TYPE":"2020年中报","PER_NETCASH_OPERATE":0.063558156296,"PER_OI":0.169769786557,"BPS":2.449269691364,"BASIC_EPS":0.1192,"DILUTED_EPS":0.1182,"OPERATE_INCOME":212587000,"OPERATE_INCOME_YOY":-1.6069684669,"GROSS_PROFIT":177634000,"GROSS_PROFIT_YOY":-1.32486015365,"HOLDER_PROFIT":80742000,"HOLDER_PROFIT_YOY":-3.4394508359,"GROSS_PROFIT_RATIO":83.558260853204,"EPS_TTM":0.162567306137,"OPERATE_INCOME_QOQ":-0.689618187488,"NET_PROFIT_RATIO":42.1455686378,"ROE_AVG":4.911440837126,"GROSS_PROFIT_QOQ":-0.563596620783,"ROA":4.132197356923,"HOLDER_PROFIT_QOQ":-1.393113871074,"ROE_YEARLY":9.822881674253,"ROIC_YEARLY":115.889983314495,"TOTAL_ASSETS":3115163000,"TOTAL_LIABILITIES":154476000,"TAX_EBT":21.348373787473,"OCF_SALES":37.437848974773,"TOTAL_PARENT_EQUITY":2960687000,"DEBT_ASSET_RATIO":4.9588416401,"OPERATE_PROFIT":113915000,"PRETAX_PROFIT":113915000,"NETCASH_OPERATE":79588000,"NETCASH_INVEST":116857000,"NETCASH_FINANCE":2210047000,"END_CASH":2875880000,"DIVI_RATIO":6.064979382551,"DIVIDEND_RATE":18.013245033113,"CURRENT_RATIO":20.2188886668,"COMMON_ACS":5000000000,"CURRENTDEBT_DEBT":97.160723995961,"ISSUED_COMMON_SHARES":1208804000,"HK_COMMON_SHARES":1208804000,"PER_SHARES":500,"TOTAL_MARKET_CAP":7301176160,"HKSK_MARKET_CAP":7301176160,"PE_TTM":12.326903516925,"PB_TTM":2.820315100896,"REPORT_DATE_SQ":"2019-06-30 00:00:00","REPORT_TYPE_SQ":"2019年中报","OPERATE_INCOME_SQ":216059000,"DPS_HKD":1.088,"OPERATE_INCOME_QOQ_SQ":0,"NET_PROFIT_RATIO_SQ":60.4709824631,"HOLDER_PROFIT_SQ":83618000,"HOLDER_PROFIT_QOQ_SQ":0,"ROE_AVG_SQ":null,"PE_TTM_SQ":13.143617895762,"PB_TTM_SQ":2.238691743215,"ROA_SQ":null,"START_DATE":"2020-01-01 00:00:00","FISCAL_YEAR":"12-31","CURRENCY":"HKD","IS_CNY_CODE":0,"DPS_HKD_LY":null,"ORG_TYPE":"一般企业","PREMIUM_INCOME":null,"PREMIUM_INCOME_YOY":null,"NET_INTEREST_INCOME":null,"NET_INTEREST_INCOME_YOY":null,"FEE_COMMISSION_INCOME":null,"FEE_COMMISSION_INCOME_YOY":null,"ACCOUNTS_RECE_TDAYS":2.590202684179,"INVENTORY_TDAYS":0.896978251107,"CURRENT_ASSETS_TDAYS":0.113321773024,"TOTAL_ASSETS_TDAYS":0.108797334661,"PREMIUM_EXPENSE":null,"LOAN_DEPOSIT":null,"LOAN_EQUITY":null,"LOAN_ASSETS":null,"DEPOSIT_EQUITY":null,"DEPOSIT_ASSETS":null,"EQUITY_MULTIPLIER":1.052175728134,"EQUITY_RATIO":0.052175728133}],"count":13},"success":true,"message":"ok","code":0}