{"version":"8081cc08850647ffb6db760a39fd3b53","result":{"pages":2,"data":[{"SECUCODE":"09993.HK","SECURITY_CODE":"09993","SECURITY_NAME_ABBR":"金辉控股","ORG_CODE":"10000081029","STD_REPORT_DATE":"2024-06-30 00:00:00","REPORT_DATE":"2024-06-30 00:00:00","DATE_TYPE_CODE":"002","REPORT_TYPE":"2024年中报","PER_NETCASH_OPERATE":0.45921773982,"PER_OI":4.049954427774,"BPS":5.418295190851,"BASIC_EPS":-0.5,"DILUTED_EPS":-0.5,"OPERATE_INCOME":16382985000,"OPERATE_INCOME_YOY":-10.7128979133,"GROSS_PROFIT":77868000,"GROSS_PROFIT_YOY":-96.65324837085,"HOLDER_PROFIT":-2026425000,"HOLDER_PROFIT_YOY":-487.7086175328,"GROSS_PROFIT_RATIO":0.475297999723,"EPS_TTM":-0.773835436182,"OPERATE_INCOME_QOQ":-5.739411600767,"NET_PROFIT_RATIO":-11.7624413378,"ROE_AVG":-8.835291321323,"GROSS_PROFIT_QOQ":-88.931027228134,"ROA":-1.68726155308,"HOLDER_PROFIT_QOQ":-438.554971371945,"ROE_YEARLY":-17.670582642647,"ROIC_YEARLY":-3.947155939671,"TOTAL_ASSETS":110424842000,"TOTAL_LIABILITIES":76907578000,"TAX_EBT":-41.005708164336,"OCF_SALES":11.338837214342,"TOTAL_PARENT_EQUITY":21918234000,"DEBT_ASSET_RATIO":69.6469893975,"OPERATE_PROFIT":-810054000,"PRETAX_PROFIT":-1366639000,"NETCASH_OPERATE":1857640000,"NETCASH_INVEST":-213605000,"NETCASH_FINANCE":-3559262000,"END_CASH":2892968000,"DIVI_RATIO":null,"DIVIDEND_RATE":null,"CURRENT_RATIO":1.435612012612,"COMMON_ACS":10000000000,"CURRENTDEBT_DEBT":72.054657604742,"ISSUED_COMMON_SHARES":4045227000,"HK_COMMON_SHARES":4045227000,"PER_SHARES":1000,"TOTAL_MARKET_CAP":10881660630,"HKSK_MARKET_CAP":10881660630,"PE_TTM":-3.173794633041,"PB_TTM":0.453114700016,"REPORT_DATE_SQ":"2023-06-30 00:00:00","REPORT_TYPE_SQ":"2023年中报","OPERATE_INCOME_SQ":18348658000,"DPS_HKD":null,"OPERATE_INCOME_QOQ_SQ":0.374783364733,"NET_PROFIT_RATIO_SQ":4.0180213725,"HOLDER_PROFIT_SQ":522667000,"HOLDER_PROFIT_QOQ_SQ":-41.984169156365,"ROE_AVG_SQ":2.107910667099,"PE_TTM_SQ":9.80382169258,"PB_TTM_SQ":0.370627422034,"ROA_SQ":0.337857565377,"START_DATE":"2024-01-01 00:00:00","FISCAL_YEAR":"12-31","CURRENCY":"HKD","IS_CNY_CODE":0,"DPS_HKD_LY":null,"ORG_TYPE":"一般企业","PREMIUM_INCOME":null,"PREMIUM_INCOME_YOY":null,"NET_INTEREST_INCOME":null,"NET_INTEREST_INCOME_YOY":null,"FEE_COMMISSION_INCOME":null,"FEE_COMMISSION_INCOME_YOY":null,"ACCOUNTS_RECE_TDAYS":424.094562586557,"INVENTORY_TDAYS":0.231260402344,"CURRENT_ASSETS_TDAYS":0.183265151375,"TOTAL_ASSETS_TDAYS":0.136409591844,"PREMIUM_EXPENSE":null,"LOAN_DEPOSIT":null,"LOAN_EQUITY":null,"LOAN_ASSETS":null,"DEPOSIT_EQUITY":null,"DEPOSIT_ASSETS":null,"EQUITY_MULTIPLIER":3.294566107777,"EQUITY_RATIO":3.508840082645},{"SECUCODE":"09993.HK","SECURITY_CODE":"09993","SECURITY_NAME_ABBR":"金辉控股","ORG_CODE":"10000081029","STD_REPORT_DATE":"2023-12-31 00:00:00","REPORT_DATE":"2023-12-31 00:00:00","DATE_TYPE_CODE":"001","REPORT_TYPE":"2023年年报","PER_NETCASH_OPERATE":2.003198831611,"PER_OI":8.466443292305,"BPS":5.921279324992,"BASIC_EPS":-0.14,"DILUTED_EPS":-0.14,"OPERATE_INCOME":34248685000,"OPERATE_INCOME_YOY":-3.0276853422,"GROSS_PROFIT":2528708000,"GROSS_PROFIT_YOY":-51.178379931283,"HOLDER_PROFIT":-581248000,"HOLDER_PROFIT_YOY":-134.0902719372,"GROSS_PROFIT_RATIO":7.383372529485,"EPS_TTM":-0.143687362909,"OPERATE_INCOME_QOQ":-3.389764433764,"NET_PROFIT_RATIO":-1.2670355081,"ROE_AVG":-2.397537356648,"GROSS_PROFIT_QOQ":-40.85424841371,"ROA":-0.398861511859,"HOLDER_PROFIT_QOQ":-158.760292564081,"ROE_YEARLY":-2.397537356648,"ROIC_YEARLY":-0.452464440026,"TOTAL_ASSETS":129777988000,"TOTAL_LIABILITIES":93828887000,"TAX_EBT":162.191135309284,"OCF_SALES":23.660452948778,"TOTAL_PARENT_EQUITY":23952919000,"DEBT_ASSET_RATIO":72.2995389634,"OPERATE_PROFIT":1041207000,"PRETAX_PROFIT":697757000,"NETCASH_OPERATE":8103394000,"NETCASH_INVEST":1942685000,"NETCASH_FINANCE":-9648654000,"END_CASH":4808037000,"DIVI_RATIO":null,"DIVIDEND_RATE":null,"CURRENT_RATIO":1.305694587433,"COMMON_ACS":10000000000,"CURRENTDEBT_DEBT":81.000166824957,"ISSUED_COMMON_SHARES":4045227000,"HK_COMMON_SHARES":4045227000,"PER_SHARES":1000,"TOTAL_MARKET_CAP":12863821860,"HKSK_MARKET_CAP":12863821860,"PE_TTM":-3.751920792963,"PB_TTM":0.535652321952,"REPORT_DATE_SQ":"2022-12-31 00:00:00","REPORT_TYPE_SQ":"2022年年报","OPERATE_INCOME_SQ":35318003000,"DPS_HKD":null,"OPERATE_INCOME_QOQ_SQ":-16.259776103632,"NET_PROFIT_RATIO_SQ":5.8982666715,"HOLDER_PROFIT_SQ":1705026000,"HOLDER_PROFIT_QOQ_SQ":-36.569350777674,"ROE_AVG_SQ":7.079001930753,"PE_TTM_SQ":13.701726702882,"PB_TTM_SQ":0.517985312722,"ROA_SQ":0.965137651083,"START_DATE":"2023-01-01 00:00:00","FISCAL_YEAR":"12-31","CURRENCY":"HKD","IS_CNY_CODE":0,"DPS_HKD_LY":null,"ORG_TYPE":"一般企业","PREMIUM_INCOME":null,"PREMIUM_INCOME_YOY":null,"NET_INTEREST_INCOME":null,"NET_INTEREST_INCOME_YOY":null,"FEE_COMMISSION_INCOME":null,"FEE_COMMISSION_INCOME_YOY":null,"ACCOUNTS_RECE_TDAYS":761.352592032723,"INVENTORY_TDAYS":0.354388579237,"CURRENT_ASSETS_TDAYS":0.296494686191,"TOTAL_ASSETS_TDAYS":0.23501985862,"PREMIUM_EXPENSE":null,"LOAN_DEPOSIT":null,"LOAN_EQUITY":null,"LOAN_ASSETS":null,"DEPOSIT_EQUITY":null,"DEPOSIT_ASSETS":null,"EQUITY_MULTIPLIER":3.610048217893,"EQUITY_RATIO":3.917221404205},{"SECUCODE":"09993.HK","SECURITY_CODE":"09993","SECURITY_NAME_ABBR":"金辉控股","ORG_CODE":"10000081029","STD_REPORT_DATE":"2023-06-30 00:00:00","REPORT_DATE":"2023-06-30 00:00:00","DATE_TYPE_CODE":"002","REPORT_TYPE":"2023年中报","PER_NETCASH_OPERATE":0.865845847464,"PER_OI":4.535878456265,"BPS":6.194172539637,"BASIC_EPS":0.13,"DILUTED_EPS":0.13,"OPERATE_INCOME":18348658000,"OPERATE_INCOME_YOY":0.726635256,"GROSS_PROFIT":2326674000,"GROSS_PROFIT_YOY":-27.984006309324,"HOLDER_PROFIT":522667000,"HOLDER_PROFIT_YOY":-57.7986577398,"GROSS_PROFIT_RATIO":12.680349701869,"EPS_TTM":0.244531394654,"OPERATE_INCOME_QOQ":0.374783364733,"NET_PROFIT_RATIO":4.0180213725,"ROE_AVG":2.107910667099,"GROSS_PROFIT_QOQ":-17.455406754804,"ROA":0.337857565377,"HOLDER_PROFIT_QOQ":-41.984169156365,"ROE_YEARLY":4.215821334197,"ROIC_YEARLY":0.750526031418,"TOTAL_ASSETS":147725244000,"TOTAL_LIABILITIES":111404553000,"TAX_EBT":44.613917945543,"OCF_SALES":19.088823825699,"TOTAL_PARENT_EQUITY":25056834000,"DEBT_ASSET_RATIO":75.4133484457,"OPERATE_PROFIT":1483300000,"PRETAX_PROFIT":1331116000,"NETCASH_OPERATE":3502543000,"NETCASH_INVEST":1337014000,"NETCASH_FINANCE":-5133404000,"END_CASH":4117527000,"DIVI_RATIO":null,"DIVIDEND_RATE":null,"CURRENT_RATIO":1.31057346907,"COMMON_ACS":10000000000,"CURRENTDEBT_DEBT":80.70267379467,"ISSUED_COMMON_SHARES":4045227000,"HK_COMMON_SHARES":4045227000,"PER_SHARES":1000,"TOTAL_MARKET_CAP":12863821860,"HKSK_MARKET_CAP":12863821860,"PE_TTM":-3.751920792963,"PB_TTM":0.535652321952,"REPORT_DATE_SQ":"2022-06-30 00:00:00","REPORT_TYPE_SQ":"2022年中报","OPERATE_INCOME_SQ":18216292000,"DPS_HKD":null,"OPERATE_INCOME_QOQ_SQ":5.37114961725,"NET_PROFIT_RATIO_SQ":8.1913596905,"HOLDER_PROFIT_SQ":1238508000,"HOLDER_PROFIT_QOQ_SQ":-17.917511254212,"ROE_AVG_SQ":5.183944608957,"PE_TTM_SQ":13.701726702882,"PB_TTM_SQ":0.517985312722,"ROA_SQ":0.674977852994,"START_DATE":"2023-01-01 00:00:00","FISCAL_YEAR":"12-31","CURRENCY":"HKD","IS_CNY_CODE":0,"DPS_HKD_LY":null,"ORG_TYPE":"一般企业","PREMIUM_INCOME":null,"PREMIUM_INCOME_YOY":null,"NET_INTEREST_INCOME":null,"NET_INTEREST_INCOME_YOY":null,"FEE_COMMISSION_INCOME":null,"FEE_COMMISSION_INCOME_YOY":null,"ACCOUNTS_RECE_TDAYS":426.946307865927,"INVENTORY_TDAYS":0.166978982221,"CURRENT_ASSETS_TDAYS":0.147013824088,"TOTAL_ASSETS_TDAYS":0.118607697058,"PREMIUM_EXPENSE":null,"LOAN_DEPOSIT":null,"LOAN_EQUITY":null,"LOAN_ASSETS":null,"DEPOSIT_EQUITY":null,"DEPOSIT_ASSETS":null,"EQUITY_MULTIPLIER":4.067247619268,"EQUITY_RATIO":4.446074591866},{"SECUCODE":"09993.HK","SECURITY_CODE":"09993","SECURITY_NAME_ABBR":"金辉控股","ORG_CODE":"10000081029","STD_REPORT_DATE":"2022-12-31 00:00:00","REPORT_DATE":"2022-12-31 00:00:00","DATE_TYPE_CODE":"001","REPORT_TYPE":"2022年年报","PER_NETCASH_OPERATE":2.063373946629,"PER_OI":8.730783958477,"BPS":6.064966687902,"BASIC_EPS":0.42,"DILUTED_EPS":0.42,"OPERATE_INCOME":35318003000,"OPERATE_INCOME_YOY":-11.7619633883,"GROSS_PROFIT":5179484000,"GROSS_PROFIT_YOY":-33.145959877642,"HOLDER_PROFIT":1705026000,"HOLDER_PROFIT_YOY":-47.9345444907,"GROSS_PROFIT_RATIO":14.665279914043,"EPS_TTM":0.421490808798,"OPERATE_INCOME_QOQ":-16.259776103632,"NET_PROFIT_RATIO":5.8982666715,"ROE_AVG":7.079001930753,"GROSS_PROFIT_QOQ":-31.713435757563,"ROA":0.965137651083,"HOLDER_PROFIT_QOQ":-36.569350777674,"ROE_YEARLY":7.079001930753,"ROIC_YEARLY":1.090492943518,"TOTAL_ASSETS":161675553000,"TOTAL_LIABILITIES":126092515000,"TAX_EBT":43.796397346777,"OCF_SALES":23.633318112579,"TOTAL_PARENT_EQUITY":24534167000,"DEBT_ASSET_RATIO":77.9910831664,"OPERATE_PROFIT":4092857000,"PRETAX_PROFIT":3706435000,"NETCASH_OPERATE":8346816000,"NETCASH_INVEST":1963122000,"NETCASH_FINANCE":-17139393000,"END_CASH":4410184000,"DIVI_RATIO":null,"DIVIDEND_RATE":null,"CURRENT_RATIO":1.345737857152,"COMMON_ACS":10000000000,"CURRENTDEBT_DEBT":77.665792454056,"ISSUED_COMMON_SHARES":4045227000,"HK_COMMON_SHARES":4045227000,"PER_SHARES":1000,"TOTAL_MARKET_CAP":12863821860,"HKSK_MARKET_CAP":12863821860,"PE_TTM":-3.751920792963,"PB_TTM":0.535652321952,"REPORT_DATE_SQ":"2021-12-31 00:00:00","REPORT_TYPE_SQ":"2021年年报","OPERATE_INCOME_SQ":40025826000,"DPS_HKD":null,"OPERATE_INCOME_QOQ_SQ":0.596195775434,"NET_PROFIT_RATIO_SQ":9.2282792615,"HOLDER_PROFIT_SQ":3274774000,"HOLDER_PROFIT_QOQ_SQ":-34.979520610135,"ROE_AVG_SQ":14.490275148607,"PE_TTM_SQ":13.701726702882,"PB_TTM_SQ":0.517985312722,"ROA_SQ":1.735858797887,"START_DATE":"2022-01-01 00:00:00","FISCAL_YEAR":"12-31","CURRENCY":"HKD","IS_CNY_CODE":0,"DPS_HKD_LY":0.16,"ORG_TYPE":"一般企业","PREMIUM_INCOME":null,"PREMIUM_INCOME_YOY":null,"NET_INTEREST_INCOME":null,"NET_INTEREST_INCOME_YOY":null,"FEE_COMMISSION_INCOME":null,"FEE_COMMISSION_INCOME_YOY":null,"ACCOUNTS_RECE_TDAYS":679.342604614482,"INVENTORY_TDAYS":0.27476162016,"CURRENT_ASSETS_TDAYS":0.239230186344,"TOTAL_ASSETS_TDAYS":0.199919147605,"PREMIUM_EXPENSE":null,"LOAN_DEPOSIT":null,"LOAN_EQUITY":null,"LOAN_ASSETS":null,"DEPOSIT_EQUITY":null,"DEPOSIT_ASSETS":null,"EQUITY_MULTIPLIER":4.543612970873,"EQUITY_RATIO":5.139465912986},{"SECUCODE":"09993.HK","SECURITY_CODE":"09993","SECURITY_NAME_ABBR":"金辉控股","ORG_CODE":"10000081029","STD_REPORT_DATE":"2022-06-30 00:00:00","REPORT_DATE":"2022-06-30 00:00:00","DATE_TYPE_CODE":"002","REPORT_TYPE":"2022年中报","PER_NETCASH_OPERATE":1.27151257519,"PER_OI":4.503156930377,"BPS":5.968825729681,"BASIC_EPS":0.31,"DILUTED_EPS":0.31,"OPERATE_INCOME":18216292000,"OPERATE_INCOME_YOY":13.3809750695,"GROSS_PROFIT":3230774000,"GROSS_PROFIT_YOY":-4.78964288756,"HOLDER_PROFIT":1238508000,"HOLDER_PROFIT_YOY":-32.1464378343,"GROSS_PROFIT_RATIO":17.735629182931,"EPS_TTM":0.664490768998,"OPERATE_INCOME_QOQ":5.37114961725,"NET_PROFIT_RATIO":8.1913596905,"ROE_AVG":5.183944608957,"GROSS_PROFIT_QOQ":-2.097812557963,"ROA":0.674977852994,"HOLDER_PROFIT_QOQ":-17.917511254212,"ROE_YEARLY":10.367889217915,"ROIC_YEARLY":1.573649204004,"TOTAL_ASSETS":175330062000,"TOTAL_LIABILITIES":139561030000,"TAX_EBT":37.416557479084,"OCF_SALES":28.236026299974,"TOTAL_PARENT_EQUITY":24145255000,"DEBT_ASSET_RATIO":79.5990307697,"OPERATE_PROFIT":2243221000,"PRETAX_PROFIT":2384276000,"NETCASH_OPERATE":5143557000,"NETCASH_INVEST":698565000,"NETCASH_FINANCE":-8862111000,"END_CASH":8211902000,"DIVI_RATIO":null,"DIVIDEND_RATE":null,"CURRENT_RATIO":1.375936864861,"COMMON_ACS":10000000000,"CURRENTDEBT_DEBT":76.489968582204,"ISSUED_COMMON_SHARES":4045227000,"HK_COMMON_SHARES":4045227000,"PER_SHARES":1000,"TOTAL_MARKET_CAP":12742465050,"HKSK_MARKET_CAP":12742465050,"PE_TTM":-3.716525313784,"PB_TTM":0.53059899816,"REPORT_DATE_SQ":"2021-06-30 00:00:00","REPORT_TYPE_SQ":"2021年中报","OPERATE_INCOME_SQ":16066445000,"DPS_HKD":null,"OPERATE_INCOME_QOQ_SQ":14.088629349921,"NET_PROFIT_RATIO_SQ":12.5252661681,"HOLDER_PROFIT_SQ":1825266000,"HOLDER_PROFIT_QOQ_SQ":31.87825946244,"ROE_AVG_SQ":8.326021187069,"PE_TTM_SQ":13.701726702882,"PB_TTM_SQ":0.517985312722,"ROA_SQ":0.952933443955,"START_DATE":"2022-01-01 00:00:00","FISCAL_YEAR":"12-31","CURRENCY":"HKD","IS_CNY_CODE":0,"DPS_HKD_LY":0.16,"ORG_TYPE":"一般企业","PREMIUM_INCOME":null,"PREMIUM_INCOME_YOY":null,"NET_INTEREST_INCOME":null,"NET_INTEREST_INCOME_YOY":null,"FEE_COMMISSION_INCOME":null,"FEE_COMMISSION_INCOME_YOY":null,"ACCOUNTS_RECE_TDAYS":349.661055339079,"INVENTORY_TDAYS":0.130537531795,"CURRENT_ASSETS_TDAYS":0.117389592584,"TOTAL_ASSETS_TDAYS":0.099277466627,"PREMIUM_EXPENSE":null,"LOAN_DEPOSIT":null,"LOAN_EQUITY":null,"LOAN_ASSETS":null,"DEPOSIT_EQUITY":null,"DEPOSIT_ASSETS":null,"EQUITY_MULTIPLIER":4.901727896902,"EQUITY_RATIO":5.780060305845},{"SECUCODE":"09993.HK","SECURITY_CODE":"09993","SECURITY_NAME_ABBR":"金辉控股","ORG_CODE":"10000081029","STD_REPORT_DATE":"2021-12-31 00:00:00","REPORT_DATE":"2021-12-31 00:00:00","DATE_TYPE_CODE":"001","REPORT_TYPE":"2021年年报","PER_NETCASH_OPERATE":0.683946537487,"PER_OI":9.894580946879,"BPS":5.843232036175,"BASIC_EPS":0.81,"DILUTED_EPS":0.81,"OPERATE_INCOME":40025826000,"OPERATE_INCOME_YOY":14.7688209384,"GROSS_PROFIT":7747451000,"GROSS_PROFIT_YOY":0.447859614039,"HOLDER_PROFIT":3274774000,"HOLDER_PROFIT_YOY":4.7081303241,"GROSS_PROFIT_RATIO":19.356130214527,"EPS_TTM":0.809540230993,"OPERATE_INCOME_QOQ":0.596195775434,"NET_PROFIT_RATIO":9.2282792615,"ROE_AVG":14.490275148607,"GROSS_PROFIT_QOQ":-9.474723395186,"ROA":1.735858797887,"HOLDER_PROFIT_QOQ":-34.979520610135,"ROE_YEARLY":14.490275148607,"ROIC_YEARLY":2.066949419614,"TOTAL_ASSETS":191647312000,"TOTAL_LIABILITIES":154075607000,"TAX_EBT":42.871855817321,"OCF_SALES":6.912334551197,"TOTAL_PARENT_EQUITY":23637200000,"DEBT_ASSET_RATIO":80.3953916139,"OPERATE_PROFIT":5892590000,"PRETAX_PROFIT":6465631000,"NETCASH_OPERATE":2766719000,"NETCASH_INVEST":-3291113000,"NETCASH_FINANCE":-8941934000,"END_CASH":11221917000,"DIVI_RATIO":null,"DIVIDEND_RATE":null,"CURRENT_RATIO":1.416013623627,"COMMON_ACS":10000000000,"CURRENTDEBT_DEBT":74.928854247512,"ISSUED_COMMON_SHARES":4045227000,"HK_COMMON_SHARES":4045227000,"PER_SHARES":1000,"TOTAL_MARKET_CAP":12863821860,"HKSK_MARKET_CAP":12863821860,"PE_TTM":-3.751920792963,"PB_TTM":0.535652321952,"REPORT_DATE_SQ":"2020-12-31 00:00:00","REPORT_TYPE_SQ":"2020年年报","OPERATE_INCOME_SQ":34875174000,"DPS_HKD":null,"OPERATE_INCOME_QOQ_SQ":34.32588271019,"NET_PROFIT_RATIO_SQ":10.9506923177,"HOLDER_PROFIT_SQ":3127526000,"HOLDER_PROFIT_QOQ_SQ":52.271509384913,"ROE_AVG_SQ":19.894811645343,"PE_TTM_SQ":13.701726702882,"PB_TTM_SQ":0.517985312722,"ROA_SQ":2.280002399121,"START_DATE":"2021-01-01 00:00:00","FISCAL_YEAR":"12-31","CURRENCY":"HKD","IS_CNY_CODE":0,"DPS_HKD_LY":0.32,"ORG_TYPE":"一般企业","PREMIUM_INCOME":null,"PREMIUM_INCOME_YOY":null,"NET_INTEREST_INCOME":null,"NET_INTEREST_INCOME_YOY":null,"FEE_COMMISSION_INCOME":null,"FEE_COMMISSION_INCOME_YOY":null,"ACCOUNTS_RECE_TDAYS":1030.8229931237,"INVENTORY_TDAYS":0.274947204902,"CURRENT_ASSETS_TDAYS":0.245617499505,"TOTAL_ASSETS_TDAYS":0.212164815663,"PREMIUM_EXPENSE":null,"LOAN_DEPOSIT":null,"LOAN_EQUITY":null,"LOAN_ASSETS":null,"DEPOSIT_EQUITY":null,"DEPOSIT_ASSETS":null,"EQUITY_MULTIPLIER":5.100841497599,"EQUITY_RATIO":6.518352723673},{"SECUCODE":"09993.HK","SECURITY_CODE":"09993","SECURITY_NAME_ABBR":"金辉控股","ORG_CODE":"10000081029","STD_REPORT_DATE":"2021-06-30 00:00:00","REPORT_DATE":"2021-06-30 00:00:00","DATE_TYPE_CODE":"002","REPORT_TYPE":"2021年中报","PER_NETCASH_OPERATE":0.292680979337,"PER_OI":3.971704183721,"BPS":5.508329940446,"BASIC_EPS":0.45,"DILUTED_EPS":0.45,"OPERATE_INCOME":16066445000,"OPERATE_INCOME_YOY":44.0547758807,"GROSS_PROFIT":3393301000,"GROSS_PROFIT_YOY":33.181350770052,"HOLDER_PROFIT":1825266000,"HOLDER_PROFIT_YOY":200.3010799392,"GROSS_PROFIT_RATIO":21.12042209711,"EPS_TTM":1.24505423305,"OPERATE_INCOME_QOQ":14.088629349921,"NET_PROFIT_RATIO":12.5252661681,"ROE_AVG":8.326021187069,"GROSS_PROFIT_QOQ":10.961118685715,"ROA":0.952933443955,"HOLDER_PROFIT_QOQ":31.87825946244,"ROE_YEARLY":16.652042374139,"ROIC_YEARLY":2.382038419747,"TOTAL_ASSETS":197422139000,"TOTAL_LIABILITIES":159322061000,"TAX_EBT":36.785967270997,"OCF_SALES":7.369153537077,"TOTAL_PARENT_EQUITY":22282445000,"DEBT_ASSET_RATIO":80.7012130489,"OPERATE_PROFIT":2961412000,"PRETAX_PROFIT":3183415000,"NETCASH_OPERATE":1183961000,"NETCASH_INVEST":-2265105000,"NETCASH_FINANCE":-939434000,"END_CASH":18690811000,"DIVI_RATIO":null,"DIVIDEND_RATE":null,"CURRENT_RATIO":1.41663065463,"COMMON_ACS":10000000000,"CURRENTDEBT_DEBT":75.097884278562,"ISSUED_COMMON_SHARES":4045227000,"HK_COMMON_SHARES":4045227000,"PER_SHARES":1000,"TOTAL_MARKET_CAP":12742465050,"HKSK_MARKET_CAP":12742465050,"PE_TTM":-3.716525313784,"PB_TTM":0.53059899816,"REPORT_DATE_SQ":"2020-06-30 00:00:00","REPORT_TYPE_SQ":"2020年中报","OPERATE_INCOME_SQ":11153011000,"DPS_HKD":null,"OPERATE_INCOME_QOQ_SQ":0,"NET_PROFIT_RATIO_SQ":9.3758358169,"HOLDER_PROFIT_SQ":607812000,"HOLDER_PROFIT_QOQ_SQ":0,"ROE_AVG_SQ":null,"PE_TTM_SQ":13.701726702882,"PB_TTM_SQ":0.517985312722,"ROA_SQ":null,"START_DATE":"2021-01-01 00:00:00","FISCAL_YEAR":"12-31","CURRENCY":"HKD","IS_CNY_CODE":0,"DPS_HKD_LY":0.32,"ORG_TYPE":"一般企业","PREMIUM_INCOME":null,"PREMIUM_INCOME_YOY":null,"NET_INTEREST_INCOME":null,"NET_INTEREST_INCOME_YOY":null,"FEE_COMMISSION_INCOME":null,"FEE_COMMISSION_INCOME_YOY":null,"ACCOUNTS_RECE_TDAYS":483.54310565362,"INVENTORY_TDAYS":0.107262711381,"CURRENT_ASSETS_TDAYS":0.096802826641,"TOTAL_ASSETS_TDAYS":0.083879570243,"PREMIUM_EXPENSE":null,"LOAN_DEPOSIT":null,"LOAN_EQUITY":null,"LOAN_ASSETS":null,"DEPOSIT_EQUITY":null,"DEPOSIT_ASSETS":null,"EQUITY_MULTIPLIER":5.181672830183,"EQUITY_RATIO":7.150115752558},{"SECUCODE":"09993.HK","SECURITY_CODE":"09993","SECURITY_NAME_ABBR":"金辉控股","ORG_CODE":"10000081029","STD_REPORT_DATE":"2020-12-31 00:00:00","REPORT_DATE":"2020-12-31 00:00:00","DATE_TYPE_CODE":"001","REPORT_TYPE":"2020年年报","PER_NETCASH_OPERATE":0.655071767295,"PER_OI":8.621314452811,"BPS":5.33033399609,"BASIC_EPS":0.89,"DILUTED_EPS":0.89,"OPERATE_INCOME":34875174000,"OPERATE_INCOME_YOY":34.3258827102,"GROSS_PROFIT":7712908000,"GROSS_PROFIT_YOY":36.217031482351,"HOLDER_PROFIT":3127526000,"HOLDER_PROFIT_YOY":24.6986126373,"GROSS_PROFIT_RATIO":22.115754892004,"EPS_TTM":0.773139801549,"OPERATE_INCOME_QOQ":34.32588271019,"NET_PROFIT_RATIO":10.9506923177,"ROE_AVG":16.292315094766,"GROSS_PROFIT_QOQ":36.217031482351,"ROA":1.86714597582,"HOLDER_PROFIT_QOQ":24.698612637297,"ROE_YEARLY":16.292315094766,"ROIC_YEARLY":2.187414385995,"TOTAL_ASSETS":185661488000,"TOTAL_LIABILITIES":149549082000,"TAX_EBT":41.575435165959,"OCF_SALES":7.598281803555,"TOTAL_PARENT_EQUITY":21562411000,"DEBT_ASSET_RATIO":80.5493285716,"OPERATE_PROFIT":6156689000,"PRETAX_PROFIT":6536759000,"NETCASH_OPERATE":2649914000,"NETCASH_INVEST":-2431022000,"NETCASH_FINANCE":11397905000,"END_CASH":20732123000,"DIVI_RATIO":null,"DIVIDEND_RATE":null,"CURRENT_RATIO":1.442537666809,"COMMON_ACS":10000000000,"CURRENTDEBT_DEBT":75.300236212751,"ISSUED_COMMON_SHARES":4045227000,"HK_COMMON_SHARES":4045227000,"PER_SHARES":1000,"TOTAL_MARKET_CAP":12742465050,"HKSK_MARKET_CAP":12742465050,"PE_TTM":-3.716525313784,"PB_TTM":0.53059899816,"REPORT_DATE_SQ":"2019-12-31 00:00:00","REPORT_TYPE_SQ":"2019年年报","OPERATE_INCOME_SQ":25963108000,"DPS_HKD":null,"OPERATE_INCOME_QOQ_SQ":62.562209699807,"NET_PROFIT_RATIO_SQ":10.3608088831,"HOLDER_PROFIT_SQ":2508068000,"HOLDER_PROFIT_QOQ_SQ":24.907579363716,"ROE_AVG_SQ":16.101916461311,"PE_TTM_SQ":13.701726702882,"PB_TTM_SQ":0.517985312722,"ROA_SQ":1.858124443295,"START_DATE":"2020-01-01 00:00:00","FISCAL_YEAR":"12-31","CURRENCY":"HKD","IS_CNY_CODE":0,"DPS_HKD_LY":null,"ORG_TYPE":"一般企业","PREMIUM_INCOME":null,"PREMIUM_INCOME_YOY":null,"NET_INTEREST_INCOME":null,"NET_INTEREST_INCOME_YOY":null,"FEE_COMMISSION_INCOME":null,"FEE_COMMISSION_INCOME_YOY":null,"ACCOUNTS_RECE_TDAYS":1407.64763576921,"INVENTORY_TDAYS":0.256938686036,"CURRENT_ASSETS_TDAYS":0.238796484868,"TOTAL_ASSETS_TDAYS":0.208206233266,"PREMIUM_EXPENSE":null,"LOAN_DEPOSIT":null,"LOAN_EQUITY":null,"LOAN_ASSETS":null,"DEPOSIT_EQUITY":null,"DEPOSIT_ASSETS":null,"EQUITY_MULTIPLIER":5.141210696408,"EQUITY_RATIO":6.935638227098},{"SECUCODE":"09993.HK","SECURITY_CODE":"09993","SECURITY_NAME_ABBR":"金辉控股","ORG_CODE":"10000081029","STD_REPORT_DATE":"2020-06-30 00:00:00","REPORT_DATE":"2020-06-30 00:00:00","DATE_TYPE_CODE":"002","REPORT_TYPE":"2020年中报","PER_NETCASH_OPERATE":null,"PER_OI":null,"BPS":null,"BASIC_EPS":0.18,"DILUTED_EPS":0.18,"OPERATE_INCOME":11153011000,"OPERATE_INCOME_YOY":null,"GROSS_PROFIT":2547880000,"GROSS_PROFIT_YOY":null,"HOLDER_PROFIT":607812000,"HOLDER_PROFIT_YOY":null,"GROSS_PROFIT_RATIO":22.844772591007,"EPS_TTM":null,"OPERATE_INCOME_QOQ":0,"NET_PROFIT_RATIO":9.3758358169,"ROE_AVG":null,"GROSS_PROFIT_QOQ":0,"ROA":null,"HOLDER_PROFIT_QOQ":0,"ROE_YEARLY":null,"ROIC_YEARLY":null,"TOTAL_ASSETS":null,"TOTAL_LIABILITIES":null,"TAX_EBT":41.50651675337,"OCF_SALES":-16.128030358797,"TOTAL_PARENT_EQUITY":null,"DEBT_ASSET_RATIO":null,"OPERATE_PROFIT":1830012000,"PRETAX_PROFIT":1787700000,"NETCASH_OPERATE":-1798761000,"NETCASH_INVEST":783922000,"NETCASH_FINANCE":4616295000,"END_CASH":12836005000,"DIVI_RATIO":null,"DIVIDEND_RATE":null,"CURRENT_RATIO":null,"COMMON_ACS":10000000000,"CURRENTDEBT_DEBT":null,"ISSUED_COMMON_SHARES":4045227000,"HK_COMMON_SHARES":4045227000,"PER_SHARES":1000,"TOTAL_MARKET_CAP":12863821860,"HKSK_MARKET_CAP":12863821860,"PE_TTM":-3.751920792963,"PB_TTM":0.535652321952,"REPORT_DATE_SQ":"2019-06-30 00:00:00","REPORT_TYPE_SQ":"2019年中报","OPERATE_INCOME_SQ":null,"DPS_HKD":null,"OPERATE_INCOME_QOQ_SQ":0,"NET_PROFIT_RATIO_SQ":null,"HOLDER_PROFIT_SQ":null,"HOLDER_PROFIT_QOQ_SQ":0,"ROE_AVG_SQ":null,"PE_TTM_SQ":13.701726702882,"PB_TTM_SQ":0.517985312722,"ROA_SQ":null,"START_DATE":"2020-01-01 00:00:00","FISCAL_YEAR":"12-31","CURRENCY":"HKD","IS_CNY_CODE":0,"DPS_HKD_LY":null,"ORG_TYPE":"一般企业","PREMIUM_INCOME":null,"PREMIUM_INCOME_YOY":null,"NET_INTEREST_INCOME":null,"NET_INTEREST_INCOME_YOY":null,"FEE_COMMISSION_INCOME":null,"FEE_COMMISSION_INCOME_YOY":null,"ACCOUNTS_RECE_TDAYS":null,"INVENTORY_TDAYS":null,"CURRENT_ASSETS_TDAYS":0.172053503357,"TOTAL_ASSETS_TDAYS":0.149359451405,"PREMIUM_EXPENSE":null,"LOAN_DEPOSIT":null,"LOAN_EQUITY":null,"LOAN_ASSETS":null,"DEPOSIT_EQUITY":null,"DEPOSIT_ASSETS":null,"EQUITY_MULTIPLIER":null,"EQUITY_RATIO":null}],"count":12},"success":true,"message":"ok","code":0}