{"version":"a50047114fb1b22f14ec9b6297c4b2b3","result":{"pages":2,"data":[{"SECUCODE":"09998.HK","SECURITY_CODE":"09998","SECURITY_NAME_ABBR":"光荣控股","ORG_CODE":"10990415","STD_REPORT_DATE":"2023-12-31 00:00:00","REPORT_DATE":"2024-06-30 00:00:00","DATE_TYPE_CODE":"001","REPORT_TYPE":"2023年年报","PER_NETCASH_OPERATE":0.1294542775,"PER_OI":0.88310411375,"BPS":0.25743703375,"BASIC_EPS":0.010558,"DILUTED_EPS":0.010558,"OPERATE_INCOME":706483291,"OPERATE_INCOME_YOY":20.0960201014,"GROSS_PROFIT":40838344,"GROSS_PROFIT_YOY":-11.216222843482,"HOLDER_PROFIT":8293309,"HOLDER_PROFIT_YOY":-32.4301075269,"GROSS_PROFIT_RATIO":5.780510950541,"EPS_TTM":0.016146679875,"OPERATE_INCOME_QOQ":11.73135834472,"NET_PROFIT_RATIO":1.1738860785,"ROE_AVG":4.110682279061,"GROSS_PROFIT_QOQ":3.309486226449,"ROA":1.705671275562,"HOLDER_PROFIT_QOQ":3.960309096023,"ROE_YEARLY":4.110682279061,"ROIC_YEARLY":2.615913613241,"TOTAL_ASSETS":522177564,"TOTAL_LIABILITIES":316227937,"TAX_EBT":-14181.8181818182,"OCF_SALES":14.659005148361,"TOTAL_PARENT_EQUITY":205949627,"DEBT_ASSET_RATIO":60.5594645962,"OPERATE_PROFIT":849919,"PRETAX_PROFIT":58069,"NETCASH_OPERATE":103563422,"NETCASH_INVEST":929104,"NETCASH_FINANCE":-8034638,"END_CASH":217415615,"DIVI_RATIO":null,"DIVIDEND_RATE":null,"CURRENT_RATIO":1.332832876521,"COMMON_ACS":15000000000,"CURRENTDEBT_DEBT":95.622923726692,"ISSUED_COMMON_SHARES":800000000,"HK_COMMON_SHARES":800000000,"PER_SHARES":5000,"TOTAL_MARKET_CAP":104000000,"HKSK_MARKET_CAP":104000000,"PE_TTM":11.445216867499,"PB_TTM":0.460883185062,"REPORT_DATE_SQ":"2022-12-31 00:00:00","REPORT_TYPE_SQ":"2022年年报","OPERATE_INCOME_SQ":595530927,"DPS_HKD":null,"OPERATE_INCOME_QOQ_SQ":20.097911760118,"NET_PROFIT_RATIO_SQ":2.0864180913,"HOLDER_PROFIT_SQ":12425265,"HOLDER_PROFIT_QOQ_SQ":636.834325574333,"ROE_AVG_SQ":6.419371315764,"PE_TTM_SQ":8.84488306781,"PB_TTM_SQ":0.549525763793,"ROA_SQ":2.959276536437,"START_DATE":"2023-07-01 00:00:00","FISCAL_YEAR":"6-30","CURRENCY":"HKD","IS_CNY_CODE":0,"DPS_HKD_LY":null,"ORG_TYPE":"一般企业","PREMIUM_INCOME":null,"PREMIUM_INCOME_YOY":null,"NET_INTEREST_INCOME":null,"NET_INTEREST_INCOME_YOY":null,"FEE_COMMISSION_INCOME":null,"FEE_COMMISSION_INCOME_YOY":null,"ACCOUNTS_RECE_TDAYS":6.282314282361,"INVENTORY_TDAYS":null,"CURRENT_ASSETS_TDAYS":1.884981865559,"TOTAL_ASSETS_TDAYS":1.453012610676,"PREMIUM_EXPENSE":null,"LOAN_DEPOSIT":null,"LOAN_EQUITY":null,"LOAN_ASSETS":null,"DEPOSIT_EQUITY":null,"DEPOSIT_ASSETS":null,"EQUITY_MULTIPLIER":2.535462538127,"EQUITY_RATIO":1.535462538128},{"SECUCODE":"09998.HK","SECURITY_CODE":"09998","SECURITY_NAME_ABBR":"光荣控股","ORG_CODE":"10990415","STD_REPORT_DATE":"2023-06-30 00:00:00","REPORT_DATE":"2023-12-31 00:00:00","DATE_TYPE_CODE":"002","REPORT_TYPE":"2023年中报","PER_NETCASH_OPERATE":0.106791192,"PER_OI":0.4345651395,"BPS":0.253239234,"BASIC_EPS":0.00161316,"DILUTED_EPS":0.00161316,"OPERATE_INCOME":347652111.6,"OPERATE_INCOME_YOY":20.6325216905,"GROSS_PROFIT":16900539.6,"GROSS_PROFIT_YOY":9.898923075011,"HOLDER_PROFIT":1139966.4,"HOLDER_PROFIT_YOY":69.6,"GROSS_PROFIT_RATIO":4.861336674246,"EPS_TTM":0.01553158125,"OPERATE_INCOME_QOQ":32.373928199376,"NET_PROFIT_RATIO":0.3279043509,"ROE_AVG":0.564595595089,"GROSS_PROFIT_QOQ":42.194810138047,"ROA":0.232967032967,"HOLDER_PROFIT_QOQ":22.888708227384,"ROE_YEARLY":1.129191190178,"ROIC_YEARLY":0.702021623591,"TOTAL_ASSETS":520012880.4,"TOTAL_LIABILITIES":317421493.2,"TAX_EBT":null,"OCF_SALES":24.574265695327,"TOTAL_PARENT_EQUITY":202591387.2,"DEBT_ASSET_RATIO":61.0410828585,"OPERATE_PROFIT":1441089.6,"PRETAX_PROFIT":1139966.4,"NETCASH_OPERATE":85432953.6,"NETCASH_INVEST":806580,"NETCASH_FINANCE":-3538197.6,"END_CASH":205909119.6,"DIVI_RATIO":null,"DIVIDEND_RATE":null,"CURRENT_RATIO":1.355412546434,"COMMON_ACS":15000000000,"CURRENTDEBT_DEBT":97.133709406922,"ISSUED_COMMON_SHARES":800000000,"HK_COMMON_SHARES":800000000,"PER_SHARES":5000,"TOTAL_MARKET_CAP":67200000,"HKSK_MARKET_CAP":67200000,"PE_TTM":7.395370898999,"PB_TTM":0.297801442656,"REPORT_DATE_SQ":"2022-06-30 00:00:00","REPORT_TYPE_SQ":"2022年中报","OPERATE_INCOME_SQ":277788244.5,"DPS_HKD":null,"OPERATE_INCOME_QOQ_SQ":-13.099924091292,"NET_PROFIT_RATIO_SQ":0.2332307118,"HOLDER_PROFIT_SQ":647887.5,"HOLDER_PROFIT_QOQ_SQ":93.354210954649,"ROE_AVG_SQ":0.356658820173,"PE_TTM_SQ":8.36999001719,"PB_TTM_SQ":0.520021024797,"ROA_SQ":0.161860489207,"START_DATE":"2023-07-01 00:00:00","FISCAL_YEAR":"6-30","CURRENCY":"HKD","IS_CNY_CODE":0,"DPS_HKD_LY":null,"ORG_TYPE":"一般企业","PREMIUM_INCOME":null,"PREMIUM_INCOME_YOY":null,"NET_INTEREST_INCOME":null,"NET_INTEREST_INCOME_YOY":null,"FEE_COMMISSION_INCOME":null,"FEE_COMMISSION_INCOME_YOY":null,"ACCOUNTS_RECE_TDAYS":3.350677619134,"INVENTORY_TDAYS":null,"CURRENT_ASSETS_TDAYS":0.901923036682,"TOTAL_ASSETS_TDAYS":0.710472527473,"PREMIUM_EXPENSE":null,"LOAN_DEPOSIT":null,"LOAN_EQUITY":null,"LOAN_ASSETS":null,"DEPOSIT_EQUITY":null,"DEPOSIT_ASSETS":null,"EQUITY_MULTIPLIER":2.566806455036,"EQUITY_RATIO":1.566806455038},{"SECUCODE":"09998.HK","SECURITY_CODE":"09998","SECURITY_NAME_ABBR":"光荣控股","ORG_CODE":"10990415","STD_REPORT_DATE":"2022-12-31 00:00:00","REPORT_DATE":"2023-06-30 00:00:00","DATE_TYPE_CODE":"001","REPORT_TYPE":"2022年年报","PER_NETCASH_OPERATE":0.06288119325,"PER_OI":0.74441365875,"BPS":0.2499883155,"BASIC_EPS":0.01549818,"DILUTED_EPS":0.01549818,"OPERATE_INCOME":595530927,"OPERATE_INCOME_YOY":43.2952704267,"GROSS_PROFIT":45997529.4,"GROSS_PROFIT_YOY":154.097904540896,"HOLDER_PROFIT":12425265,"HOLDER_PROFIT_YOY":694.6291560102,"GROSS_PROFIT_RATIO":7.72378516624,"EPS_TTM":0.0126387375,"OPERATE_INCOME_QOQ":20.097911760118,"NET_PROFIT_RATIO":2.0864180913,"ROE_AVG":6.419371315764,"GROSS_PROFIT_QOQ":78.697031413602,"ROA":2.959276536437,"HOLDER_PROFIT_QOQ":636.834325574333,"ROE_YEARLY":6.419371315764,"ROIC_YEARLY":3.863955527118,"TOTAL_ASSETS":455822850.6,"TOTAL_LIABILITIES":255832198.2,"TAX_EBT":2.719665271967,"OCF_SALES":8.447076771212,"TOTAL_PARENT_EQUITY":199990652.4,"DEBT_ASSET_RATIO":56.1253561254,"OPERATE_PROFIT":13494105,"PRETAX_PROFIT":12772638,"NETCASH_OPERATE":50304954.6,"NETCASH_INVEST":6658873.2,"NETCASH_FINANCE":-8673636.6,"END_CASH":122451654.6,"DIVI_RATIO":null,"DIVIDEND_RATE":null,"CURRENT_RATIO":1.438472325694,"COMMON_ACS":15000000000,"CURRENTDEBT_DEBT":95.335380501765,"ISSUED_COMMON_SHARES":800000000,"HK_COMMON_SHARES":800000000,"PER_SHARES":5000,"TOTAL_MARKET_CAP":67200000,"HKSK_MARKET_CAP":67200000,"PE_TTM":7.395370898999,"PB_TTM":0.297801442656,"REPORT_DATE_SQ":"2021-12-31 00:00:00","REPORT_TYPE_SQ":"2021年年报","OPERATE_INCOME_SQ":374598822,"DPS_HKD":null,"OPERATE_INCOME_QOQ_SQ":-0.858866425005,"NET_PROFIT_RATIO_SQ":-0.5027904225,"HOLDER_PROFIT_SQ":-1883447,"HOLDER_PROFIT_QOQ_SQ":4.900199251673,"ROE_AVG_SQ":-1.110148918953,"PE_TTM_SQ":8.36999001719,"PB_TTM_SQ":0.520021024797,"ROA_SQ":-0.494958637408,"START_DATE":"2022-07-01 00:00:00","FISCAL_YEAR":"6-30","CURRENCY":"HKD","IS_CNY_CODE":0,"DPS_HKD_LY":null,"ORG_TYPE":"一般企业","PREMIUM_INCOME":null,"PREMIUM_INCOME_YOY":null,"NET_INTEREST_INCOME":null,"NET_INTEREST_INCOME_YOY":null,"FEE_COMMISSION_INCOME":null,"FEE_COMMISSION_INCOME_YOY":null,"ACCOUNTS_RECE_TDAYS":6.673953404803,"INVENTORY_TDAYS":null,"CURRENT_ASSETS_TDAYS":1.92096190312,"TOTAL_ASSETS_TDAYS":1.418352605754,"PREMIUM_EXPENSE":null,"LOAN_DEPOSIT":null,"LOAN_EQUITY":null,"LOAN_ASSETS":null,"DEPOSIT_EQUITY":null,"DEPOSIT_ASSETS":null,"EQUITY_MULTIPLIER":2.279220779223,"EQUITY_RATIO":1.279220779221},{"SECUCODE":"09998.HK","SECURITY_CODE":"09998","SECURITY_NAME_ABBR":"光荣控股","ORG_CODE":"10990415","STD_REPORT_DATE":"2022-06-30 00:00:00","REPORT_DATE":"2022-12-31 00:00:00","DATE_TYPE_CODE":"002","REPORT_TYPE":"2022年中报","PER_NETCASH_OPERATE":0.082003120875,"PER_OI":0.347235305625,"BPS":0.227278935,"BASIC_EPS":0.00103662,"DILUTED_EPS":0.00103662,"OPERATE_INCOME":277788244.5,"OPERATE_INCOME_YOY":24.8660360654,"GROSS_PROFIT":15378257.7,"GROSS_PROFIT_YOY":1258.14819623137,"HOLDER_PROFIT":647887.5,"HOLDER_PROFIT_YOY":105.1975051975,"GROSS_PROFIT_RATIO":5.535964175763,"EPS_TTM":-0.00235430875,"OPERATE_INCOME_QOQ":-13.099924091292,"NET_PROFIT_RATIO":0.2332307118,"ROE_AVG":0.356658820173,"GROSS_PROFIT_QOQ":244.903824147779,"ROA":0.161860489207,"HOLDER_PROFIT_QOQ":93.354210954649,"ROE_YEARLY":0.713317640345,"ROIC_YEARLY":0.431793844347,"TOTAL_ASSETS":428196623.4,"TOTAL_LIABILITIES":246373475.4,"TAX_EBT":null,"OCF_SALES":23.616008956059,"TOTAL_PARENT_EQUITY":181823148,"DEBT_ASSET_RATIO":57.5374633839,"OPERATE_PROFIT":1021070.7,"PRETAX_PROFIT":647887.5,"NETCASH_OPERATE":65602496.7,"NETCASH_INVEST":-4618142.1,"NETCASH_FINANCE":-4467832.2,"END_CASH":128442401.1,"DIVI_RATIO":null,"DIVIDEND_RATE":null,"CURRENT_RATIO":1.389176754366,"COMMON_ACS":15000000000,"CURRENTDEBT_DEBT":94.193629822864,"ISSUED_COMMON_SHARES":800000000,"HK_COMMON_SHARES":800000000,"PER_SHARES":5000,"TOTAL_MARKET_CAP":67200000,"HKSK_MARKET_CAP":67200000,"PE_TTM":7.395370898999,"PB_TTM":0.297801442656,"REPORT_DATE_SQ":"2021-06-30 00:00:00","REPORT_TYPE_SQ":"2021年中报","OPERATE_INCOME_SQ":202501703.8,"DPS_HKD":null,"OPERATE_INCOME_QOQ_SQ":31.734909513499,"NET_PROFIT_RATIO_SQ":-5.6031871767,"HOLDER_PROFIT_SQ":-11346549.5,"HOLDER_PROFIT_QOQ_SQ":74.39725239566,"ROE_AVG_SQ":-7.030416416972,"PE_TTM_SQ":8.36999001719,"PB_TTM_SQ":0.520021024797,"ROA_SQ":-2.847788375577,"START_DATE":"2022-07-01 00:00:00","FISCAL_YEAR":"6-30","CURRENCY":"HKD","IS_CNY_CODE":0,"DPS_HKD_LY":null,"ORG_TYPE":"一般企业","PREMIUM_INCOME":null,"PREMIUM_INCOME_YOY":null,"NET_INTEREST_INCOME":null,"NET_INTEREST_INCOME_YOY":null,"FEE_COMMISSION_INCOME":null,"FEE_COMMISSION_INCOME_YOY":null,"ACCOUNTS_RECE_TDAYS":3.555931528662,"INVENTORY_TDAYS":null,"CURRENT_ASSETS_TDAYS":0.952207515324,"TOTAL_ASSETS_TDAYS":0.693993033525,"PREMIUM_EXPENSE":null,"LOAN_DEPOSIT":null,"LOAN_EQUITY":null,"LOAN_ASSETS":null,"DEPOSIT_EQUITY":null,"DEPOSIT_ASSETS":null,"EQUITY_MULTIPLIER":2.355017103761,"EQUITY_RATIO":1.355017103763},{"SECUCODE":"09998.HK","SECURITY_CODE":"09998","SECURITY_NAME_ABBR":"光荣控股","ORG_CODE":"10990415","STD_REPORT_DATE":"2021-12-31 00:00:00","REPORT_DATE":"2022-06-30 00:00:00","DATE_TYPE_CODE":"001","REPORT_TYPE":"2021年年报","PER_NETCASH_OPERATE":-0.0884039925,"PER_OI":0.4682485275,"BPS":0.21083406875,"BASIC_EPS":-0.0024085,"DILUTED_EPS":-0.0024085,"OPERATE_INCOME":374598822,"OPERATE_INCOME_YOY":-14.1020401401,"GROSS_PROFIT":18102286,"GROSS_PROFIT_YOY":172.806440299165,"HOLDER_PROFIT":-1883447,"HOLDER_PROFIT_YOY":93.698630137,"GROSS_PROFIT_RATIO":4.832446056117,"EPS_TTM":-0.0354255715,"OPERATE_INCOME_QOQ":-0.858866425005,"NET_PROFIT_RATIO":-0.5027904225,"ROE_AVG":-1.110148918953,"GROSS_PROFIT_QOQ":49.755335494173,"ROA":-0.494958637408,"HOLDER_PROFIT_QOQ":4.900199251673,"ROE_YEARLY":-1.110148918953,"ROIC_YEARLY":-0.700880133364,"TOTAL_ASSETS":346053280,"TOTAL_LIABILITIES":177386025,"TAX_EBT":-2.356020942408,"OCF_SALES":-18.879716071291,"TOTAL_PARENT_EQUITY":168667255,"DEBT_ASSET_RATIO":51.2597438753,"OPERATE_PROFIT":-968217,"PRETAX_PROFIT":-1840094,"NETCASH_OPERATE":-70723194,"NETCASH_INVEST":-7394095,"NETCASH_FINANCE":-11030930,"END_CASH":66845509,"DIVI_RATIO":null,"DIVIDEND_RATE":null,"CURRENT_RATIO":1.505319466858,"COMMON_ACS":15000000000,"CURRENTDEBT_DEBT":90.867617107943,"ISSUED_COMMON_SHARES":800000000,"HK_COMMON_SHARES":800000000,"PER_SHARES":5000,"TOTAL_MARKET_CAP":67200000,"HKSK_MARKET_CAP":67200000,"PE_TTM":7.395370898999,"PB_TTM":0.297801442656,"REPORT_DATE_SQ":"2020-12-31 00:00:00","REPORT_TYPE_SQ":"2020年年报","OPERATE_INCOME_SQ":434802839.1,"DPS_HKD":null,"OPERATE_INCOME_QOQ_SQ":-49.051227715043,"NET_PROFIT_RATIO_SQ":-6.8538543956,"HOLDER_PROFIT_SQ":-29800753.5,"HOLDER_PROFIT_QOQ_SQ":-35.135828935519,"ROE_AVG_SQ":-15.952387073553,"PE_TTM_SQ":8.36999001719,"PB_TTM_SQ":0.520021024797,"ROA_SQ":-6.707310481997,"START_DATE":"2021-07-01 00:00:00","FISCAL_YEAR":"6-30","CURRENCY":"HKD","IS_CNY_CODE":0,"DPS_HKD_LY":null,"ORG_TYPE":"一般企业","PREMIUM_INCOME":null,"PREMIUM_INCOME_YOY":null,"NET_INTEREST_INCOME":null,"NET_INTEREST_INCOME_YOY":null,"FEE_COMMISSION_INCOME":null,"FEE_COMMISSION_INCOME_YOY":null,"ACCOUNTS_RECE_TDAYS":5.763219327825,"INVENTORY_TDAYS":null,"CURRENT_ASSETS_TDAYS":1.355445941471,"TOTAL_ASSETS_TDAYS":0.984423360529,"PREMIUM_EXPENSE":null,"LOAN_DEPOSIT":null,"LOAN_EQUITY":null,"LOAN_ASSETS":null,"DEPOSIT_EQUITY":null,"DEPOSIT_ASSETS":null,"EQUITY_MULTIPLIER":2.051692131944,"EQUITY_RATIO":1.051692131943},{"SECUCODE":"09998.HK","SECURITY_CODE":"09998","SECURITY_NAME_ABBR":"光荣控股","ORG_CODE":"10990415","STD_REPORT_DATE":"2021-06-30 00:00:00","REPORT_DATE":"2021-12-31 00:00:00","DATE_TYPE_CODE":"002","REPORT_TYPE":"2021年中报","PER_NETCASH_OPERATE":-0.04369954875,"PER_OI":0.25312712975,"BPS":0.194560298625,"BASIC_EPS":-0.0141537,"DILUTED_EPS":-0.0141537,"OPERATE_INCOME":202501703.8,"OPERATE_INCOME_YOY":2.6326486693,"GROSS_PROFIT":1132296,"GROSS_PROFIT_YOY":110.075008404471,"HOLDER_PROFIT":-11346549.5,"HOLDER_PROFIT_YOY":7.3931459376,"GROSS_PROFIT_RATIO":0.559153813895,"EPS_TTM":-0.037250941875,"OPERATE_INCOME_QOQ":31.734909513499,"NET_PROFIT_RATIO":-5.6031871767,"ROE_AVG":-7.030416416972,"GROSS_PROFIT_QOQ":74.049167817393,"ROA":-2.847788375577,"HOLDER_PROFIT_QOQ":74.39725239566,"ROE_YEARLY":-14.060832833945,"ROIC_YEARLY":-8.694944820542,"TOTAL_ASSETS":390406225,"TOTAL_LIABILITIES":234757986.1,"TAX_EBT":null,"OCF_SALES":-17.263874004007,"TOTAL_PARENT_EQUITY":155648238.9,"DEBT_ASSET_RATIO":60.1317220544,"OPERATE_PROFIT":-10893631.1,"PRETAX_PROFIT":-11346549.5,"NETCASH_OPERATE":-34959639,"NETCASH_INVEST":-6388036.6,"NETCASH_FINANCE":-6539009.4,"END_CASH":104407127,"DIVI_RATIO":null,"DIVIDEND_RATE":null,"CURRENT_RATIO":1.318261287644,"COMMON_ACS":15000000000,"CURRENTDEBT_DEBT":91.95924355393,"ISSUED_COMMON_SHARES":800000000,"HK_COMMON_SHARES":800000000,"PER_SHARES":5000,"TOTAL_MARKET_CAP":67200000,"HKSK_MARKET_CAP":67200000,"PE_TTM":7.395370898999,"PB_TTM":0.297801442656,"REPORT_DATE_SQ":"2020-06-30 00:00:00","REPORT_TYPE_SQ":"2020年中报","OPERATE_INCOME_SQ":206236079.4,"DPS_HKD":null,"OPERATE_INCOME_QOQ_SQ":-27.829775207241,"NET_PROFIT_RATIO_SQ":-6.2097989049,"HOLDER_PROFIT_SQ":-12806845.8,"HOLDER_PROFIT_QOQ_SQ":-318.511589186245,"ROE_AVG_SQ":-6.403017825883,"PE_TTM_SQ":8.36999001719,"PB_TTM_SQ":0.520021024797,"ROA_SQ":-2.621630215878,"START_DATE":"2021-07-01 00:00:00","FISCAL_YEAR":"6-30","CURRENCY":"HKD","IS_CNY_CODE":0,"DPS_HKD_LY":null,"ORG_TYPE":"一般企业","PREMIUM_INCOME":null,"PREMIUM_INCOME_YOY":null,"NET_INTEREST_INCOME":null,"NET_INTEREST_INCOME_YOY":null,"FEE_COMMISSION_INCOME":null,"FEE_COMMISSION_INCOME_YOY":null,"ACCOUNTS_RECE_TDAYS":3.43334799824,"INVENTORY_TDAYS":null,"CURRENT_ASSETS_TDAYS":0.688426252646,"TOTAL_ASSETS_TDAYS":0.50824437695,"PREMIUM_EXPENSE":null,"LOAN_DEPOSIT":null,"LOAN_EQUITY":null,"LOAN_ASSETS":null,"DEPOSIT_EQUITY":null,"DEPOSIT_ASSETS":null,"EQUITY_MULTIPLIER":2.508259828439,"EQUITY_RATIO":1.508259828438},{"SECUCODE":"09998.HK","SECURITY_CODE":"09998","SECURITY_NAME_ABBR":"光荣控股","ORG_CODE":"10990415","STD_REPORT_DATE":"2020-12-31 00:00:00","REPORT_DATE":"2021-06-30 00:00:00","DATE_TYPE_CODE":"001","REPORT_TYPE":"2020年年报","PER_NETCASH_OPERATE":-0.062128927875,"PER_OI":0.543503548875,"BPS":0.21267556275,"BASIC_EPS":-0.03746106,"DILUTED_EPS":-0.03746106,"OPERATE_INCOME":434802839.1,"OPERATE_INCOME_YOY":-28.989269915,"GROSS_PROFIT":-24863577.9,"GROSS_PROFIT_YOY":46.657005193236,"HOLDER_PROFIT":-29800753.5,"HOLDER_PROFIT_YOY":63.3944900006,"GROSS_PROFIT_RATIO":-5.718356842256,"EPS_TTM":-0.145495875875,"OPERATE_INCOME_QOQ":-49.051227715043,"NET_PROFIT_RATIO":-6.8538543956,"ROE_AVG":-15.952387073553,"GROSS_PROFIT_QOQ":-105.55408177822,"ROA":-6.707310481997,"HOLDER_PROFIT_QOQ":-35.135828935519,"ROE_YEARLY":-15.952387073553,"ROIC_YEARLY":-11.883785957789,"TOTAL_ASSETS":413767013.1,"TOTAL_LIABILITIES":243626562.9,"TAX_EBT":null,"OCF_SALES":-11.431190836491,"TOTAL_PARENT_EQUITY":170140450.2,"DEBT_ASSET_RATIO":58.8801318584,"OPERATE_PROFIT":-25612799.1,"PRETAX_PROFIT":-29800753.5,"NETCASH_OPERATE":-49703142.3,"NETCASH_INVEST":-13144989.9,"NETCASH_FINANCE":-9456516.3,"END_CASH":154935102,"DIVI_RATIO":null,"DIVIDEND_RATE":null,"CURRENT_RATIO":1.41362348756,"COMMON_ACS":15000000000,"CURRENTDEBT_DEBT":89.772704871173,"ISSUED_COMMON_SHARES":800000000,"HK_COMMON_SHARES":800000000,"PER_SHARES":5000,"TOTAL_MARKET_CAP":67200000,"HKSK_MARKET_CAP":67200000,"PE_TTM":7.395370898999,"PB_TTM":0.297801442656,"REPORT_DATE_SQ":"2019-12-31 00:00:00","REPORT_TYPE_SQ":"2019年年报","OPERATE_INCOME_SQ":647825099.6,"DPS_HKD":null,"OPERATE_INCOME_QOQ_SQ":60.090597022029,"NET_PROFIT_RATIO_SQ":-13.2957362031,"HOLDER_PROFIT_SQ":-86133116.3,"HOLDER_PROFIT_QOQ_SQ":31.103494635324,"ROE_AVG_SQ":-41.434350594591,"PE_TTM_SQ":8.36999001719,"PB_TTM_SQ":0.520021024797,"ROA_SQ":-18.912722099802,"START_DATE":"2020-07-01 00:00:00","FISCAL_YEAR":"6-30","CURRENCY":"HKD","IS_CNY_CODE":0,"DPS_HKD_LY":null,"ORG_TYPE":"一般企业","PREMIUM_INCOME":null,"PREMIUM_INCOME_YOY":null,"NET_INTEREST_INCOME":null,"NET_INTEREST_INCOME_YOY":null,"FEE_COMMISSION_INCOME":null,"FEE_COMMISSION_INCOME_YOY":null,"ACCOUNTS_RECE_TDAYS":9.897021044001,"INVENTORY_TDAYS":null,"CURRENT_ASSETS_TDAYS":1.270415716541,"TOTAL_ASSETS_TDAYS":0.97861875885,"PREMIUM_EXPENSE":null,"LOAN_DEPOSIT":null,"LOAN_EQUITY":null,"LOAN_ASSETS":null,"DEPOSIT_EQUITY":null,"DEPOSIT_ASSETS":null,"EQUITY_MULTIPLIER":2.431914413141,"EQUITY_RATIO":1.431914413143},{"SECUCODE":"09998.HK","SECURITY_CODE":"09998","SECURITY_NAME_ABBR":"光荣控股","ORG_CODE":"10990415","STD_REPORT_DATE":"2020-06-30 00:00:00","REPORT_DATE":"2020-12-31 00:00:00","DATE_TYPE_CODE":"002","REPORT_TYPE":"2020年中报","PER_NETCASH_OPERATE":-0.022783068,"PER_OI":0.25779509925,"BPS":0.2388646875,"BASIC_EPS":-0.01578048,"DILUTED_EPS":-0.01578048,"OPERATE_INCOME":206236079.4,"OPERATE_INCOME_YOY":-58.706728016,"GROSS_PROFIT":-11238660.6,"GROSS_PROFIT_YOY":-129.605882175994,"HOLDER_PROFIT":-12806845.8,"HOLDER_PROFIT_YOY":-176.9709543568,"GROSS_PROFIT_RATIO":-5.449415365486,"EPS_TTM":-0.107666395375,"OPERATE_INCOME_QOQ":-27.829775207241,"NET_PROFIT_RATIO":-6.2097989049,"ROE_AVG":-6.403017825883,"GROSS_PROFIT_QOQ":-158.435645812913,"ROA":-2.621630215878,"HOLDER_PROFIT_QOQ":-318.511589186245,"ROE_YEARLY":-12.806035651767,"ROIC_YEARLY":-9.572252630803,"TOTAL_ASSETS":489451312.8,"TOTAL_LIABILITIES":298359562.8,"TAX_EBT":null,"OCF_SALES":-8.837665287774,"TOTAL_PARENT_EQUITY":191091750,"DEBT_ASSET_RATIO":60.9579655826,"OPERATE_PROFIT":-12249597.6,"PRETAX_PROFIT":-12806845.8,"NETCASH_OPERATE":-18226454.4,"NETCASH_INVEST":-4181827.2,"NETCASH_FINANCE":-4635516,"END_CASH":204884875.8,"DIVI_RATIO":null,"DIVIDEND_RATE":null,"CURRENT_RATIO":1.430110472017,"COMMON_ACS":15000000000,"CURRENTDEBT_DEBT":90.517668837394,"ISSUED_COMMON_SHARES":800000000,"HK_COMMON_SHARES":800000000,"PER_SHARES":5000,"TOTAL_MARKET_CAP":67200000,"HKSK_MARKET_CAP":67200000,"PE_TTM":7.395370898999,"PB_TTM":0.297801442656,"REPORT_DATE_SQ":"2019-06-30 00:00:00","REPORT_TYPE_SQ":"2019年中报","OPERATE_INCOME_SQ":524002244.2,"DPS_HKD":null,"OPERATE_INCOME_QOQ_SQ":115.061365788263,"NET_PROFIT_RATIO_SQ":3.3314243962,"HOLDER_PROFIT_SQ":17456738.6,"HOLDER_PROFIT_QOQ_SQ":-15.226967154593,"ROE_AVG_SQ":8.201263976665,"PE_TTM_SQ":8.36999001719,"PB_TTM_SQ":0.520021024797,"ROA_SQ":3.606299801728,"START_DATE":"2020-07-01 00:00:00","FISCAL_YEAR":"6-30","CURRENCY":"HKD","IS_CNY_CODE":0,"DPS_HKD_LY":null,"ORG_TYPE":"一般企业","PREMIUM_INCOME":null,"PREMIUM_INCOME_YOY":null,"NET_INTEREST_INCOME":null,"NET_INTEREST_INCOME_YOY":null,"FEE_COMMISSION_INCOME":null,"FEE_COMMISSION_INCOME_YOY":null,"ACCOUNTS_RECE_TDAYS":4.762398223538,"INVENTORY_TDAYS":null,"CURRENT_ASSETS_TDAYS":0.534556144948,"TOTAL_ASSETS_TDAYS":0.422176346778,"PREMIUM_EXPENSE":null,"LOAN_DEPOSIT":null,"LOAN_EQUITY":null,"LOAN_ASSETS":null,"DEPOSIT_EQUITY":null,"DEPOSIT_ASSETS":null,"EQUITY_MULTIPLIER":2.561341935487,"EQUITY_RATIO":1.561341935484},{"SECUCODE":"09998.HK","SECURITY_CODE":"09998","SECURITY_NAME_ABBR":"光荣控股","ORG_CODE":"10990415","STD_REPORT_DATE":"2019-12-31 00:00:00","REPORT_DATE":"2020-06-30 00:00:00","DATE_TYPE_CODE":"001","REPORT_TYPE":"2019年年报","PER_NETCASH_OPERATE":0.14430892,"PER_OI":0.8097813745,"BPS":0.269105648,"BASIC_EPS":-0.10772356,"DILUTED_EPS":-0.10772356,"OPERATE_INCOME":647825099.6,"OPERATE_INCOME_YOY":15.5195534776,"GROSS_PROFIT":-46610764.9,"GROSS_PROFIT_YOY":-163.8311029344,"HOLDER_PROFIT":-86133116.3,"HOLDER_PROFIT_YOY":-386.4312267658,"GROSS_PROFIT_RATIO":-7.194961252471,"EPS_TTM":13139366.6,"OPERATE_INCOME_QOQ":60.090597022029,"NET_PROFIT_RATIO":-13.2957362031,"ROE_AVG":-41.434350594591,"GROSS_PROFIT_QOQ":9.23316076417,"ROA":-18.912722099802,"HOLDER_PROFIT_QOQ":31.103494635324,"ROE_YEARLY":-41.434350594591,"ROIC_YEARLY":-26.453077817399,"TOTAL_ASSETS":502383049.7,"TOTAL_LIABILITIES":287098531.3,"TAX_EBT":3.153745072273,"OCF_SALES":17.820726006338,"TOTAL_PARENT_EQUITY":215284518.4,"DEBT_ASSET_RATIO":57.1473363744,"OPERATE_PROFIT":-65711371.6,"PRETAX_PROFIT":-88937993.9,"NETCASH_OPERATE":115447136,"NETCASH_INVEST":9075201.8,"NETCASH_FINANCE":121133110.7,"END_CASH":244166627.6,"DIVI_RATIO":null,"DIVIDEND_RATE":null,"CURRENT_RATIO":1.561251398434,"COMMON_ACS":15000000000,"CURRENTDEBT_DEBT":88.593122245624,"ISSUED_COMMON_SHARES":800000000,"HK_COMMON_SHARES":800000000,"PER_SHARES":5000,"TOTAL_MARKET_CAP":67200000,"HKSK_MARKET_CAP":67200000,"PE_TTM":7.395370898999,"PB_TTM":0.297801442656,"REPORT_DATE_SQ":"2018-12-31 00:00:00","REPORT_TYPE_SQ":"2018年年报","OPERATE_INCOME_SQ":560704302,"DPS_HKD":null,"OPERATE_INCOME_QOQ_SQ":0,"NET_PROFIT_RATIO_SQ":5.3622558081,"HOLDER_PROFIT_SQ":30066399,"HOLDER_PROFIT_QOQ_SQ":0,"ROE_AVG_SQ":15.373824492129,"PE_TTM_SQ":8.36999001719,"PB_TTM_SQ":0.520021024797,"ROA_SQ":8.458938130257,"START_DATE":"2019-07-01 00:00:00","FISCAL_YEAR":"6-30","CURRENCY":"HKD","IS_CNY_CODE":0,"DPS_HKD_LY":null,"ORG_TYPE":"一般企业","PREMIUM_INCOME":null,"PREMIUM_INCOME_YOY":null,"NET_INTEREST_INCOME":null,"NET_INTEREST_INCOME_YOY":null,"FEE_COMMISSION_INCOME":null,"FEE_COMMISSION_INCOME_YOY":null,"ACCOUNTS_RECE_TDAYS":8.9336416509,"INVENTORY_TDAYS":null,"CURRENT_ASSETS_TDAYS":1.827069554812,"TOTAL_ASSETS_TDAYS":1.422465203202,"PREMIUM_EXPENSE":null,"LOAN_DEPOSIT":null,"LOAN_EQUITY":null,"LOAN_ASSETS":null,"DEPOSIT_EQUITY":null,"DEPOSIT_ASSETS":null,"EQUITY_MULTIPLIER":2.333577228097,"EQUITY_RATIO":1.333577228097}],"count":15},"success":true,"message":"ok","code":0}