{"version":"44e2aa4f5adc57d7c4c2cad02c44b621","result":{"pages":2,"data":[{"SECUCODE":"09992.HK","SECURITY_CODE":"09992","SECURITY_NAME_ABBR":"泡泡玛特","ORG_CODE":"10000099268","STD_REPORT_DATE":"2024-06-30 00:00:00","REPORT_DATE":"2024-06-30 00:00:00","DATE_TYPE_CODE":"002","REPORT_TYPE":"2024年中报","PER_NETCASH_OPERATE":1.41872796328,"PER_OI":3.393912095237,"BPS":6.254200708347,"BASIC_EPS":0.6949,"DILUTED_EPS":0.6922,"OPERATE_INCOME":4557831000,"OPERATE_INCOME_YOY":61.9806511594,"GROSS_PROFIT":2919105000,"GROSS_PROFIT_YOY":71.877870416166,"HOLDER_PROFIT":921333000,"HOLDER_PROFIT_YOY":93.3238210145,"GROSS_PROFIT_RATIO":64.045924475919,"EPS_TTM":1.137130786214,"OPERATE_INCOME_QOQ":27.678439080007,"NET_PROFIT_RATIO":21.1535267543,"ROE_AVG":11.396315273899,"GROSS_PROFIT_QOQ":31.592199004625,"ROA":8.780310546736,"HOLDER_PROFIT_QOQ":41.092111195701,"ROE_YEARLY":22.792630547797,"ROIC_YEARLY":46.362045774653,"TOTAL_ASSETS":11017479000,"TOTAL_LIABILITIES":2564822000,"TAX_EBT":21.514801723815,"OCF_SALES":41.802142290927,"TOTAL_PARENT_EQUITY":8399036000,"DEBT_ASSET_RATIO":23.2795723958,"OPERATE_PROFIT":1126417000,"PRETAX_PROFIT":1228438000,"NETCASH_OPERATE":1905271000,"NETCASH_INVEST":333591000,"NETCASH_FINANCE":-715974000,"END_CASH":3608674000,"DIVI_RATIO":0.246651566733,"DIVIDEND_RATE":0.278327338129,"CURRENT_RATIO":4.213682643546,"COMMON_ACS":5000000000,"CURRENTDEBT_DEBT":80.642750257133,"ISSUED_COMMON_SHARES":1342943150,"HK_COMMON_SHARES":1342943150,"PER_SHARES":200,"TOTAL_MARKET_CAP":149335278280,"HKSK_MARKET_CAP":149335278280,"PE_TTM":88.525028923163,"PB_TTM":16.227495843641,"REPORT_DATE_SQ":"2023-06-30 00:00:00","REPORT_TYPE_SQ":"2023年中报","OPERATE_INCOME_SQ":2813812000,"DPS_HKD":0.3095,"OPERATE_INCOME_QOQ_SQ":9.854062656205,"NET_PROFIT_RATIO_SQ":16.9606924699,"HOLDER_PROFIT_SQ":476575000,"HOLDER_PROFIT_QOQ_SQ":30.222217550351,"ROE_AVG_SQ":6.680943270826,"PE_TTM_SQ":37.901589798002,"PB_TTM_SQ":3.158944623505,"ROA_SQ":5.401691398421,"START_DATE":"2024-01-01 00:00:00","FISCAL_YEAR":"12-31","CURRENCY":"HKD","IS_CNY_CODE":0,"DPS_HKD_LY":0.3095,"ORG_TYPE":"一般企业","PREMIUM_INCOME":null,"PREMIUM_INCOME_YOY":null,"NET_INTEREST_INCOME":null,"NET_INTEREST_INCOME_YOY":null,"FEE_COMMISSION_INCOME":null,"FEE_COMMISSION_INCOME_YOY":null,"ACCOUNTS_RECE_TDAYS":15.580756812561,"INVENTORY_TDAYS":1.799419565454,"CURRENT_ASSETS_TDAYS":0.555873383496,"TOTAL_ASSETS_TDAYS":0.434361643396,"PREMIUM_EXPENSE":null,"LOAN_DEPOSIT":null,"LOAN_EQUITY":null,"LOAN_ASSETS":null,"DEPOSIT_EQUITY":null,"DEPOSIT_ASSETS":null,"EQUITY_MULTIPLIER":1.303433819685,"EQUITY_RATIO":0.305370997338},{"SECUCODE":"09992.HK","SECURITY_CODE":"09992","SECURITY_NAME_ABBR":"泡泡玛特","ORG_CODE":"10000099268","STD_REPORT_DATE":"2023-12-31 00:00:00","REPORT_DATE":"2023-12-31 00:00:00","DATE_TYPE_CODE":"001","REPORT_TYPE":"2023年年报","PER_NETCASH_OPERATE":1.476436946852,"PER_OI":4.673490831383,"BPS":5.785745286388,"BASIC_EPS":0.81,"DILUTED_EPS":0.81,"OPERATE_INCOME":6301002000,"OPERATE_INCOME_YOY":36.4643676727,"GROSS_PROFIT":3864071000,"GROSS_PROFIT_YOY":45.564453090419,"HOLDER_PROFIT":1082344000,"HOLDER_PROFIT_YOY":127.5457259387,"GROSS_PROFIT_RATIO":61.32470676886,"EPS_TTM":0.802781011719,"OPERATE_INCOME_QOQ":24.22332353768,"NET_PROFIT_RATIO":17.2793311286,"ROE_AVG":14.692570494627,"GROSS_PROFIT_QOQ":29.558296138536,"ROA":11.670153391639,"HOLDER_PROFIT_QOQ":74.736485232033,"ROE_YEARLY":14.692570494627,"ROIC_YEARLY":28.741371366813,"TOTAL_ASSETS":9968863000,"TOTAL_LIABILITIES":2188481000,"TAX_EBT":23.096086540397,"OCF_SALES":31.591737314161,"TOTAL_PARENT_EQUITY":7769927000,"DEBT_ASSET_RATIO":21.9531655716,"OPERATE_PROFIT":1230646000,"PRETAX_PROFIT":1415755000,"NETCASH_OPERATE":1990596000,"NETCASH_INVEST":233940000,"NETCASH_FINANCE":-841557000,"END_CASH":2077927000,"DIVI_RATIO":0.349379327495,"DIVIDEND_RATE":0.336047774159,"CURRENT_RATIO":4.432853266686,"COMMON_ACS":5000000000,"CURRENTDEBT_DEBT":79.201098844358,"ISSUED_COMMON_SHARES":1342943150,"HK_COMMON_SHARES":1342943150,"PER_SHARES":200,"TOTAL_MARKET_CAP":123685064115,"HKSK_MARKET_CAP":123685064115,"PE_TTM":73.319740681864,"PB_TTM":13.44021912949,"REPORT_DATE_SQ":"2022-12-31 00:00:00","REPORT_TYPE_SQ":"2022年年报","OPERATE_INCOME_SQ":4617324000,"DPS_HKD":0.3095,"OPERATE_INCOME_QOQ_SQ":-9.052152379842,"NET_PROFIT_RATIO_SQ":10.3046916352,"HOLDER_PROFIT_SQ":475660000,"HOLDER_PROFIT_QOQ_SQ":-42.582057104091,"ROE_AVG_SQ":6.902892071746,"PE_TTM_SQ":42.062816044357,"PB_TTM_SQ":3.505766045724,"ROA_SQ":5.627884281821,"START_DATE":"2023-01-01 00:00:00","FISCAL_YEAR":"12-31","CURRENCY":"HKD","IS_CNY_CODE":0,"DPS_HKD_LY":0.09777,"ORG_TYPE":"一般企业","PREMIUM_INCOME":null,"PREMIUM_INCOME_YOY":null,"NET_INTEREST_INCOME":null,"NET_INTEREST_INCOME_YOY":null,"FEE_COMMISSION_INCOME":null,"FEE_COMMISSION_INCOME_YOY":null,"ACCOUNTS_RECE_TDAYS":24.43641144373,"INVENTORY_TDAYS":2.750963061885,"CURRENT_ASSETS_TDAYS":0.881320405253,"TOTAL_ASSETS_TDAYS":0.679392687177,"PREMIUM_EXPENSE":null,"LOAN_DEPOSIT":null,"LOAN_EQUITY":null,"LOAN_ASSETS":null,"DEPOSIT_EQUITY":null,"DEPOSIT_ASSETS":null,"EQUITY_MULTIPLIER":1.281281947338,"EQUITY_RATIO":0.281660432588},{"SECUCODE":"09992.HK","SECURITY_CODE":"09992","SECURITY_NAME_ABBR":"泡泡玛特","ORG_CODE":"10000099268","STD_REPORT_DATE":"2023-06-30 00:00:00","REPORT_DATE":"2023-06-30 00:00:00","DATE_TYPE_CODE":"002","REPORT_TYPE":"2023年中报","PER_NETCASH_OPERATE":0.805366331762,"PER_OI":2.074588198248,"BPS":5.438361259,"BASIC_EPS":0.3546,"DILUTED_EPS":0.3542,"OPERATE_INCOME":2813812000,"OPERATE_INCOME_YOY":19.2890676602,"GROSS_PROFIT":1698360000,"GROSS_PROFIT_YOY":23.931065734486,"HOLDER_PROFIT":476575000,"HOLDER_PROFIT_YOY":43.1930172466,"GROSS_PROFIT_RATIO":60.357977007703,"EPS_TTM":0.456686889109,"OPERATE_INCOME_QOQ":9.854062656205,"NET_PROFIT_RATIO":16.9606924699,"ROE_AVG":6.680943270826,"GROSS_PROFIT_QOQ":12.35440525921,"ROA":5.401691398421,"HOLDER_PROFIT_QOQ":30.222217550351,"ROE_YEARLY":13.361886541651,"ROIC_YEARLY":27.002732144456,"TOTAL_ASSETS":9065337000,"TOTAL_LIABILITIES":1759359000,"TAX_EBT":22.844666613855,"OCF_SALES":38.820539538534,"TOTAL_PARENT_EQUITY":7303410000,"DEBT_ASSET_RATIO":19.4075410545,"OPERATE_PROFIT":537762000,"PRETAX_PROFIT":618547000,"NETCASH_OPERATE":1092337000,"NETCASH_INVEST":82034000,"NETCASH_FINANCE":-558287000,"END_CASH":1473382000,"DIVI_RATIO":0.614151832883,"DIVIDEND_RATE":0.336047774159,"CURRENT_RATIO":5.260518914018,"COMMON_ACS":5000000000,"CURRENTDEBT_DEBT":76.487800386391,"ISSUED_COMMON_SHARES":1342943150,"HK_COMMON_SHARES":1342943150,"PER_SHARES":200,"TOTAL_MARKET_CAP":123685064115,"HKSK_MARKET_CAP":123685064115,"PE_TTM":73.319740681864,"PB_TTM":13.44021912949,"REPORT_DATE_SQ":"2022-06-30 00:00:00","REPORT_TYPE_SQ":"2022年中报","OPERATE_INCOME_SQ":2358818000,"DPS_HKD":0.3095,"OPERATE_INCOME_QOQ_SQ":13.054699641544,"NET_PROFIT_RATIO_SQ":14.114908399,"HOLDER_PROFIT_SQ":332820000,"HOLDER_PROFIT_QOQ_SQ":-3.034158571715,"ROE_AVG_SQ":4.778350548767,"PE_TTM_SQ":42.062816044357,"PB_TTM_SQ":3.505766045724,"ROA_SQ":3.935554438762,"START_DATE":"2023-01-01 00:00:00","FISCAL_YEAR":"12-31","CURRENCY":"HKD","IS_CNY_CODE":0,"DPS_HKD_LY":0.09777,"ORG_TYPE":"一般企业","PREMIUM_INCOME":null,"PREMIUM_INCOME_YOY":null,"NET_INTEREST_INCOME":null,"NET_INTEREST_INCOME_YOY":null,"FEE_COMMISSION_INCOME":null,"FEE_COMMISSION_INCOME_YOY":null,"ACCOUNTS_RECE_TDAYS":13.954632017457,"INVENTORY_TDAYS":1.372223066272,"CURRENT_ASSETS_TDAYS":0.410937779878,"TOTAL_ASSETS_TDAYS":0.318928690703,"PREMIUM_EXPENSE":null,"LOAN_DEPOSIT":null,"LOAN_EQUITY":null,"LOAN_ASSETS":null,"DEPOSIT_EQUITY":null,"DEPOSIT_ASSETS":null,"EQUITY_MULTIPLIER":1.240810881172,"EQUITY_RATIO":0.240895554268},{"SECUCODE":"09992.HK","SECURITY_CODE":"09992","SECURITY_NAME_ABBR":"泡泡玛特","ORG_CODE":"10000099268","STD_REPORT_DATE":"2022-12-31 00:00:00","REPORT_DATE":"2022-12-31 00:00:00","DATE_TYPE_CODE":"001","REPORT_TYPE":"2022年年报","PER_NETCASH_OPERATE":0.645415304896,"PER_OI":3.344576876065,"BPS":5.185095139731,"BASIC_EPS":0.35,"DILUTED_EPS":0.35,"OPERATE_INCOME":4617324000,"OPERATE_INCOME_YOY":2.8208159574,"GROSS_PROFIT":2654543000,"GROSS_PROFIT_YOY":-3.772931722482,"HOLDER_PROFIT":475660000,"HOLDER_PROFIT_YOY":-44.3242085402,"GROSS_PROFIT_RATIO":57.490940640076,"EPS_TTM":0.344546199675,"OPERATE_INCOME_QOQ":-9.052152379842,"NET_PROFIT_RATIO":10.3046916352,"ROE_AVG":6.902892071746,"GROSS_PROFIT_QOQ":-11.866767420349,"ROA":5.627884281821,"HOLDER_PROFIT_QOQ":-42.582057104091,"ROE_YEARLY":6.902892071746,"ROIC_YEARLY":14.427967313068,"TOTAL_ASSETS":8580062000,"TOTAL_LIABILITIES":1614737000,"TAX_EBT":25.601340986883,"OCF_SALES":19.29736791267,"TOTAL_PARENT_EQUITY":6963288000,"DEBT_ASSET_RATIO":18.819642562,"OPERATE_PROFIT":583380000,"PRETAX_PROFIT":639529000,"NETCASH_OPERATE":891022000,"NETCASH_INVEST":-4698408000,"NETCASH_FINANCE":-1177437000,"END_CASH":685314000,"DIVI_RATIO":0.814042036349,"DIVIDEND_RATE":0.336047774159,"CURRENT_RATIO":5.850588151019,"COMMON_ACS":5000000000,"CURRENTDEBT_DEBT":70.026697846151,"ISSUED_COMMON_SHARES":1342943150,"HK_COMMON_SHARES":1342943150,"PER_SHARES":200,"TOTAL_MARKET_CAP":123685064115,"HKSK_MARKET_CAP":123685064115,"PE_TTM":73.319740681864,"PB_TTM":13.44021912949,"REPORT_DATE_SQ":"2021-12-31 00:00:00","REPORT_TYPE_SQ":"2021年年报","OPERATE_INCOME_SQ":4490651000,"DPS_HKD":0.3095,"OPERATE_INCOME_QOQ_SQ":29.47861130245,"NET_PROFIT_RATIO_SQ":19.0299134803,"HOLDER_PROFIT_SQ":854339000,"HOLDER_PROFIT_QOQ_SQ":15.312685166064,"ROE_AVG_SQ":13.196915309731,"PE_TTM_SQ":42.062816044357,"PB_TTM_SQ":3.505766045724,"ROA_SQ":11.171535656435,"START_DATE":"2022-01-01 00:00:00","FISCAL_YEAR":"12-31","CURRENCY":"HKD","IS_CNY_CODE":0,"DPS_HKD_LY":0.17941,"ORG_TYPE":"一般企业","PREMIUM_INCOME":null,"PREMIUM_INCOME_YOY":null,"NET_INTEREST_INCOME":null,"NET_INTEREST_INCOME_YOY":null,"FEE_COMMISSION_INCOME":null,"FEE_COMMISSION_INCOME_YOY":null,"ACCOUNTS_RECE_TDAYS":25.251769878836,"INVENTORY_TDAYS":2.370774736776,"CURRENT_ASSETS_TDAYS":0.690553319179,"TOTAL_ASSETS_TDAYS":0.546309657395,"PREMIUM_EXPENSE":null,"LOAN_DEPOSIT":null,"LOAN_EQUITY":null,"LOAN_ASSETS":null,"DEPOSIT_EQUITY":null,"DEPOSIT_ASSETS":null,"EQUITY_MULTIPLIER":1.23182507636,"EQUITY_RATIO":0.231892893127},{"SECUCODE":"09992.HK","SECURITY_CODE":"09992","SECURITY_NAME_ABBR":"泡泡玛特","ORG_CODE":"10000099268","STD_REPORT_DATE":"2022-06-30 00:00:00","REPORT_DATE":"2022-06-30 00:00:00","DATE_TYPE_CODE":"002","REPORT_TYPE":"2022年中报","PER_NETCASH_OPERATE":0.267304983145,"PER_OI":1.687796941289,"BPS":5.295941231764,"BASIC_EPS":0.2418,"DILUTED_EPS":0.2417,"OPERATE_INCOME":2358818000,"OPERATE_INCOME_YOY":33.0728086848,"GROSS_PROFIT":1370407000,"GROSS_PROFIT_YOY":22.679253221612,"HOLDER_PROFIT":332820000,"HOLDER_PROFIT_YOY":-7.2258057323,"GROSS_PROFIT_RATIO":58.097191050772,"EPS_TTM":0.592754370499,"OPERATE_INCOME_QOQ":13.054699641544,"NET_PROFIT_RATIO":14.114908399,"ROE_AVG":4.778350548767,"GROSS_PROFIT_QOQ":9.183636479636,"ROA":3.935554438762,"HOLDER_PROFIT_QOQ":-3.034158571715,"ROE_YEARLY":9.556701097533,"ROIC_YEARLY":20.537129676652,"TOTAL_ASSETS":8589874000,"TOTAL_LIABILITIES":1475691000,"TAX_EBT":27.294425421893,"OCF_SALES":15.837508447027,"TOTAL_PARENT_EQUITY":7112148000,"DEBT_ASSET_RATIO":17.1794254491,"OPERATE_PROFIT":446057000,"PRETAX_PROFIT":457936000,"NETCASH_OPERATE":373578000,"NETCASH_INVEST":-4209902000,"NETCASH_FINANCE":-480561000,"END_CASH":1075380000,"DIVI_RATIO":0.473172538169,"DIVIDEND_RATE":0.336047774159,"CURRENT_RATIO":6.667777320825,"COMMON_ACS":5000000000,"CURRENTDEBT_DEBT":69.535017832324,"ISSUED_COMMON_SHARES":1342943150,"HK_COMMON_SHARES":1342943150,"PER_SHARES":200,"TOTAL_MARKET_CAP":123685064115,"HKSK_MARKET_CAP":123685064115,"PE_TTM":73.319740681864,"PB_TTM":13.44021912949,"REPORT_DATE_SQ":"2021-06-30 00:00:00","REPORT_TYPE_SQ":"2021年中报","OPERATE_INCOME_SQ":1772577000,"DPS_HKD":0.3095,"OPERATE_INCOME_QOQ_SQ":37.986752184529,"NET_PROFIT_RATIO_SQ":20.2416030446,"HOLDER_PROFIT_SQ":358742000,"HOLDER_PROFIT_QOQ_SQ":41.524722782017,"ROE_AVG_SQ":5.766428015612,"PE_TTM_SQ":42.062816044357,"PB_TTM_SQ":3.505766045724,"ROA_SQ":4.910143062518,"START_DATE":"2022-01-01 00:00:00","FISCAL_YEAR":"12-31","CURRENCY":"HKD","IS_CNY_CODE":0,"DPS_HKD_LY":0.17941,"ORG_TYPE":"一般企业","PREMIUM_INCOME":null,"PREMIUM_INCOME_YOY":null,"NET_INTEREST_INCOME":null,"NET_INTEREST_INCOME_YOY":null,"FEE_COMMISSION_INCOME":null,"FEE_COMMISSION_INCOME_YOY":null,"ACCOUNTS_RECE_TDAYS":15.529982618772,"INVENTORY_TDAYS":1.13202086496,"CURRENT_ASSETS_TDAYS":0.346904334815,"TOTAL_ASSETS_TDAYS":0.278927247465,"PREMIUM_EXPENSE":null,"LOAN_DEPOSIT":null,"LOAN_EQUITY":null,"LOAN_ASSETS":null,"DEPOSIT_EQUITY":null,"DEPOSIT_ASSETS":null,"EQUITY_MULTIPLIER":1.207429440598,"EQUITY_RATIO":0.207488792415},{"SECUCODE":"09992.HK","SECURITY_CODE":"09992","SECURITY_NAME_ABBR":"泡泡玛特","ORG_CODE":"10000099268","STD_REPORT_DATE":"2021-12-31 00:00:00","REPORT_DATE":"2021-12-31 00:00:00","DATE_TYPE_CODE":"001","REPORT_TYPE":"2021年年报","PER_NETCASH_OPERATE":0.555728748403,"PER_OI":3.20317477765,"BPS":5.077044400576,"BASIC_EPS":0.62,"DILUTED_EPS":0.62,"OPERATE_INCOME":4490651000,"OPERATE_INCOME_YOY":78.6633305099,"GROSS_PROFIT":2758624000,"GROSS_PROFIT_YOY":73.051261269625,"HOLDER_PROFIT":854339000,"HOLDER_PROFIT_YOY":63.1959580138,"GROSS_PROFIT_RATIO":61.430380584018,"EPS_TTM":0.609398756742,"OPERATE_INCOME_QOQ":29.47861130245,"NET_PROFIT_RATIO":19.0299134803,"ROE_AVG":13.196915309731,"GROSS_PROFIT_QOQ":26.674056611138,"ROA":11.171535656435,"HOLDER_PROFIT_QOQ":15.312685166064,"ROE_YEARLY":13.196915309731,"ROIC_YEARLY":39.311330790921,"TOTAL_ASSETS":8323626000,"TOTAL_LIABILITIES":1503620000,"TAX_EBT":27.034360749015,"OCF_SALES":17.349310823754,"TOTAL_PARENT_EQUITY":6818182000,"DEBT_ASSET_RATIO":18.0644829549,"OPERATE_PROFIT":1149812000,"PRETAX_PROFIT":1171191000,"NETCASH_OPERATE":779097000,"NETCASH_INVEST":-648002000,"NETCASH_FINANCE":-435827000,"END_CASH":5264710000,"DIVI_RATIO":0.460248871362,"DIVIDEND_RATE":0.336047774159,"CURRENT_RATIO":6.183995512059,"COMMON_ACS":5000000000,"CURRENTDEBT_DEBT":72.671685665261,"ISSUED_COMMON_SHARES":1342943150,"HK_COMMON_SHARES":1342943150,"PER_SHARES":200,"TOTAL_MARKET_CAP":123685064115,"HKSK_MARKET_CAP":123685064115,"PE_TTM":73.319740681864,"PB_TTM":13.44021912949,"REPORT_DATE_SQ":"2020-12-31 00:00:00","REPORT_TYPE_SQ":"2020年年报","OPERATE_INCOME_SQ":2513471000,"DPS_HKD":0.3095,"OPERATE_INCOME_QOQ_SQ":28.38051739963,"NET_PROFIT_RATIO_SQ":20.8202919389,"HOLDER_PROFIT_SQ":523505000,"HOLDER_PROFIT_QOQ_SQ":9.322499336971,"ROE_AVG_SQ":15.575511127012,"PE_TTM_SQ":42.062816044357,"PB_TTM_SQ":3.505766045724,"ROA_SQ":13.026109199306,"START_DATE":"2021-01-01 00:00:00","FISCAL_YEAR":"12-31","CURRENCY":"HKD","IS_CNY_CODE":0,"DPS_HKD_LY":0.1824,"ORG_TYPE":"一般企业","PREMIUM_INCOME":null,"PREMIUM_INCOME_YOY":null,"NET_INTEREST_INCOME":null,"NET_INTEREST_INCOME_YOY":null,"FEE_COMMISSION_INCOME":null,"FEE_COMMISSION_INCOME_YOY":null,"ACCOUNTS_RECE_TDAYS":35.972980117596,"INVENTORY_TDAYS":3.415559880812,"CURRENT_ASSETS_TDAYS":0.690169181436,"TOTAL_ASSETS_TDAYS":0.587207979117,"PREMIUM_EXPENSE":null,"LOAN_DEPOSIT":null,"LOAN_EQUITY":null,"LOAN_ASSETS":null,"DEPOSIT_EQUITY":null,"DEPOSIT_ASSETS":null,"EQUITY_MULTIPLIER":1.220471946799,"EQUITY_RATIO":0.220530927453},{"SECUCODE":"09992.HK","SECURITY_CODE":"09992","SECURITY_NAME_ABBR":"泡泡玛特","ORG_CODE":"10000099268","STD_REPORT_DATE":"2021-06-30 00:00:00","REPORT_DATE":"2021-06-30 00:00:00","DATE_TYPE_CODE":"002","REPORT_TYPE":"2021年中报","PER_NETCASH_OPERATE":0.315033290891,"PER_OI":1.264376576546,"BPS":4.700913810089,"BASIC_EPS":0.2604,"DILUTED_EPS":0.2602,"OPERATE_INCOME":1772577000,"OPERATE_INCOME_YOY":116.7518351266,"GROSS_PROFIT":1117065000,"GROSS_PROFIT_YOY":109.408198500672,"HOLDER_PROFIT":358742000,"HOLDER_PROFIT_YOY":153.7825945472,"GROSS_PROFIT_RATIO":63.019265171555,"EPS_TTM":0.528475037993,"OPERATE_INCOME_QOQ":37.986752184529,"NET_PROFIT_RATIO":20.2416030446,"ROE_AVG":5.766428015612,"GROSS_PROFIT_QOQ":36.611446652297,"ROA":4.910143062518,"HOLDER_PROFIT_QOQ":41.524722782017,"ROE_YEARLY":11.532856031224,"ROIC_YEARLY":19.325697245629,"TOTAL_ASSETS":7640984000,"TOTAL_LIABILITIES":1326307000,"TAX_EBT":27.742546142925,"OCF_SALES":24.916096733739,"TOTAL_PARENT_EQUITY":6313060000,"DEBT_ASSET_RATIO":17.3578036546,"OPERATE_PROFIT":486687000,"PRETAX_PROFIT":496555000,"NETCASH_OPERATE":441657000,"NETCASH_INVEST":-4498407000,"NETCASH_FINANCE":-120998000,"END_CASH":1503622000,"DIVI_RATIO":0.530725332014,"DIVIDEND_RATE":0.336047774159,"CURRENT_RATIO":6.119903934017,"COMMON_ACS":5000000000,"CURRENTDEBT_DEBT":82.346394914601,"ISSUED_COMMON_SHARES":1342943150,"HK_COMMON_SHARES":1342943150,"PER_SHARES":200,"TOTAL_MARKET_CAP":123685064115,"HKSK_MARKET_CAP":123685064115,"PE_TTM":73.319740681864,"PB_TTM":13.44021912949,"REPORT_DATE_SQ":"2020-06-30 00:00:00","REPORT_TYPE_SQ":"2020年中报","OPERATE_INCOME_SQ":817791000,"DPS_HKD":0.3095,"OPERATE_INCOME_QOQ_SQ":16.299718313875,"NET_PROFIT_RATIO_SQ":17.2762967555,"HOLDER_PROFIT_SQ":141358000,"HOLDER_PROFIT_QOQ_SQ":6.150275537664,"ROE_AVG_SQ":15.425932433111,"PE_TTM_SQ":42.062816044357,"PB_TTM_SQ":3.505766045724,"ROA_SQ":9.900215537241,"START_DATE":"2021-01-01 00:00:00","FISCAL_YEAR":"12-31","CURRENCY":"HKD","IS_CNY_CODE":0,"DPS_HKD_LY":0.1824,"ORG_TYPE":"一般企业","PREMIUM_INCOME":null,"PREMIUM_INCOME_YOY":null,"NET_INTEREST_INCOME":null,"NET_INTEREST_INCOME_YOY":null,"FEE_COMMISSION_INCOME":null,"FEE_COMMISSION_INCOME_YOY":null,"ACCOUNTS_RECE_TDAYS":16.587533454362,"INVENTORY_TDAYS":2.421852803553,"CURRENT_ASSETS_TDAYS":0.273971779119,"TOTAL_ASSETS_TDAYS":0.242614655082,"PREMIUM_EXPENSE":null,"LOAN_DEPOSIT":null,"LOAN_EQUITY":null,"LOAN_ASSETS":null,"DEPOSIT_EQUITY":null,"DEPOSIT_ASSETS":null,"EQUITY_MULTIPLIER":1.210035604355,"EQUITY_RATIO":0.21008940197},{"SECUCODE":"09992.HK","SECURITY_CODE":"09992","SECURITY_NAME_ABBR":"泡泡玛特","ORG_CODE":"10000099268","STD_REPORT_DATE":"2020-12-31 00:00:00","REPORT_DATE":"2020-12-31 00:00:00","DATE_TYPE_CODE":"001","REPORT_TYPE":"2020年年报","PER_NETCASH_OPERATE":0.501704230691,"PER_OI":1.792855181031,"BPS":4.564135123665,"BASIC_EPS":0.44,"DILUTED_EPS":0.44,"OPERATE_INCOME":2513471000,"OPERATE_INCOME_YOY":49.3061801057,"GROSS_PROFIT":1594108000,"GROSS_PROFIT_YOY":46.203640352406,"HOLDER_PROFIT":523505000,"HOLDER_PROFIT_YOY":16.0461342709,"GROSS_PROFIT_RATIO":63.422573803318,"EPS_TTM":0.37341534935,"OPERATE_INCOME_QOQ":28.38051739963,"NET_PROFIT_RATIO":20.8202919389,"ROE_AVG":15.575511127012,"GROSS_PROFIT_QOQ":23.270292402997,"ROA":13.026109199306,"HOLDER_PROFIT_QOQ":9.322499336971,"ROE_YEARLY":15.575511127012,"ROIC_YEARLY":51.543762796589,"TOTAL_ASSETS":6971299000,"TOTAL_LIABILITIES":840297000,"TAX_EBT":26.023497214459,"OCF_SALES":27.983533527938,"TOTAL_PARENT_EQUITY":6129374000,"DEBT_ASSET_RATIO":12.053664604,"OPERATE_PROFIT":718783000,"PRETAX_PROFIT":707403000,"NETCASH_OPERATE":703358000,"NETCASH_INVEST":-216935000,"NETCASH_FINANCE":4870374000,"END_CASH":5680235000,"DIVI_RATIO":0.751107554867,"DIVIDEND_RATE":0.336047774159,"CURRENT_RATIO":9.402942675102,"COMMON_ACS":5000000000,"CURRENTDEBT_DEBT":79.175934223257,"ISSUED_COMMON_SHARES":1342943150,"HK_COMMON_SHARES":1342943150,"PER_SHARES":200,"TOTAL_MARKET_CAP":123685064115,"HKSK_MARKET_CAP":123685064115,"PE_TTM":73.319740681864,"PB_TTM":13.44021912949,"REPORT_DATE_SQ":"2019-12-31 00:00:00","REPORT_TYPE_SQ":"2019年年报","OPERATE_INCOME_SQ":1683434000,"DPS_HKD":0.3095,"OPERATE_INCOME_QOQ_SQ":227.191061026878,"NET_PROFIT_RATIO_SQ":26.7974865661,"HOLDER_PROFIT_SQ":451118000,"HOLDER_PROFIT_QOQ_SQ":353.289255534008,"ROE_AVG_SQ":111.166063545221,"PE_TTM_SQ":42.062816044357,"PB_TTM_SQ":3.505766045724,"ROA_SQ":61.406842553748,"START_DATE":"2020-01-01 00:00:00","FISCAL_YEAR":"12-31","CURRENCY":"HKD","IS_CNY_CODE":0,"DPS_HKD_LY":null,"ORG_TYPE":"一般企业","PREMIUM_INCOME":null,"PREMIUM_INCOME_YOY":null,"NET_INTEREST_INCOME":null,"NET_INTEREST_INCOME_YOY":null,"FEE_COMMISSION_INCOME":null,"FEE_COMMISSION_INCOME_YOY":null,"ACCOUNTS_RECE_TDAYS":40.549665241591,"INVENTORY_TDAYS":5.71616962673,"CURRENT_ASSETS_TDAYS":0.720966838155,"TOTAL_ASSETS_TDAYS":0.625414231293,"PREMIUM_EXPENSE":null,"LOAN_DEPOSIT":null,"LOAN_EQUITY":null,"LOAN_ASSETS":null,"DEPOSIT_EQUITY":null,"DEPOSIT_ASSETS":null,"EQUITY_MULTIPLIER":1.137057042226,"EQUITY_RATIO":0.137093445432},{"SECUCODE":"09992.HK","SECURITY_CODE":"09992","SECURITY_NAME_ABBR":"泡泡玛特","ORG_CODE":"10000099268","STD_REPORT_DATE":"2020-06-30 00:00:00","REPORT_DATE":"2020-06-30 00:00:00","DATE_TYPE_CODE":"002","REPORT_TYPE":"2020年中报","PER_NETCASH_OPERATE":1.005873470349,"PER_OI":6.732036493605,"BPS":0.923308630004,"BASIC_EPS":0.1228,"DILUTED_EPS":0.1228,"OPERATE_INCOME":817791000,"OPERATE_INCOME_YOY":50.4963231235,"GROSS_PROFIT":533439000,"GROSS_PROFIT_YOY":61.358714064466,"HOLDER_PROFIT":141358000,"HOLDER_PROFIT_YOY":24.4206208797,"GROSS_PROFIT_RATIO":65.229257842163,"EPS_TTM":3.941989079651,"OPERATE_INCOME_QOQ":16.299718313875,"NET_PROFIT_RATIO":17.2762967555,"ROE_AVG":15.425932433111,"GROSS_PROFIT_QOQ":18.604115803048,"ROA":9.900215537241,"HOLDER_PROFIT_QOQ":6.150275537664,"ROE_YEARLY":30.851864866222,"ROIC_YEARLY":33.114088386304,"TOTAL_ASSETS":1789174000,"TOTAL_LIABILITIES":547395000,"TAX_EBT":28.239249906035,"OCF_SALES":14.941592656314,"TOTAL_PARENT_EQUITY":1239951000,"DEBT_ASSET_RATIO":30.5948443248,"OPERATE_PROFIT":208368000,"PRETAX_PROFIT":196882000,"NETCASH_OPERATE":122191000,"NETCASH_INVEST":-48259000,"NETCASH_FINANCE":423756000,"END_CASH":821686000,"DIVI_RATIO":0.07115065119,"DIVIDEND_RATE":0.336047774159,"CURRENT_RATIO":3.106667250425,"COMMON_ACS":5000000000,"CURRENTDEBT_DEBT":75.106458772915,"ISSUED_COMMON_SHARES":1342943150,"HK_COMMON_SHARES":1342943150,"PER_SHARES":200,"TOTAL_MARKET_CAP":123685064115,"HKSK_MARKET_CAP":123685064115,"PE_TTM":73.319740681864,"PB_TTM":13.44021912949,"REPORT_DATE_SQ":"2019-06-30 00:00:00","REPORT_TYPE_SQ":"2019年中报","OPERATE_INCOME_SQ":543396000,"DPS_HKD":0.3095,"OPERATE_INCOME_QOQ_SQ":0,"NET_PROFIT_RATIO_SQ":20.9079566283,"HOLDER_PROFIT_SQ":113613000,"HOLDER_PROFIT_QOQ_SQ":0,"ROE_AVG_SQ":null,"PE_TTM_SQ":42.062816044357,"PB_TTM_SQ":3.505766045724,"ROA_SQ":null,"START_DATE":"2020-01-01 00:00:00","FISCAL_YEAR":"12-31","CURRENCY":"HKD","IS_CNY_CODE":0,"DPS_HKD_LY":null,"ORG_TYPE":"一般企业","PREMIUM_INCOME":null,"PREMIUM_INCOME_YOY":null,"NET_INTEREST_INCOME":null,"NET_INTEREST_INCOME_YOY":null,"FEE_COMMISSION_INCOME":null,"FEE_COMMISSION_INCOME_YOY":null,"ACCOUNTS_RECE_TDAYS":18.79763245604,"INVENTORY_TDAYS":1.775247228049,"CURRENT_ASSETS_TDAYS":0.82031675529,"TOTAL_ASSETS_TDAYS":0.572751960583,"PREMIUM_EXPENSE":null,"LOAN_DEPOSIT":null,"LOAN_EQUITY":null,"LOAN_ASSETS":null,"DEPOSIT_EQUITY":null,"DEPOSIT_ASSETS":null,"EQUITY_MULTIPLIER":1.440815153099,"EQUITY_RATIO":0.441465025634}],"count":13},"success":true,"message":"ok","code":0}