{"version":"51186976aca77b9435773499a134ca93","result":{"pages":7,"data":[{"SECUCODE":"80291.HK","SECURITY_CODE":"80291","SECURITY_NAME_ABBR":"华润啤酒–R","ORG_CODE":"10049183","STD_REPORT_DATE":"2024-06-30 00:00:00","REPORT_DATE":"2024-06-30 00:00:00","DATE_TYPE_CODE":"002","REPORT_TYPE":"2024年中报","PER_NETCASH_OPERATE":1.8531665122,"PER_OI":7.318959691565,"BPS":10.130458653271,"BASIC_EPS":1.45,"DILUTED_EPS":null,"OPERATE_INCOME":23744000000,"OPERATE_INCOME_YOY":-0.5320263081,"GROSS_PROFIT":11139000000,"GROSS_PROFIT_YOY":1.346556273315,"HOLDER_PROFIT":4705000000,"HOLDER_PROFIT_YOY":1.2045601205,"GROSS_PROFIT_RATIO":46.912904312669,"EPS_TTM":1.605646101472,"OPERATE_INCOME_QOQ":-0.326209801706,"NET_PROFIT_RATIO":19.9334568733,"ROE_AVG":14.898670044332,"GROSS_PROFIT_QOQ":0.919083400609,"ROA":6.560188509561,"HOLDER_PROFIT_QOQ":1.086745585096,"ROE_YEARLY":29.797340088664,"ROIC_YEARLY":15.222103594422,"TOTAL_ASSETS":71917000000,"TOTAL_LIABILITIES":35145000000,"TAX_EBT":26.208294356096,"OCF_SALES":25.320080862534,"TOTAL_PARENT_EQUITY":32865000000,"DEBT_ASSET_RATIO":48.8688349069,"OPERATE_PROFIT":6469000000,"PRETAX_PROFIT":6414000000,"NETCASH_OPERATE":6012000000,"NETCASH_INVEST":-1167000000,"NETCASH_FINANCE":-3827000000,"END_CASH":6499000000,"DIVI_RATIO":0.4175972273,"DIVIDEND_RATE":2.851063829787,"CURRENT_RATIO":0.752425070278,"COMMON_ACS":null,"CURRENTDEBT_DEBT":71.865130174989,"ISSUED_COMMON_SHARES":3244176905,"HK_COMMON_SHARES":3244176905,"PER_SHARES":500,"TOTAL_MARKET_CAP":76238157267.5,"HKSK_MARKET_CAP":76238157267.5,"PE_TTM":14.635852806201,"PB_TTM":2.319737023201,"REPORT_DATE_SQ":"2023-06-30 00:00:00","REPORT_TYPE_SQ":"2023年中报","OPERATE_INCOME_SQ":23871000000,"DPS_HKD":0.67051336,"OPERATE_INCOME_QOQ_SQ":8.104812409608,"NET_PROFIT_RATIO_SQ":19.6807842152,"HOLDER_PROFIT_SQ":4649000000,"HOLDER_PROFIT_QOQ_SQ":19.498158379374,"ROE_AVG_SQ":16.100711700636,"PE_TTM_SQ":17.436435301387,"PB_TTM_SQ":2.947331020824,"ROA_SQ":6.921811373568,"START_DATE":"2024-01-01 00:00:00","FISCAL_YEAR":"12-31","CURRENCY":"CNY","IS_CNY_CODE":1,"DPS_HKD_LY":0.737,"ORG_TYPE":"一般企业","PREMIUM_INCOME":null,"PREMIUM_INCOME_YOY":null,"NET_INTEREST_INCOME":null,"NET_INTEREST_INCOME_YOY":null,"FEE_COMMISSION_INCOME":null,"FEE_COMMISSION_INCOME_YOY":null,"ACCOUNTS_RECE_TDAYS":16.141400407886,"INVENTORY_TDAYS":1.361451639034,"CURRENT_ASSETS_TDAYS":1.313819338774,"TOTAL_ASSETS_TDAYS":0.331062945741,"PREMIUM_EXPENSE":null,"LOAN_DEPOSIT":null,"LOAN_EQUITY":null,"LOAN_ASSETS":null,"DEPOSIT_EQUITY":null,"DEPOSIT_ASSETS":null,"EQUITY_MULTIPLIER":1.955754378331,"EQUITY_RATIO":1.069374714742},{"SECUCODE":"80291.HK","SECURITY_CODE":"80291","SECURITY_NAME_ABBR":"华润啤酒–R","ORG_CODE":"10049183","STD_REPORT_DATE":"2023-12-31 00:00:00","REPORT_DATE":"2023-12-31 00:00:00","DATE_TYPE_CODE":"001","REPORT_TYPE":"2023年年报","PER_NETCASH_OPERATE":1.278906829528,"PER_OI":12.000578618261,"BPS":9.338270041103,"BASIC_EPS":1.59,"DILUTED_EPS":null,"OPERATE_INCOME":38932000000,"OPERATE_INCOME_YOY":10.4046734538,"GROSS_PROFIT":16103000000,"GROSS_PROFIT_YOY":18.744930314874,"HOLDER_PROFIT":5153000000,"HOLDER_PROFIT_YOY":18.623388582,"GROSS_PROFIT_RATIO":41.361861707593,"EPS_TTM":1.588384404087,"OPERATE_INCOME_QOQ":2.127436321188,"NET_PROFIT_RATIO":13.3925819377,"ROE_AVG":17.975372379391,"GROSS_PROFIT_QOQ":2.73701671558,"ROA":7.999254872436,"HOLDER_PROFIT_QOQ":-0.732036216529,"ROE_YEARLY":17.975372379391,"ROIC_YEARLY":9.438420397099,"TOTAL_ASSETS":71524000000,"TOTAL_LIABILITIES":37350000000,"TAX_EBT":26.335122916078,"OCF_SALES":10.65704304942,"TOTAL_PARENT_EQUITY":30295000000,"DEBT_ASSET_RATIO":52.2202337677,"OPERATE_PROFIT":7327000000,"PRETAX_PROFIT":7078000000,"NETCASH_OPERATE":4149000000,"NETCASH_INVEST":-9687000000,"NETCASH_FINANCE":927000000,"END_CASH":5520000000,"DIVI_RATIO":0.422135446731,"DIVIDEND_RATE":2.718052738337,"CURRENT_RATIO":0.703538006895,"COMMON_ACS":null,"CURRENTDEBT_DEBT":65.231593038822,"ISSUED_COMMON_SHARES":3244176905,"HK_COMMON_SHARES":3244176905,"PER_SHARES":500,"TOTAL_MARKET_CAP":79968960708.25,"HKSK_MARKET_CAP":79968960708.25,"PE_TTM":15.352075390334,"PB_TTM":2.433256069017,"REPORT_DATE_SQ":"2022-12-31 00:00:00","REPORT_TYPE_SQ":"2022年年报","OPERATE_INCOME_SQ":35263000000,"DPS_HKD":0.67051336,"OPERATE_INCOME_QOQ_SQ":1.429557613761,"NET_PROFIT_RATIO_SQ":12.3358761308,"HOLDER_PROFIT_SQ":4344000000,"HOLDER_PROFIT_QOQ_SQ":6.002928257687,"ROE_AVG_SQ":16.87940782188,"PE_TTM_SQ":18.217637599836,"PB_TTM_SQ":3.079379901685,"ROA_SQ":8.017274790986,"START_DATE":"2023-01-01 00:00:00","FISCAL_YEAR":"12-31","CURRENCY":"CNY","IS_CNY_CODE":1,"DPS_HKD_LY":0.651,"ORG_TYPE":"一般企业","PREMIUM_INCOME":null,"PREMIUM_INCOME_YOY":null,"NET_INTEREST_INCOME":null,"NET_INTEREST_INCOME_YOY":null,"FEE_COMMISSION_INCOME":null,"FEE_COMMISSION_INCOME_YOY":null,"ACCOUNTS_RECE_TDAYS":18.908207867897,"INVENTORY_TDAYS":2.701017510648,"CURRENT_ASSETS_TDAYS":2.04802861727,"TOTAL_ASSETS_TDAYS":0.6043605486,"PREMIUM_EXPENSE":null,"LOAN_DEPOSIT":null,"LOAN_EQUITY":null,"LOAN_ASSETS":null,"DEPOSIT_EQUITY":null,"DEPOSIT_ASSETS":null,"EQUITY_MULTIPLIER":2.09293615029,"EQUITY_RATIO":1.232876712329},{"SECUCODE":"80291.HK","SECURITY_CODE":"80291","SECURITY_NAME_ABBR":"华润啤酒–R","ORG_CODE":"10049183","STD_REPORT_DATE":"2023-06-30 00:00:00","REPORT_DATE":"2023-06-30 00:00:00","DATE_TYPE_CODE":"002","REPORT_TYPE":"2023年中报","PER_NETCASH_OPERATE":1.475258637291,"PER_OI":7.358106755279,"BPS":9.466191548515,"BASIC_EPS":1.43,"DILUTED_EPS":null,"OPERATE_INCOME":23871000000,"OPERATE_INCOME_YOY":13.6011040784,"GROSS_PROFIT":10991000000,"GROSS_PROFIT_YOY":23.800405496734,"HOLDER_PROFIT":4649000000,"HOLDER_PROFIT_YOY":22.2777485534,"GROSS_PROFIT_RATIO":46.043316157681,"EPS_TTM":1.600097698741,"OPERATE_INCOME_QOQ":8.104812409608,"NET_PROFIT_RATIO":19.6807842152,"ROE_AVG":16.100711700636,"GROSS_PROFIT_QOQ":15.581446795959,"ROA":6.921811373568,"HOLDER_PROFIT_QOQ":19.498158379374,"ROE_YEARLY":32.201423401271,"ROIC_YEARLY":17.36483331777,"TOTAL_ASSETS":77016000000,"TOTAL_LIABILITIES":42245000000,"TAX_EBT":25.641025641026,"OCF_SALES":20.049432365632,"TOTAL_PARENT_EQUITY":30710000000,"DEBT_ASSET_RATIO":54.8522384959,"OPERATE_PROFIT":6456000000,"PRETAX_PROFIT":6318000000,"NETCASH_OPERATE":4786000000,"NETCASH_INVEST":-8768000000,"NETCASH_FINANCE":6755000000,"END_CASH":12932000000,"DIVI_RATIO":0.419045262378,"DIVIDEND_RATE":2.718052738337,"CURRENT_RATIO":0.893405805307,"COMMON_ACS":null,"CURRENTDEBT_DEBT":62.712747070659,"ISSUED_COMMON_SHARES":3244176905,"HK_COMMON_SHARES":3244176905,"PER_SHARES":500,"TOTAL_MARKET_CAP":79968960708.25,"HKSK_MARKET_CAP":79968960708.25,"PE_TTM":15.352075390334,"PB_TTM":2.433256069017,"REPORT_DATE_SQ":"2022-06-30 00:00:00","REPORT_TYPE_SQ":"2022年中报","OPERATE_INCOME_SQ":21013000000,"DPS_HKD":0.67051336,"OPERATE_INCOME_QOQ_SQ":4.130350136281,"NET_PROFIT_RATIO_SQ":18.0983200876,"HOLDER_PROFIT_SQ":3802000000,"HOLDER_PROFIT_QOQ_SQ":-10.660562459124,"ROE_AVG_SQ":14.681237208943,"PE_TTM_SQ":18.217637599836,"PB_TTM_SQ":3.079379901685,"ROA_SQ":7.060418388286,"START_DATE":"2023-01-01 00:00:00","FISCAL_YEAR":"12-31","CURRENCY":"CNY","IS_CNY_CODE":1,"DPS_HKD_LY":0.651,"ORG_TYPE":"一般企业","PREMIUM_INCOME":null,"PREMIUM_INCOME_YOY":null,"NET_INTEREST_INCOME":null,"NET_INTEREST_INCOME_YOY":null,"FEE_COMMISSION_INCOME":null,"FEE_COMMISSION_INCOME_YOY":null,"ACCOUNTS_RECE_TDAYS":13.159316427784,"INVENTORY_TDAYS":1.561590688652,"CURRENT_ASSETS_TDAYS":1.071722001482,"TOTAL_ASSETS_TDAYS":0.355410968592,"PREMIUM_EXPENSE":null,"LOAN_DEPOSIT":null,"LOAN_EQUITY":null,"LOAN_ASSETS":null,"DEPOSIT_EQUITY":null,"DEPOSIT_ASSETS":null,"EQUITY_MULTIPLIER":2.214949239309,"EQUITY_RATIO":1.375610550309},{"SECUCODE":"80291.HK","SECURITY_CODE":"80291","SECURITY_NAME_ABBR":"华润啤酒–R","ORG_CODE":"10049183","STD_REPORT_DATE":"2022-12-31 00:00:00","REPORT_DATE":"2022-12-31 00:00:00","DATE_TYPE_CODE":"001","REPORT_TYPE":"2022年年报","PER_NETCASH_OPERATE":2.11024250541,"PER_OI":10.869629194897,"BPS":8.334625635959,"BASIC_EPS":1.34,"DILUTED_EPS":null,"OPERATE_INCOME":35263000000,"OPERATE_INCOME_YOY":5.6189534849,"GROSS_PROFIT":13561000000,"GROSS_PROFIT_YOY":3.724950283004,"HOLDER_PROFIT":4344000000,"HOLDER_PROFIT_YOY":-5.2975801177,"GROSS_PROFIT_RATIO":38.456739358534,"EPS_TTM":1.339014525782,"OPERATE_INCOME_QOQ":1.429557613761,"NET_PROFIT_RATIO":12.3358761308,"ROE_AVG":16.87940782188,"GROSS_PROFIT_QOQ":-0.630175130065,"ROA":8.017274790986,"HOLDER_PROFIT_QOQ":6.002928257687,"ROE_YEARLY":16.87940782188,"ROIC_YEARLY":9.37348279694,"TOTAL_ASSETS":57313000000,"TOTAL_LIABILITIES":30236000000,"TAX_EBT":21.309696092619,"OCF_SALES":19.414116779627,"TOTAL_PARENT_EQUITY":27039000000,"DEBT_ASSET_RATIO":52.7559192504,"OPERATE_PROFIT":5674000000,"PRETAX_PROFIT":5528000000,"NETCASH_OPERATE":6846000000,"NETCASH_INVEST":-1058000000,"NETCASH_FINANCE":-811000000,"END_CASH":10208000000,"DIVI_RATIO":0.500751371318,"DIVIDEND_RATE":2.718052738337,"CURRENT_RATIO":0.882156589344,"COMMON_ACS":null,"CURRENTDEBT_DEBT":78.274242624686,"ISSUED_COMMON_SHARES":3244176905,"HK_COMMON_SHARES":3244176905,"PER_SHARES":500,"TOTAL_MARKET_CAP":79968960708.25,"HKSK_MARKET_CAP":79968960708.25,"PE_TTM":15.352075390334,"PB_TTM":2.433256069017,"REPORT_DATE_SQ":"2021-12-31 00:00:00","REPORT_TYPE_SQ":"2021年年报","OPERATE_INCOME_SQ":33387000000,"DPS_HKD":0.67051336,"OPERATE_INCOME_QOQ_SQ":-0.852289600285,"NET_PROFIT_RATIO_SQ":13.7478659358,"HOLDER_PROFIT_SQ":4587000000,"HOLDER_PROFIT_QOQ_SQ":6.525777984208,"ROE_AVG_SQ":20.096825779316,"PE_TTM_SQ":18.217637599836,"PB_TTM_SQ":3.079379901685,"ROA_SQ":9.674357784621,"START_DATE":"2022-01-01 00:00:00","FISCAL_YEAR":"12-31","CURRENCY":"CNY","IS_CNY_CODE":1,"DPS_HKD_LY":0.625,"ORG_TYPE":"一般企业","PREMIUM_INCOME":null,"PREMIUM_INCOME_YOY":null,"NET_INTEREST_INCOME":null,"NET_INTEREST_INCOME_YOY":null,"FEE_COMMISSION_INCOME":null,"FEE_COMMISSION_INCOME_YOY":null,"ACCOUNTS_RECE_TDAYS":11.661044973545,"INVENTORY_TDAYS":3.131601731602,"CURRENT_ASSETS_TDAYS":1.917770224337,"TOTAL_ASSETS_TDAYS":0.650812985623,"PREMIUM_EXPENSE":null,"LOAN_DEPOSIT":null,"LOAN_EQUITY":null,"LOAN_ASSETS":null,"DEPOSIT_EQUITY":null,"DEPOSIT_ASSETS":null,"EQUITY_MULTIPLIER":2.116667282194,"EQUITY_RATIO":1.118236621177},{"SECUCODE":"80291.HK","SECURITY_CODE":"80291","SECURITY_NAME_ABBR":"华润啤酒–R","ORG_CODE":"10049183","STD_REPORT_DATE":"2022-06-30 00:00:00","REPORT_DATE":"2022-06-30 00:00:00","DATE_TYPE_CODE":"002","REPORT_TYPE":"2022年中报","PER_NETCASH_OPERATE":1.996808494018,"PER_OI":6.477143699412,"BPS":8.434188640524,"BASIC_EPS":1.17,"DILUTED_EPS":null,"OPERATE_INCOME":21013000000,"OPERATE_INCOME_YOY":7.0235306102,"GROSS_PROFIT":8878000000,"GROSS_PROFIT_YOY":6.899458157736,"HOLDER_PROFIT":3802000000,"HOLDER_PROFIT_YOY":-11.3959450012,"GROSS_PROFIT_RATIO":42.250035692191,"EPS_TTM":1.263186355123,"OPERATE_INCOME_QOQ":4.130350136281,"NET_PROFIT_RATIO":18.0983200876,"ROE_AVG":14.681237208943,"GROSS_PROFIT_QOQ":4.382744378155,"ROA":7.060418388286,"HOLDER_PROFIT_QOQ":-10.660562459124,"ROE_YEARLY":29.362474417886,"ROIC_YEARLY":17.318028605266,"TOTAL_ASSETS":56646000000,"TOTAL_LIABILITIES":29242000000,"TAX_EBT":27.905213270142,"OCF_SALES":30.828534716604,"TOTAL_PARENT_EQUITY":27362000000,"DEBT_ASSET_RATIO":51.6223563888,"OPERATE_PROFIT":5340000000,"PRETAX_PROFIT":5275000000,"NETCASH_OPERATE":6478000000,"NETCASH_INVEST":1856000000,"NETCASH_FINANCE":736000000,"END_CASH":14408000000,"DIVI_RATIO":0.530811116888,"DIVIDEND_RATE":2.718052738337,"CURRENT_RATIO":0.926378783313,"COMMON_ACS":null,"CURRENTDEBT_DEBT":79.430271527255,"ISSUED_COMMON_SHARES":3244176905,"HK_COMMON_SHARES":3244176905,"PER_SHARES":500,"TOTAL_MARKET_CAP":79968960708.25,"HKSK_MARKET_CAP":79968960708.25,"PE_TTM":15.352075390334,"PB_TTM":2.433256069017,"REPORT_DATE_SQ":"2021-06-30 00:00:00","REPORT_TYPE_SQ":"2021年中报","OPERATE_INCOME_SQ":19634000000,"DPS_HKD":0.67051336,"OPERATE_INCOME_QOQ_SQ":7.078351564487,"NET_PROFIT_RATIO_SQ":21.880411531,"HOLDER_PROFIT_SQ":4291000000,"HOLDER_PROFIT_QOQ_SQ":105.635148042025,"ROE_AVG_SQ":18.53403593642,"PE_TTM_SQ":18.217637599836,"PB_TTM_SQ":3.079379901685,"ROA_SQ":8.877808581951,"START_DATE":"2022-01-01 00:00:00","FISCAL_YEAR":"12-31","CURRENCY":"CNY","IS_CNY_CODE":1,"DPS_HKD_LY":0.625,"ORG_TYPE":"一般企业","PREMIUM_INCOME":null,"PREMIUM_INCOME_YOY":null,"NET_INTEREST_INCOME":null,"NET_INTEREST_INCOME_YOY":null,"FEE_COMMISSION_INCOME":null,"FEE_COMMISSION_INCOME_YOY":null,"ACCOUNTS_RECE_TDAYS":9.475986471251,"INVENTORY_TDAYS":1.948302159428,"CURRENT_ASSETS_TDAYS":1.123269364409,"TOTAL_ASSETS_TDAYS":0.390217179361,"PREMIUM_EXPENSE":null,"LOAN_DEPOSIT":null,"LOAN_EQUITY":null,"LOAN_ASSETS":null,"DEPOSIT_EQUITY":null,"DEPOSIT_ASSETS":null,"EQUITY_MULTIPLIER":2.067070500657,"EQUITY_RATIO":1.068708427747},{"SECUCODE":"80291.HK","SECURITY_CODE":"80291","SECURITY_NAME_ABBR":"华润啤酒–R","ORG_CODE":"10049183","STD_REPORT_DATE":"2021-12-31 00:00:00","REPORT_DATE":"2021-12-31 00:00:00","DATE_TYPE_CODE":"001","REPORT_TYPE":"2021年年报","PER_NETCASH_OPERATE":1.539681757891,"PER_OI":10.291362332474,"BPS":7.531031973733,"BASIC_EPS":1.41,"DILUTED_EPS":null,"OPERATE_INCOME":33387000000,"OPERATE_INCOME_YOY":6.1657339099,"GROSS_PROFIT":13074000000,"GROSS_PROFIT_YOY":8.273291925466,"HOLDER_PROFIT":4587000000,"HOLDER_PROFIT_YOY":119.0544412607,"GROSS_PROFIT_RATIO":39.158954083925,"EPS_TTM":1.413917962652,"OPERATE_INCOME_QOQ":-0.852289600285,"NET_PROFIT_RATIO":13.7478659358,"ROE_AVG":20.096825779316,"GROSS_PROFIT_QOQ":-2.067415730337,"ROA":9.674357784621,"HOLDER_PROFIT_QOQ":6.525777984208,"ROE_YEARLY":20.096825779316,"ROIC_YEARLY":10.818396226415,"TOTAL_ASSETS":51053000000,"TOTAL_LIABILITIES":26564000000,"TAX_EBT":26.14641995173,"OCF_SALES":14.960912930182,"TOTAL_PARENT_EQUITY":24432000000,"DEBT_ASSET_RATIO":52.0322018295,"OPERATE_PROFIT":6255000000,"PRETAX_PROFIT":6215000000,"NETCASH_OPERATE":4995000000,"NETCASH_INVEST":-2750000000,"NETCASH_FINANCE":-1366000000,"END_CASH":5376000000,"DIVI_RATIO":0.474223666232,"DIVIDEND_RATE":2.718052738337,"CURRENT_RATIO":0.750921114785,"COMMON_ACS":null,"CURRENTDEBT_DEBT":79.694323144105,"ISSUED_COMMON_SHARES":3244176905,"HK_COMMON_SHARES":3244176905,"PER_SHARES":500,"TOTAL_MARKET_CAP":79968960708.25,"HKSK_MARKET_CAP":79968960708.25,"PE_TTM":15.352075390334,"PB_TTM":2.433256069017,"REPORT_DATE_SQ":"2020-12-31 00:00:00","REPORT_TYPE_SQ":"2020年年报","OPERATE_INCOME_SQ":31448000000,"DPS_HKD":0.67051336,"OPERATE_INCOME_QOQ_SQ":-1.022881062537,"NET_PROFIT_RATIO_SQ":6.6586110404,"HOLDER_PROFIT_SQ":2094000000,"HOLDER_PROFIT_QOQ_SQ":37.763157894737,"ROE_AVG_SQ":10.242864480153,"PE_TTM_SQ":18.217637599836,"PB_TTM_SQ":3.079379901685,"ROA_SQ":4.90593444697,"START_DATE":"2021-01-01 00:00:00","FISCAL_YEAR":"12-31","CURRENCY":"CNY","IS_CNY_CODE":1,"DPS_HKD_LY":0.474991,"ORG_TYPE":"一般企业","PREMIUM_INCOME":null,"PREMIUM_INCOME_YOY":null,"NET_INTEREST_INCOME":null,"NET_INTEREST_INCOME_YOY":null,"FEE_COMMISSION_INCOME":null,"FEE_COMMISSION_INCOME_YOY":null,"ACCOUNTS_RECE_TDAYS":11.485036119711,"INVENTORY_TDAYS":3.257376523412,"CURRENT_ASSETS_TDAYS":2.28100020496,"TOTAL_ASSETS_TDAYS":0.704159109124,"PREMIUM_EXPENSE":null,"LOAN_DEPOSIT":null,"LOAN_EQUITY":null,"LOAN_ASSETS":null,"DEPOSIT_EQUITY":null,"DEPOSIT_ASSETS":null,"EQUITY_MULTIPLIER":2.084731920455,"EQUITY_RATIO":1.087262606418},{"SECUCODE":"80291.HK","SECURITY_CODE":"80291","SECURITY_NAME_ABBR":"华润啤酒–R","ORG_CODE":"10049183","STD_REPORT_DATE":"2021-06-30 00:00:00","REPORT_DATE":"2021-06-30 00:00:00","DATE_TYPE_CODE":"002","REPORT_TYPE":"2021年中报","PER_NETCASH_OPERATE":1.957353185707,"PER_OI":6.052074401288,"BPS":7.732932184227,"BASIC_EPS":1.32,"DILUTED_EPS":null,"OPERATE_INCOME":19634000000,"OPERATE_INCOME_YOY":12.7872242647,"GROSS_PROFIT":8305000000,"GROSS_PROFIT_YOY":18.136557610242,"HOLDER_PROFIT":4291000000,"HOLDER_PROFIT_YOY":106.3973063973,"GROSS_PROFIT_RATIO":42.299073036569,"EPS_TTM":1.327301231127,"OPERATE_INCOME_QOQ":7.078351564487,"NET_PROFIT_RATIO":21.880411531,"ROE_AVG":18.53403593642,"GROSS_PROFIT_QOQ":10.55900621118,"ROA":8.877808581951,"HOLDER_PROFIT_QOQ":105.635148042025,"ROE_YEARLY":37.06807187284,"ROIC_YEARLY":21.378039059386,"TOTAL_ASSETS":52893000000,"TOTAL_LIABILITIES":27744000000,"TAX_EBT":28.292438657987,"OCF_SALES":32.341855964144,"TOTAL_PARENT_EQUITY":25087000000,"DEBT_ASSET_RATIO":52.4530656231,"OPERATE_PROFIT":6020000000,"PRETAX_PROFIT":5991000000,"NETCASH_OPERATE":6350000000,"NETCASH_INVEST":1266000000,"NETCASH_FINANCE":-426000000,"END_CASH":11723000000,"DIVI_RATIO":0.505170449839,"DIVIDEND_RATE":2.718052738337,"CURRENT_RATIO":0.864885809363,"COMMON_ACS":null,"CURRENTDEBT_DEBT":79.069348327566,"ISSUED_COMMON_SHARES":3244176905,"HK_COMMON_SHARES":3244176905,"PER_SHARES":500,"TOTAL_MARKET_CAP":79968960708.25,"HKSK_MARKET_CAP":79968960708.25,"PE_TTM":15.352075390334,"PB_TTM":2.433256069017,"REPORT_DATE_SQ":"2020-06-30 00:00:00","REPORT_TYPE_SQ":"2020年中报","OPERATE_INCOME_SQ":17408000000,"DPS_HKD":0.67051336,"OPERATE_INCOME_QOQ_SQ":-4.269358240434,"NET_PROFIT_RATIO_SQ":11.9715073529,"HOLDER_PROFIT_SQ":2079000000,"HOLDER_PROFIT_QOQ_SQ":15.853658536585,"ROE_AVG_SQ":10.072186425076,"PE_TTM_SQ":18.217637599836,"PB_TTM_SQ":3.079379901685,"ROA_SQ":4.692949289511,"START_DATE":"2021-01-01 00:00:00","FISCAL_YEAR":"12-31","CURRENCY":"CNY","IS_CNY_CODE":1,"DPS_HKD_LY":0.474991,"ORG_TYPE":"一般企业","PREMIUM_INCOME":null,"PREMIUM_INCOME_YOY":null,"NET_INTEREST_INCOME":null,"NET_INTEREST_INCOME_YOY":null,"FEE_COMMISSION_INCOME":null,"FEE_COMMISSION_INCOME_YOY":null,"ACCOUNTS_RECE_TDAYS":11.197034502424,"INVENTORY_TDAYS":1.891476750981,"CURRENT_ASSETS_TDAYS":1.213848531685,"TOTAL_ASSETS_TDAYS":0.406215086688,"PREMIUM_EXPENSE":null,"LOAN_DEPOSIT":null,"LOAN_EQUITY":null,"LOAN_ASSETS":null,"DEPOSIT_EQUITY":null,"DEPOSIT_ASSETS":null,"EQUITY_MULTIPLIER":2.103185017299,"EQUITY_RATIO":1.10591142823},{"SECUCODE":"80291.HK","SECURITY_CODE":"80291","SECURITY_NAME_ABBR":"华润啤酒–R","ORG_CODE":"10049183","STD_REPORT_DATE":"2020-12-31 00:00:00","REPORT_DATE":"2020-12-31 00:00:00","DATE_TYPE_CODE":"001","REPORT_TYPE":"2020年年报","PER_NETCASH_OPERATE":1.380935790861,"PER_OI":9.693676060492,"BPS":6.540025597032,"BASIC_EPS":0.65,"DILUTED_EPS":null,"OPERATE_INCOME":31448000000,"OPERATE_INCOME_YOY":-5.248568846,"GROSS_PROFIT":12075000000,"GROSS_PROFIT_YOY":-1.235072795681,"HOLDER_PROFIT":2094000000,"HOLDER_PROFIT_YOY":59.6036585366,"GROSS_PROFIT_RATIO":38.396718392267,"EPS_TTM":0.645464184389,"OPERATE_INCOME_QOQ":-1.022881062537,"NET_PROFIT_RATIO":6.6586110404,"ROE_AVG":10.242864480153,"GROSS_PROFIT_QOQ":-0.461627236007,"ROA":4.90593444697,"HOLDER_PROFIT_QOQ":37.763157894737,"ROE_YEARLY":10.242864480153,"ROIC_YEARLY":5.343608849874,"TOTAL_ASSETS":43775000000,"TOTAL_LIABILITIES":22501000000,"TAX_EBT":30.408773678963,"OCF_SALES":14.245738997711,"TOTAL_PARENT_EQUITY":21217000000,"DEBT_ASSET_RATIO":51.4014848658,"OPERATE_PROFIT":3220000000,"PRETAX_PROFIT":3009000000,"NETCASH_OPERATE":4480000000,"NETCASH_INVEST":-1070000000,"NETCASH_FINANCE":-1197000000,"END_CASH":4538000000,"DIVI_RATIO":1.038808002391,"DIVIDEND_RATE":2.718052738337,"CURRENT_RATIO":0.68347639485,"COMMON_ACS":null,"CURRENTDEBT_DEBT":86.982800764411,"ISSUED_COMMON_SHARES":3244176905,"HK_COMMON_SHARES":3244176905,"PER_SHARES":500,"TOTAL_MARKET_CAP":79968960708.25,"HKSK_MARKET_CAP":79968960708.25,"PE_TTM":15.352075390334,"PB_TTM":2.433256069017,"REPORT_DATE_SQ":"2019-12-31 00:00:00","REPORT_TYPE_SQ":"2019年年报","OPERATE_INCOME_SQ":33190000000,"DPS_HKD":0.67051336,"OPERATE_INCOME_QOQ_SQ":0.190177196848,"NET_PROFIT_RATIO_SQ":3.9469719795,"HOLDER_PROFIT_SQ":1312000000,"HOLDER_PROFIT_QOQ_SQ":-2.089552238806,"ROE_AVG_SQ":6.812399397684,"PE_TTM_SQ":18.217637599836,"PB_TTM_SQ":3.079379901685,"ROA_SQ":3.245034750563,"START_DATE":"2020-01-01 00:00:00","FISCAL_YEAR":"12-31","CURRENCY":"CNY","IS_CNY_CODE":1,"DPS_HKD_LY":0.188,"ORG_TYPE":"一般企业","PREMIUM_INCOME":null,"PREMIUM_INCOME_YOY":null,"NET_INTEREST_INCOME":null,"NET_INTEREST_INCOME_YOY":null,"FEE_COMMISSION_INCOME":null,"FEE_COMMISSION_INCOME_YOY":null,"ACCOUNTS_RECE_TDAYS":18.938873833183,"INVENTORY_TDAYS":3.220246010638,"CURRENT_ASSETS_TDAYS":2.716655148583,"TOTAL_ASSETS_TDAYS":0.736780451234,"PREMIUM_EXPENSE":null,"LOAN_DEPOSIT":null,"LOAN_EQUITY":null,"LOAN_ASSETS":null,"DEPOSIT_EQUITY":null,"DEPOSIT_ASSETS":null,"EQUITY_MULTIPLIER":2.057676036477,"EQUITY_RATIO":1.060517509544},{"SECUCODE":"80291.HK","SECURITY_CODE":"80291","SECURITY_NAME_ABBR":"华润啤酒–R","ORG_CODE":"10049183","STD_REPORT_DATE":"2020-06-30 00:00:00","REPORT_DATE":"2020-06-30 00:00:00","DATE_TYPE_CODE":"002","REPORT_TYPE":"2020年中报","PER_NETCASH_OPERATE":2.011295990038,"PER_OI":5.365921930204,"BPS":6.661782212521,"BASIC_EPS":0.64,"DILUTED_EPS":null,"OPERATE_INCOME":17408000000,"OPERATE_INCOME_YOY":-7.5272244356,"GROSS_PROFIT":7030000000,"GROSS_PROFIT_YOY":-1.333333333333,"HOLDER_PROFIT":2079000000,"HOLDER_PROFIT_YOY":11.117049706,"GROSS_PROFIT_RATIO":40.383731617647,"EPS_TTM":0.468531786185,"OPERATE_INCOME_QOQ":-4.269358240434,"NET_PROFIT_RATIO":11.9715073529,"ROE_AVG":10.072186425076,"GROSS_PROFIT_QOQ":-0.777032553574,"ROA":4.692949289511,"HOLDER_PROFIT_QOQ":15.853658536585,"ROE_YEARLY":20.144372850153,"ROIC_YEARLY":10.723957393031,"TOTAL_ASSETS":47010000000,"TOTAL_LIABILITIES":25337000000,"TAX_EBT":26.386435888379,"OCF_SALES":37.482766544118,"TOTAL_PARENT_EQUITY":21612000000,"DEBT_ASSET_RATIO":53.8970431823,"OPERATE_PROFIT":2834000000,"PRETAX_PROFIT":2831000000,"NETCASH_OPERATE":6525000000,"NETCASH_INVEST":473000000,"NETCASH_FINANCE":-727000000,"END_CASH":8597000000,"DIVI_RATIO":1.431094708557,"DIVIDEND_RATE":2.718052738337,"CURRENT_RATIO":0.695743071927,"COMMON_ACS":null,"CURRENTDEBT_DEBT":88.72794727079,"ISSUED_COMMON_SHARES":3244176905,"HK_COMMON_SHARES":3244176905,"PER_SHARES":500,"TOTAL_MARKET_CAP":79968960708.25,"HKSK_MARKET_CAP":79968960708.25,"PE_TTM":15.352075390334,"PB_TTM":2.433256069017,"REPORT_DATE_SQ":"2019-06-30 00:00:00","REPORT_TYPE_SQ":"2019年中报","OPERATE_INCOME_SQ":18825000000,"DPS_HKD":0.67051336,"OPERATE_INCOME_QOQ_SQ":3.95393353626,"NET_PROFIT_RATIO_SQ":9.9442231076,"HOLDER_PROFIT_SQ":1871000000,"HOLDER_PROFIT_QOQ_SQ":37.154554759468,"ROE_AVG_SQ":9.480618191031,"PE_TTM_SQ":18.217637599836,"PB_TTM_SQ":3.079379901685,"ROA_SQ":4.415912389809,"START_DATE":"2020-01-01 00:00:00","FISCAL_YEAR":"12-31","CURRENCY":"CNY","IS_CNY_CODE":1,"DPS_HKD_LY":0.188,"ORG_TYPE":"一般企业","PREMIUM_INCOME":null,"PREMIUM_INCOME_YOY":null,"NET_INTEREST_INCOME":null,"NET_INTEREST_INCOME_YOY":null,"FEE_COMMISSION_INCOME":null,"FEE_COMMISSION_INCOME_YOY":null,"ACCOUNTS_RECE_TDAYS":18.628143392188,"INVENTORY_TDAYS":1.737630807869,"CURRENT_ASSETS_TDAYS":1.369845766446,"TOTAL_ASSETS_TDAYS":0.392952675478,"PREMIUM_EXPENSE":null,"LOAN_DEPOSIT":null,"LOAN_EQUITY":null,"LOAN_ASSETS":null,"DEPOSIT_EQUITY":null,"DEPOSIT_ASSETS":null,"EQUITY_MULTIPLIER":2.169058275273,"EQUITY_RATIO":1.172357949287}],"count":56},"success":true,"message":"ok","code":0}