{"version":"a89a6d2f99c708fced369c9cc11b9860","result":{"pages":7,"data":[{"SECUCODE":"80737.HK","SECURITY_CODE":"80737","SECURITY_NAME_ABBR":"湾区发展-R","ORG_CODE":"10009095","STD_REPORT_DATE":"2024-09-30 00:00:00","REPORT_DATE":"2024-09-30 00:00:00","DATE_TYPE_CODE":"004","REPORT_TYPE":"2024年三季报","PER_NETCASH_OPERATE":0.141963974256,"PER_OI":0.216721973549,"BPS":1.479292719696,"BASIC_EPS":0.1207,"DILUTED_EPS":null,"OPERATE_INCOME":667870000,"OPERATE_INCOME_YOY":8.1961582887,"GROSS_PROFIT":255470000,"GROSS_PROFIT_YOY":13.425268167934,"HOLDER_PROFIT":371830000,"HOLDER_PROFIT_YOY":10.440508615,"GROSS_PROFIT_RATIO":38.2514561217,"EPS_TTM":0.182897678949,"OPERATE_INCOME_QOQ":4.938610011745,"NET_PROFIT_RATIO":70.8865497777,"ROE_AVG":7.987810012872,"GROSS_PROFIT_QOQ":9.775976868186,"ROA":2.948257809815,"HOLDER_PROFIT_QOQ":-5.645367845359,"ROE_YEARLY":10.650413350496,"ROIC_YEARLY":4.260630549946,"TOTAL_ASSETS":12810527000,"TOTAL_LIABILITIES":5198360000,"TAX_EBT":15.608121356887,"OCF_SALES":65.505113270547,"TOTAL_PARENT_EQUITY":4558722000,"DEBT_ASSET_RATIO":40.5788145952,"OPERATE_PROFIT":237360000,"PRETAX_PROFIT":560990000,"NETCASH_OPERATE":437489000,"NETCASH_INVEST":-42096000,"NETCASH_FINANCE":-166833000,"END_CASH":704250000,"DIVI_RATIO":1.055731590826,"DIVIDEND_RATE":10.982658959538,"CURRENT_RATIO":0.398085970267,"COMMON_ACS":10000000000,"CURRENTDEBT_DEBT":67.239437053225,"ISSUED_COMMON_SHARES":3081690283,"HK_COMMON_SHARES":3081690283,"PER_SHARES":500,"TOTAL_MARKET_CAP":5331324189.59,"HKSK_MARKET_CAP":5331324189.59,"PE_TTM":9.458840647637,"PB_TTM":1.169477803119,"REPORT_DATE_SQ":"2023-09-30 00:00:00","REPORT_TYPE_SQ":"2023年三季报","OPERATE_INCOME_SQ":617277000,"DPS_HKD":0.193090857555,"OPERATE_INCOME_QOQ_SQ":-10.148617981061,"NET_PROFIT_RATIO_SQ":68.5828242426,"HOLDER_PROFIT_SQ":336679000,"HOLDER_PROFIT_QOQ_SQ":38.045080419538,"ROE_AVG_SQ":7.441149204347,"PE_TTM_SQ":11.058968262203,"PB_TTM_SQ":0.833064404825,"ROA_SQ":2.756383950492,"START_DATE":"2024-01-01 00:00:00","FISCAL_YEAR":"12-31","CURRENCY":"CNY","IS_CNY_CODE":1,"DPS_HKD_LY":0.21246531,"ORG_TYPE":"一般企业","PREMIUM_INCOME":null,"PREMIUM_INCOME_YOY":null,"NET_INTEREST_INCOME":null,"NET_INTEREST_INCOME_YOY":null,"FEE_COMMISSION_INCOME":null,"FEE_COMMISSION_INCOME_YOY":null,"ACCOUNTS_RECE_TDAYS":4.762047365925,"INVENTORY_TDAYS":1836.9710467706,"CURRENT_ASSETS_TDAYS":0.519336006983,"TOTAL_ASSETS_TDAYS":0.052955730937,"PREMIUM_EXPENSE":null,"LOAN_DEPOSIT":null,"LOAN_EQUITY":null,"LOAN_ASSETS":null,"DEPOSIT_EQUITY":null,"DEPOSIT_ASSETS":null,"EQUITY_MULTIPLIER":1.682901465509,"EQUITY_RATIO":1.14031081518},{"SECUCODE":"80737.HK","SECURITY_CODE":"80737","SECURITY_NAME_ABBR":"湾区发展-R","ORG_CODE":"10009095","STD_REPORT_DATE":"2024-06-30 00:00:00","REPORT_DATE":"2024-06-30 00:00:00","DATE_TYPE_CODE":"002","REPORT_TYPE":"2024年中报","PER_NETCASH_OPERATE":0.09334649935,"PER_OI":0.145333878122,"BPS":1.488095680899,"BASIC_EPS":0.0781,"DILUTED_EPS":null,"OPERATE_INCOME":447874000,"OPERATE_INCOME_YOY":0.8441317197,"GROSS_PROFIT":140661000,"GROSS_PROFIT_YOY":0.540366677388,"HOLDER_PROFIT":240618000,"HOLDER_PROFIT_YOY":40.1027110117,"GROSS_PROFIT_RATIO":31.406377686582,"EPS_TTM":0.193840699468,"OPERATE_INCOME_QOQ":-10.567121848839,"NET_PROFIT_RATIO":66.180666884,"ROE_AVG":5.15403985664,"GROSS_PROFIT_QOQ":-2.394376225831,"ROA":1.924444952935,"HOLDER_PROFIT_QOQ":11.902745879682,"ROE_YEARLY":10.30807971328,"ROIC_YEARLY":5.50612043829,"TOTAL_ASSETS":12593300000,"TOTAL_LIABILITIES":4999817000,"TAX_EBT":14.610425153116,"OCF_SALES":64.229001906786,"TOTAL_PARENT_EQUITY":4585850000,"DEBT_ASSET_RATIO":39.7021987882,"OPERATE_PROFIT":126544000,"PRETAX_PROFIT":347122000,"NETCASH_OPERATE":287665000,"NETCASH_INVEST":-199050000,"NETCASH_FINANCE":-63101000,"END_CASH":510026000,"DIVI_RATIO":0.996131659064,"DIVIDEND_RATE":11.176470588235,"CURRENT_RATIO":0.467173695281,"COMMON_ACS":10000000000,"CURRENTDEBT_DEBT":52.572264144868,"ISSUED_COMMON_SHARES":3081690283,"HK_COMMON_SHARES":3081690283,"PER_SHARES":500,"TOTAL_MARKET_CAP":5238873481.1,"HKSK_MARKET_CAP":5238873481.1,"PE_TTM":9.294814509238,"PB_TTM":1.149197841215,"REPORT_DATE_SQ":"2023-06-30 00:00:00","REPORT_TYPE_SQ":"2023年中报","OPERATE_INCOME_SQ":444125000,"DPS_HKD":0.193090857555,"OPERATE_INCOME_QOQ_SQ":-4.472971302275,"NET_PROFIT_RATIO_SQ":50.6927103856,"HOLDER_PROFIT_SQ":171744000,"HOLDER_PROFIT_QOQ_SQ":-6.304191507413,"ROE_AVG_SQ":3.788824815497,"PE_TTM_SQ":11.058968262203,"PB_TTM_SQ":0.833064404825,"ROA_SQ":1.392112271637,"START_DATE":"2024-01-01 00:00:00","FISCAL_YEAR":"12-31","CURRENCY":"CNY","IS_CNY_CODE":1,"DPS_HKD_LY":0.21246531,"ORG_TYPE":"一般企业","PREMIUM_INCOME":null,"PREMIUM_INCOME_YOY":null,"NET_INTEREST_INCOME":null,"NET_INTEREST_INCOME_YOY":null,"FEE_COMMISSION_INCOME":null,"FEE_COMMISSION_INCOME_YOY":null,"ACCOUNTS_RECE_TDAYS":2.159381124689,"INVENTORY_TDAYS":1290.81092436975,"CURRENT_ASSETS_TDAYS":0.371904971476,"TOTAL_ASSETS_TDAYS":0.035820630994,"PREMIUM_EXPENSE":null,"LOAN_DEPOSIT":null,"LOAN_EQUITY":null,"LOAN_ASSETS":null,"DEPOSIT_EQUITY":null,"DEPOSIT_ASSETS":null,"EQUITY_MULTIPLIER":1.658435266134,"EQUITY_RATIO":1.090270506013},{"SECUCODE":"80737.HK","SECURITY_CODE":"80737","SECURITY_NAME_ABBR":"湾区发展-R","ORG_CODE":"10009095","STD_REPORT_DATE":"2024-03-31 00:00:00","REPORT_DATE":"2024-03-31 00:00:00","DATE_TYPE_CODE":"003","REPORT_TYPE":"2024年一季报","PER_NETCASH_OPERATE":0.023827508042,"PER_OI":0.113681768065,"BPS":1.566991020038,"BASIC_EPS":0.0365,"DILUTED_EPS":null,"OPERATE_INCOME":350332000,"OPERATE_INCOME_YOY":49.3902127006,"GROSS_PROFIT":71185000,"GROSS_PROFIT_YOY":12.936491567641,"HOLDER_PROFIT":112428000,"HOLDER_PROFIT_YOY":4.9816514618,"GROSS_PROFIT_RATIO":20.319297123871,"EPS_TTM":0.173222469158,"OPERATE_INCOME_QOQ":12.259400895661,"NET_PROFIT_RATIO":40.1247959079,"ROE_AVG":2.3470920999,"GROSS_PROFIT_QOQ":2.710591051127,"ROA":0.896342875147,"HOLDER_PROFIT_QOQ":1.00949320981,"ROE_YEARLY":9.388368399599,"ROIC_YEARLY":5.0805529148,"TOTAL_ASSETS":12672753000,"TOTAL_LIABILITIES":4863785000,"TAX_EBT":15.048044962833,"OCF_SALES":20.959832387564,"TOTAL_PARENT_EQUITY":4828981000,"DEBT_ASSET_RATIO":38.3798611083,"OPERATE_PROFIT":63548000,"PRETAX_PROFIT":165470000,"NETCASH_OPERATE":73429000,"NETCASH_INVEST":-191732000,"NETCASH_FINANCE":30699000,"END_CASH":396402000,"DIVI_RATIO":1.114698679069,"DIVIDEND_RATE":11.176470588235,"CURRENT_RATIO":0.478384643557,"COMMON_ACS":10000000000,"CURRENTDEBT_DEBT":49.23361127188,"ISSUED_COMMON_SHARES":3081690283,"HK_COMMON_SHARES":3081690283,"PER_SHARES":500,"TOTAL_MARKET_CAP":5238873481.1,"HKSK_MARKET_CAP":5238873481.1,"PE_TTM":9.294814509238,"PB_TTM":1.149197841215,"REPORT_DATE_SQ":"2023-03-31 00:00:00","REPORT_TYPE_SQ":"2023年一季报","OPERATE_INCOME_SQ":234508000,"DPS_HKD":0.193090857555,"OPERATE_INCOME_QOQ_SQ":16.764952811254,"NET_PROFIT_RATIO_SQ":55.9951046446,"HOLDER_PROFIT_SQ":107093000,"HOLDER_PROFIT_QOQ_SQ":-5.647014057407,"ROE_AVG_SQ":2.318539428193,"PE_TTM_SQ":11.058968262203,"PB_TTM_SQ":0.833064404825,"ROA_SQ":0.872877321707,"START_DATE":"2024-01-01 00:00:00","FISCAL_YEAR":"12-31","CURRENCY":"CNY","IS_CNY_CODE":1,"DPS_HKD_LY":0.21246531,"ORG_TYPE":"一般企业","PREMIUM_INCOME":null,"PREMIUM_INCOME_YOY":null,"NET_INTEREST_INCOME":null,"NET_INTEREST_INCOME_YOY":null,"FEE_COMMISSION_INCOME":null,"FEE_COMMISSION_INCOME_YOY":null,"ACCOUNTS_RECE_TDAYS":2.012725606621,"INVENTORY_TDAYS":1167.97907949791,"CURRENT_ASSETS_TDAYS":0.301216535389,"TOTAL_ASSETS_TDAYS":0.027930550409,"PREMIUM_EXPENSE":null,"LOAN_DEPOSIT":null,"LOAN_EQUITY":null,"LOAN_ASSETS":null,"DEPOSIT_EQUITY":null,"DEPOSIT_ASSETS":null,"EQUITY_MULTIPLIER":1.622846066215,"EQUITY_RATIO":1.007207317651},{"SECUCODE":"80737.HK","SECURITY_CODE":"80737","SECURITY_NAME_ABBR":"湾区发展-R","ORG_CODE":"10009095","STD_REPORT_DATE":"2023-12-31 00:00:00","REPORT_DATE":"2023-12-31 00:00:00","DATE_TYPE_CODE":"001","REPORT_TYPE":"2023年年报","PER_NETCASH_OPERATE":0.151817333033,"PER_OI":0.306577531562,"BPS":1.541755842957,"BASIC_EPS":0.1715,"DILUTED_EPS":null,"OPERATE_INCOME":944777000,"OPERATE_INCOME_YOY":19.6373057651,"GROSS_PROFIT":300820000,"GROSS_PROFIT_YOY":58.415528745135,"HOLDER_PROFIT":528483000,"HOLDER_PROFIT_YOY":89.7114570021,"GROSS_PROFIT_RATIO":31.840317873953,"EPS_TTM":0.171491276367,"OPERATE_INCOME_QOQ":19.372168979917,"NET_PROFIT_RATIO":67.5534014905,"ROE_AVG":11.380796694316,"GROSS_PROFIT_QOQ":20.123309879965,"ROA":4.290813669178,"HOLDER_PROFIT_QOQ":55.452178900769,"ROE_YEARLY":11.380796694316,"ROIC_YEARLY":5.981821356242,"TOTAL_ASSETS":12413183000,"TOTAL_LIABILITIES":4710124000,"TAX_EBT":17.142386066221,"OCF_SALES":49.520045471048,"TOTAL_PARENT_EQUITY":4751214000,"DEBT_ASSET_RATIO":37.9445304238,"OPERATE_PROFIT":250898000,"PRETAX_PROFIT":770272000,"NETCASH_OPERATE":467854000,"NETCASH_INVEST":234534000,"NETCASH_FINANCE":-696186000,"END_CASH":483617000,"DIVI_RATIO":1.125951486544,"DIVIDEND_RATE":11.176470588235,"CURRENT_RATIO":0.506066022813,"COMMON_ACS":10000000000,"CURRENTDEBT_DEBT":49.527995441309,"ISSUED_COMMON_SHARES":3081690283,"HK_COMMON_SHARES":3081690283,"PER_SHARES":500,"TOTAL_MARKET_CAP":5238873481.1,"HKSK_MARKET_CAP":5238873481.1,"PE_TTM":9.294814509238,"PB_TTM":1.149197841215,"REPORT_DATE_SQ":"2022-12-31 00:00:00","REPORT_TYPE_SQ":"2022年年报","OPERATE_INCOME_SQ":789701000,"DPS_HKD":0.193090857555,"OPERATE_INCOME_QOQ_SQ":null,"NET_PROFIT_RATIO_SQ":41.375280011,"HOLDER_PROFIT_SQ":278572000,"HOLDER_PROFIT_QOQ_SQ":-19.886576057885,"ROE_AVG_SQ":4.319820416351,"PE_TTM_SQ":11.058968262203,"PB_TTM_SQ":0.833064404825,"ROA_SQ":2.873092317578,"START_DATE":"2023-01-01 00:00:00","FISCAL_YEAR":"12-31","CURRENCY":"CNY","IS_CNY_CODE":1,"DPS_HKD_LY":0.09731747,"ORG_TYPE":"一般企业","PREMIUM_INCOME":null,"PREMIUM_INCOME_YOY":null,"NET_INTEREST_INCOME":null,"NET_INTEREST_INCOME_YOY":null,"FEE_COMMISSION_INCOME":null,"FEE_COMMISSION_INCOME_YOY":null,"ACCOUNTS_RECE_TDAYS":3.850951348355,"INVENTORY_TDAYS":2015.51486697966,"CURRENT_ASSETS_TDAYS":0.711960557872,"TOTAL_ASSETS_TDAYS":0.076707520695,"PREMIUM_EXPENSE":null,"LOAN_DEPOSIT":null,"LOAN_EQUITY":null,"LOAN_ASSETS":null,"DEPOSIT_EQUITY":null,"DEPOSIT_ASSETS":null,"EQUITY_MULTIPLIER":1.611461498607,"EQUITY_RATIO":0.991351684012},{"SECUCODE":"80737.HK","SECURITY_CODE":"80737","SECURITY_NAME_ABBR":"湾区发展-R","ORG_CODE":"10009095","STD_REPORT_DATE":"2023-09-30 00:00:00","REPORT_DATE":"2023-09-30 00:00:00","DATE_TYPE_CODE":"004","REPORT_TYPE":"2023年三季报","PER_NETCASH_OPERATE":0.128840332265,"PER_OI":0.200304684544,"BPS":1.46447260612,"BASIC_EPS":0.1093,"DILUTED_EPS":null,"OPERATE_INCOME":617277000,"OPERATE_INCOME_YOY":0.2849609194,"GROSS_PROFIT":225232000,"GROSS_PROFIT_YOY":36.753714351635,"HOLDER_PROFIT":336679000,"HOLDER_PROFIT_YOY":22.3015336777,"GROSS_PROFIT_RATIO":36.487994854822,"EPS_TTM":0.110317705149,"OPERATE_INCOME_QOQ":-10.148617981061,"NET_PROFIT_RATIO":68.5828242426,"ROE_AVG":7.441149204347,"GROSS_PROFIT_QOQ":9.025446788132,"ROA":2.756383950492,"HOLDER_PROFIT_QOQ":38.045080419538,"ROE_YEARLY":9.921532272463,"ROIC_YEARLY":3.890714600826,"TOTAL_ASSETS":12208988000,"TOTAL_LIABILITIES":4765646000,"TAX_EBT":15.746506735766,"OCF_SALES":64.322176267705,"TOTAL_PARENT_EQUITY":4513051000,"DEBT_ASSET_RATIO":39.0339150141,"OPERATE_PROFIT":205689000,"PRETAX_PROFIT":502467000,"NETCASH_OPERATE":397046000,"NETCASH_INVEST":417773000,"NETCASH_FINANCE":-627038000,"END_CASH":665426000,"DIVI_RATIO":1.750316119199,"DIVIDEND_RATE":11.176470588235,"CURRENT_RATIO":0.523351077611,"COMMON_ACS":10000000000,"CURRENTDEBT_DEBT":48.835414967876,"ISSUED_COMMON_SHARES":3081690283,"HK_COMMON_SHARES":3081690283,"PER_SHARES":500,"TOTAL_MARKET_CAP":5238873481.1,"HKSK_MARKET_CAP":5238873481.1,"PE_TTM":9.294814509238,"PB_TTM":1.149197841215,"REPORT_DATE_SQ":"2022-09-30 00:00:00","REPORT_TYPE_SQ":"2022年三季报","OPERATE_INCOME_SQ":615523000,"DPS_HKD":0.193090857555,"OPERATE_INCOME_QOQ_SQ":null,"NET_PROFIT_RATIO_SQ":null,"HOLDER_PROFIT_SQ":275286000,"HOLDER_PROFIT_QOQ_SQ":-30.424290930919,"ROE_AVG_SQ":3.428515278488,"PE_TTM_SQ":11.058968262203,"PB_TTM_SQ":0.833064404825,"ROA_SQ":3.104159210471,"START_DATE":"2023-01-01 00:00:00","FISCAL_YEAR":"12-31","CURRENCY":"CNY","IS_CNY_CODE":1,"DPS_HKD_LY":0.09731747,"ORG_TYPE":"一般企业","PREMIUM_INCOME":null,"PREMIUM_INCOME_YOY":null,"NET_INTEREST_INCOME":null,"NET_INTEREST_INCOME_YOY":null,"FEE_COMMISSION_INCOME":null,"FEE_COMMISSION_INCOME_YOY":null,"ACCOUNTS_RECE_TDAYS":2.849130758881,"INVENTORY_TDAYS":1018.2987012987,"CURRENT_ASSETS_TDAYS":0.458693733057,"TOTAL_ASSETS_TDAYS":0.050536339237,"PREMIUM_EXPENSE":null,"LOAN_DEPOSIT":null,"LOAN_EQUITY":null,"LOAN_ASSETS":null,"DEPOSIT_EQUITY":null,"DEPOSIT_ASSETS":null,"EQUITY_MULTIPLIER":1.640256218242,"EQUITY_RATIO":1.055969897083},{"SECUCODE":"80737.HK","SECURITY_CODE":"80737","SECURITY_NAME_ABBR":"湾区发展-R","ORG_CODE":"10009095","STD_REPORT_DATE":"2023-06-30 00:00:00","REPORT_DATE":"2023-06-30 00:00:00","DATE_TYPE_CODE":"002","REPORT_TYPE":"2023年中报","PER_NETCASH_OPERATE":0.097901467148,"PER_OI":0.144117337959,"BPS":1.469893657058,"BASIC_EPS":0.0557,"DILUTED_EPS":null,"OPERATE_INCOME":444125000,"OPERATE_INCOME_YOY":25.8226456681,"GROSS_PROFIT":139905000,"GROSS_PROFIT_YOY":39.761046122494,"HOLDER_PROFIT":171744000,"HOLDER_PROFIT_YOY":-15.8303315445,"GROSS_PROFIT_RATIO":31.501266535322,"EPS_TTM":0.079914260482,"OPERATE_INCOME_QOQ":-4.472971302275,"NET_PROFIT_RATIO":50.6927103856,"ROE_AVG":3.788824815497,"GROSS_PROFIT_QOQ":5.878529745278,"ROA":1.392112271637,"HOLDER_PROFIT_QOQ":-6.304191507413,"ROE_YEARLY":7.577649630993,"ROIC_YEARLY":3.982142914074,"TOTAL_ASSETS":12453825000,"TOTAL_LIABILITIES":5027049000,"TAX_EBT":17.449253468657,"OCF_SALES":67.931775963974,"TOTAL_PARENT_EQUITY":4529757000,"DEBT_ASSET_RATIO":40.365502165,"OPERATE_PROFIT":132706000,"PRETAX_PROFIT":272728000,"NETCASH_OPERATE":301702000,"NETCASH_INVEST":517059000,"NETCASH_FINANCE":-295102000,"END_CASH":1000525000,"DIVI_RATIO":2.416225294344,"DIVIDEND_RATE":11.176470588235,"CURRENT_RATIO":0.586337513372,"COMMON_ACS":10000000000,"CURRENTDEBT_DEBT":50.168319425572,"ISSUED_COMMON_SHARES":3081690283,"HK_COMMON_SHARES":3081690283,"PER_SHARES":500,"TOTAL_MARKET_CAP":5238873481.1,"HKSK_MARKET_CAP":5238873481.1,"PE_TTM":9.294814509238,"PB_TTM":1.149197841215,"REPORT_DATE_SQ":"2022-06-30 00:00:00","REPORT_TYPE_SQ":"2022年中报","OPERATE_INCOME_SQ":352977000,"DPS_HKD":0.193090857555,"OPERATE_INCOME_QOQ_SQ":null,"NET_PROFIT_RATIO_SQ":null,"HOLDER_PROFIT_SQ":204045000,"HOLDER_PROFIT_QOQ_SQ":-10.267183042199,"ROE_AVG_SQ":2.689481411464,"PE_TTM_SQ":11.058968262203,"PB_TTM_SQ":0.833064404825,"ROA_SQ":2.434093439349,"START_DATE":"2023-01-01 00:00:00","FISCAL_YEAR":"12-31","CURRENCY":"CNY","IS_CNY_CODE":1,"DPS_HKD_LY":0.09731747,"ORG_TYPE":"一般企业","PREMIUM_INCOME":null,"PREMIUM_INCOME_YOY":null,"NET_INTEREST_INCOME":null,"NET_INTEREST_INCOME_YOY":null,"FEE_COMMISSION_INCOME":null,"FEE_COMMISSION_INCOME_YOY":null,"ACCOUNTS_RECE_TDAYS":2.24646496324,"INVENTORY_TDAYS":764.371859296482,"CURRENT_ASSETS_TDAYS":0.300878942505,"TOTAL_ASSETS_TDAYS":0.035999619354,"PREMIUM_EXPENSE":null,"LOAN_DEPOSIT":null,"LOAN_EQUITY":null,"LOAN_ASSETS":null,"DEPOSIT_EQUITY":null,"DEPOSIT_ASSETS":null,"EQUITY_MULTIPLIER":1.676881731723,"EQUITY_RATIO":1.109783372486},{"SECUCODE":"80737.HK","SECURITY_CODE":"80737","SECURITY_NAME_ABBR":"湾区发展-R","ORG_CODE":"10009095","STD_REPORT_DATE":"2023-03-31 00:00:00","REPORT_DATE":"2023-03-31 00:00:00","DATE_TYPE_CODE":"003","REPORT_TYPE":"2023年一季报","PER_NETCASH_OPERATE":0.063178315184,"PER_OI":0.076097199415,"BPS":1.525756506401,"BASIC_EPS":0.0348,"DILUTED_EPS":null,"OPERATE_INCOME":234508000,"OPERATE_INCOME_YOY":129.6508838075,"GROSS_PROFIT":63031000,"GROSS_PROFIT_YOY":75.173697960091,"HOLDER_PROFIT":107093000,"HOLDER_PROFIT_YOY":-12.8077574415,"GROSS_PROFIT_RATIO":26.877974312177,"EPS_TTM":0.085291179795,"OPERATE_INCOME_QOQ":16.764952811254,"NET_PROFIT_RATIO":55.9951046446,"ROE_AVG":2.318539428193,"GROSS_PROFIT_QOQ":14.244337600649,"ROA":0.872877321707,"HOLDER_PROFIT_QOQ":-5.647014057407,"ROE_YEARLY":9.27415771277,"ROIC_YEARLY":4.876353478596,"TOTAL_ASSETS":12317880000,"TOTAL_LIABILITIES":4745402000,"TAX_EBT":15.655229115014,"OCF_SALES":83.02318044587,"TOTAL_PARENT_EQUITY":4701909000,"DEBT_ASSET_RATIO":38.524502593,"OPERATE_PROFIT":61892000,"PRETAX_PROFIT":155686000,"NETCASH_OPERATE":194696000,"NETCASH_INVEST":175479000,"NETCASH_FINANCE":-69308000,"END_CASH":774260000,"DIVI_RATIO":2.263901824538,"DIVIDEND_RATE":11.176470588235,"CURRENT_RATIO":0.630748636811,"COMMON_ACS":10000000000,"CURRENTDEBT_DEBT":47.148797931134,"ISSUED_COMMON_SHARES":3081690283,"HK_COMMON_SHARES":3081690283,"PER_SHARES":500,"TOTAL_MARKET_CAP":5238873481.1,"HKSK_MARKET_CAP":5238873481.1,"PE_TTM":9.294814509238,"PB_TTM":1.149197841215,"REPORT_DATE_SQ":"2022-03-31 00:00:00","REPORT_TYPE_SQ":"2022年一季报","OPERATE_INCOME_SQ":102115000,"DPS_HKD":0.193090857555,"OPERATE_INCOME_QOQ_SQ":null,"NET_PROFIT_RATIO_SQ":null,"HOLDER_PROFIT_SQ":122824000,"HOLDER_PROFIT_QOQ_SQ":-8.576545285026,"ROE_AVG_SQ":1.575670327791,"PE_TTM_SQ":11.058968262203,"PB_TTM_SQ":0.833064404825,"ROA_SQ":1.473771156144,"START_DATE":"2023-01-01 00:00:00","FISCAL_YEAR":"12-31","CURRENCY":"CNY","IS_CNY_CODE":1,"DPS_HKD_LY":0.09731747,"ORG_TYPE":"一般企业","PREMIUM_INCOME":null,"PREMIUM_INCOME_YOY":null,"NET_INTEREST_INCOME":null,"NET_INTEREST_INCOME_YOY":null,"FEE_COMMISSION_INCOME":null,"FEE_COMMISSION_INCOME_YOY":null,"ACCOUNTS_RECE_TDAYS":1.298220750894,"INVENTORY_TDAYS":414.696493349456,"CURRENT_ASSETS_TDAYS":0.162588233173,"TOTAL_ASSETS_TDAYS":0.019113921074,"PREMIUM_EXPENSE":null,"LOAN_DEPOSIT":null,"LOAN_EQUITY":null,"LOAN_ASSETS":null,"DEPOSIT_EQUITY":null,"DEPOSIT_ASSETS":null,"EQUITY_MULTIPLIER":1.626664349504,"EQUITY_RATIO":1.009250072683},{"SECUCODE":"80737.HK","SECURITY_CODE":"80737","SECURITY_NAME_ABBR":"湾区发展-R","ORG_CODE":"10009095","STD_REPORT_DATE":"2022-12-31 00:00:00","REPORT_DATE":"2022-12-31 00:00:00","DATE_TYPE_CODE":"001","REPORT_TYPE":"2022年年报","PER_NETCASH_OPERATE":0.02828934513,"PER_OI":0.256255797137,"BPS":1.471939612174,"BASIC_EPS":0.0904,"DILUTED_EPS":null,"OPERATE_INCOME":789701000,"OPERATE_INCOME_YOY":28.7183114891,"GROSS_PROFIT":189893000,"GROSS_PROFIT_YOY":-26.247412350033,"HOLDER_PROFIT":278572000,"HOLDER_PROFIT_YOY":-60.8435919565,"GROSS_PROFIT_RATIO":24.046189633798,"EPS_TTM":0.090395845922,"OPERATE_INCOME_QOQ":null,"NET_PROFIT_RATIO":41.375280011,"ROE_AVG":4.319820416351,"GROSS_PROFIT_QOQ":null,"ROA":2.873092317578,"HOLDER_PROFIT_QOQ":-19.886576057885,"ROE_YEARLY":4.319820416351,"ROIC_YEARLY":3.844063006192,"TOTAL_ASSETS":12220047000,"TOTAL_LIABILITIES":4834260000,"TAX_EBT":27.265947950591,"OCF_SALES":11.039494694828,"TOTAL_PARENT_EQUITY":4536062000,"DEBT_ASSET_RATIO":39.5600769784,"OPERATE_PROFIT":180772000,"PRETAX_PROFIT":449227000,"NETCASH_OPERATE":87179000,"NETCASH_INVEST":309998000,"NETCASH_FINANCE":-1784708000,"END_CASH":474015000,"DIVI_RATIO":2.13605897026,"DIVIDEND_RATE":11.176470588235,"CURRENT_RATIO":0.785555828642,"COMMON_ACS":10000000000,"CURRENTDEBT_DEBT":38.799671511255,"ISSUED_COMMON_SHARES":3081690283,"HK_COMMON_SHARES":3081690283,"PER_SHARES":500,"TOTAL_MARKET_CAP":5238873481.1,"HKSK_MARKET_CAP":5238873481.1,"PE_TTM":9.294814509238,"PB_TTM":1.149197841215,"REPORT_DATE_SQ":"2021-12-31 00:00:00","REPORT_TYPE_SQ":"2021年年报","OPERATE_INCOME_SQ":613511000,"DPS_HKD":0.193090857555,"OPERATE_INCOME_QOQ_SQ":null,"NET_PROFIT_RATIO_SQ":null,"HOLDER_PROFIT_SQ":711434000,"HOLDER_PROFIT_QOQ_SQ":-44.109460349614,"ROE_AVG_SQ":12.142276431677,"PE_TTM_SQ":11.058968262203,"PB_TTM_SQ":0.833064404825,"ROA_SQ":8.835073446747,"START_DATE":"2022-01-01 00:00:00","FISCAL_YEAR":"12-31","CURRENCY":"CNY","IS_CNY_CODE":1,"DPS_HKD_LY":0.19553869,"ORG_TYPE":"一般企业","PREMIUM_INCOME":null,"PREMIUM_INCOME_YOY":null,"NET_INTEREST_INCOME":null,"NET_INTEREST_INCOME_YOY":null,"FEE_COMMISSION_INCOME":null,"FEE_COMMISSION_INCOME_YOY":null,"ACCOUNTS_RECE_TDAYS":1.611733371431,"INVENTORY_TDAYS":1404.70257611241,"CURRENT_ASSETS_TDAYS":0.433052081068,"TOTAL_ASSETS_TDAYS":0.081446946437,"PREMIUM_EXPENSE":null,"LOAN_DEPOSIT":null,"LOAN_EQUITY":null,"LOAN_ASSETS":null,"DEPOSIT_EQUITY":null,"DEPOSIT_ASSETS":null,"EQUITY_MULTIPLIER":1.654535528847,"EQUITY_RATIO":1.065739401269},{"SECUCODE":"80737.HK","SECURITY_CODE":"80737","SECURITY_NAME_ABBR":"湾区发展-R","ORG_CODE":"10009095","STD_REPORT_DATE":"2022-09-30 00:00:00","REPORT_DATE":"2022-09-30 00:00:00","DATE_TYPE_CODE":"004","REPORT_TYPE":"2022年三季报","PER_NETCASH_OPERATE":-0.015938655572,"PER_OI":0.199735516381,"BPS":1.480751983797,"BASIC_EPS":0.0893,"DILUTED_EPS":0.0893,"OPERATE_INCOME":615523000,"OPERATE_INCOME_YOY":null,"GROSS_PROFIT":164699000,"GROSS_PROFIT_YOY":null,"HOLDER_PROFIT":275286000,"HOLDER_PROFIT_YOY":-54.1327327004,"GROSS_PROFIT_RATIO":null,"EPS_TTM":0.112834830261,"OPERATE_INCOME_QOQ":null,"NET_PROFIT_RATIO":null,"ROE_AVG":3.428515278488,"GROSS_PROFIT_QOQ":null,"ROA":3.104159210471,"HOLDER_PROFIT_QOQ":-30.424290930919,"ROE_YEARLY":4.57135370465,"ROIC_YEARLY":3.977444036226,"TOTAL_ASSETS":7103299000,"TOTAL_LIABILITIES":2514305000,"TAX_EBT":23.84917865115,"OCF_SALES":null,"TOTAL_PARENT_EQUITY":4563219000,"DEBT_ASSET_RATIO":35.396299663,"OPERATE_PROFIT":175040000,"PRETAX_PROFIT":434103000,"NETCASH_OPERATE":42370000,"NETCASH_INVEST":201201000,"NETCASH_FINANCE":-309052000,"END_CASH":1795411000,"DIVI_RATIO":1.711269978498,"DIVIDEND_RATE":11.176470588235,"CURRENT_RATIO":1.598197545022,"COMMON_ACS":10000000000,"CURRENTDEBT_DEBT":50.358329637812,"ISSUED_COMMON_SHARES":3081690283,"HK_COMMON_SHARES":3081690283,"PER_SHARES":500,"TOTAL_MARKET_CAP":5238873481.1,"HKSK_MARKET_CAP":5238873481.1,"PE_TTM":9.294814509238,"PB_TTM":1.149197841215,"REPORT_DATE_SQ":"2021-09-30 00:00:00","REPORT_TYPE_SQ":"2021年三季报","OPERATE_INCOME_SQ":null,"DPS_HKD":0.193090857555,"OPERATE_INCOME_QOQ_SQ":null,"NET_PROFIT_RATIO_SQ":null,"HOLDER_PROFIT_SQ":483046000,"HOLDER_PROFIT_QOQ_SQ":0,"ROE_AVG_SQ":null,"PE_TTM_SQ":11.058968262203,"PB_TTM_SQ":0.833064404825,"ROA_SQ":null,"START_DATE":"2022-01-01 00:00:00","FISCAL_YEAR":"12-31","CURRENCY":"CNY","IS_CNY_CODE":1,"DPS_HKD_LY":0.19553869,"ORG_TYPE":"一般企业","PREMIUM_INCOME":null,"PREMIUM_INCOME_YOY":null,"NET_INTEREST_INCOME":null,"NET_INTEREST_INCOME_YOY":null,"FEE_COMMISSION_INCOME":null,"FEE_COMMISSION_INCOME_YOY":null,"ACCOUNTS_RECE_TDAYS":1.83678993041,"INVENTORY_TDAYS":null,"CURRENT_ASSETS_TDAYS":null,"TOTAL_ASSETS_TDAYS":null,"PREMIUM_EXPENSE":null,"LOAN_DEPOSIT":null,"LOAN_EQUITY":null,"LOAN_ASSETS":null,"DEPOSIT_EQUITY":null,"DEPOSIT_ASSETS":null,"EQUITY_MULTIPLIER":1.547898951273,"EQUITY_RATIO":0.550993717374}],"count":55},"success":true,"message":"ok","code":0}