{"version":"d5e5bf7823de13ade2ba6882f1c3b778","result":{"pages":11,"data":[{"SECUCODE":"80992.HK","SECURITY_CODE":"80992","SECURITY_NAME_ABBR":"联想集团–R","ORG_CODE":"10009194","STD_REPORT_DATE":"2024-09-30 00:00:00","REPORT_DATE":"2024-12-31 00:00:00","DATE_TYPE_CODE":"004","REPORT_TYPE":"2024年三季报","PER_NETCASH_OPERATE":1.229797780705,"PER_OI":30.187722459385,"BPS":3.231296856008,"BASIC_EPS":0.75909504,"DILUTED_EPS":0.72315304,"OPERATE_INCOME":374468412212,"OPERATE_INCOME_YOY":21.0611724889,"GROSS_PROFIT":59771474116,"GROSS_PROFIT_YOY":14.427338729577,"HOLDER_PROFIT":9305865422.8,"HOLDER_PROFIT_YOY":69.7165114017,"GROSS_PROFIT_RATIO":15.961686531296,"EPS_TTM":0.671550759936,"OPERATE_INCOME_QOQ":4.846825105461,"NET_PROFIT_RATIO":2.5675675416,"ROE_AVG":23.202871952854,"GROSS_PROFIT_QOQ":1.793977459444,"ROA":3.101751173172,"HOLDER_PROFIT_QOQ":9.201734032279,"ROE_YEARLY":30.937162603805,"ROIC_YEARLY":3.292057803458,"TOTAL_ASSETS":321482097609.6,"TOTAL_LIABILITIES":277338348861.6,"TAX_EBT":-2.636796984588,"OCF_SALES":4.073834262785,"TOTAL_PARENT_EQUITY":40083136602.4,"DEBT_ASSET_RATIO":86.2686758995,"OPERATE_PROFIT":13174698244.8,"PRETAX_PROFIT":9367721604.8,"NETCASH_OPERATE":15255222480,"NETCASH_INVEST":-6181499246.8,"NETCASH_FINANCE":-5559415110.8,"END_CASH":28282386003.2,"DIVI_RATIO":0.519122560495,"DIVIDEND_RATE":2.981260647359,"CURRENT_RATIO":0.86841786074,"COMMON_ACS":null,"CURRENTDEBT_DEBT":85.284938270991,"ISSUED_COMMON_SHARES":12404659302,"HK_COMMON_SHARES":12404659302,"PER_SHARES":2000,"TOTAL_MARKET_CAP":145630700205.48,"HKSK_MARKET_CAP":145630700205.48,"PE_TTM":13.15205279718,"PB_TTM":3.633216173925,"REPORT_DATE_SQ":"2023-09-30 00:00:00","REPORT_TYPE_SQ":"2023年三季报","OPERATE_INCOME_SQ":304773305160.9,"DPS_HKD":0.34861715,"OPERATE_INCOME_QOQ_SQ":-6.184173048256,"NET_PROFIT_RATIO_SQ":1.9736621791,"HOLDER_PROFIT_SQ":5402556071.4,"HOLDER_PROFIT_QOQ_SQ":-25.517215091959,"ROE_AVG_SQ":13.63570221412,"PE_TTM_SQ":14.207208293801,"PB_TTM_SQ":2.54750650409,"ROA_SQ":1.945267183066,"START_DATE":"2024-04-01 00:00:00","FISCAL_YEAR":"3-31","CURRENCY":"CNY","IS_CNY_CODE":1,"DPS_HKD_LY":0.385,"ORG_TYPE":"一般企业","PREMIUM_INCOME":null,"PREMIUM_INCOME_YOY":null,"NET_INTEREST_INCOME":null,"NET_INTEREST_INCOME_YOY":null,"FEE_COMMISSION_INCOME":null,"FEE_COMMISSION_INCOME_YOY":null,"ACCOUNTS_RECE_TDAYS":5.74980862367,"INVENTORY_TDAYS":5.523969303907,"CURRENT_ASSETS_TDAYS":2.032450665109,"TOTAL_ASSETS_TDAYS":1.248145963994,"PREMIUM_EXPENSE":null,"LOAN_DEPOSIT":null,"LOAN_EQUITY":null,"LOAN_ASSETS":null,"DEPOSIT_EQUITY":null,"DEPOSIT_ASSETS":null,"EQUITY_MULTIPLIER":7.282618869681,"EQUITY_RATIO":6.919078005612},{"SECUCODE":"80992.HK","SECURITY_CODE":"80992","SECURITY_NAME_ABBR":"联想集团–R","ORG_CODE":"10009194","STD_REPORT_DATE":"2024-06-30 00:00:00","REPORT_DATE":"2024-09-30 00:00:00","DATE_TYPE_CODE":"002","REPORT_TYPE":"2024年中报","PER_NETCASH_OPERATE":1.004441922431,"PER_OI":18.809581402399,"BPS":3.094159659718,"BASIC_EPS":0.34406334,"DILUTED_EPS":0.33004854,"OPERATE_INCOME":233326448910,"OPERATE_INCOME_YOY":21.9242033045,"GROSS_PROFIT":37528824432.6,"GROSS_PROFIT_YOY":9.496610455092,"HOLDER_PROFIT":4217733037.8,"HOLDER_PROFIT_YOY":41.3680284476,"GROSS_PROFIT_RATIO":16.084256460388,"EPS_TTM":0.614963458123,"OPERATE_INCOME_QOQ":4.182884357772,"NET_PROFIT_RATIO":1.9123888981,"ROE_AVG":10.884267507659,"GROSS_PROFIT_QOQ":2.834816853772,"ROA":1.446602844542,"HOLDER_PROFIT_QOQ":6.400300531412,"ROE_YEARLY":21.768535015319,"ROIC_YEARLY":3.243069339313,"TOTAL_ASSETS":311579023701.6,"TOTAL_LIABILITIES":268893327475.8,"TAX_EBT":19.0045294913,"OCF_SALES":5.3400546293,"TOTAL_PARENT_EQUITY":38381996404.8,"DEBT_ASSET_RATIO":86.3002022027,"OPERATE_PROFIT":8023949503.2,"PRETAX_PROFIT":5509084739.4,"NETCASH_OPERATE":12459759836.4,"NETCASH_INVEST":-3676754750.4,"NETCASH_FINANCE":-4724802516.6,"END_CASH":29283328971,"DIVI_RATIO":0.566890837813,"DIVIDEND_RATE":2.981260647359,"CURRENT_RATIO":0.863056330216,"COMMON_ACS":null,"CURRENTDEBT_DEBT":85.169909691423,"ISSUED_COMMON_SHARES":12404659302,"HK_COMMON_SHARES":12404659302,"PER_SHARES":2000,"TOTAL_MARKET_CAP":145630700205.48,"HKSK_MARKET_CAP":145630700205.48,"PE_TTM":17.481924971876,"PB_TTM":3.794245058792,"REPORT_DATE_SQ":"2023-06-30 00:00:00","REPORT_TYPE_SQ":"2023年中报","OPERATE_INCOME_SQ":196078277397.4,"DPS_HKD":0.34861715,"OPERATE_INCOME_QOQ_SQ":-4.835470921943,"NET_PROFIT_RATIO_SQ":1.7300328275,"HOLDER_PROFIT_SQ":3056914726.8,"HOLDER_PROFIT_QOQ_SQ":-19.782922384522,"ROE_AVG_SQ":7.947269074712,"PE_TTM_SQ":14.207208293801,"PB_TTM_SQ":2.54750650409,"ROA_SQ":1.089240005112,"START_DATE":"2024-04-01 00:00:00","FISCAL_YEAR":"3-31","CURRENCY":"CNY","IS_CNY_CODE":1,"DPS_HKD_LY":0.385,"ORG_TYPE":"一般企业","PREMIUM_INCOME":null,"PREMIUM_INCOME_YOY":null,"NET_INTEREST_INCOME":null,"NET_INTEREST_INCOME_YOY":null,"FEE_COMMISSION_INCOME":null,"FEE_COMMISSION_INCOME_YOY":null,"ACCOUNTS_RECE_TDAYS":3.778611387848,"INVENTORY_TDAYS":3.532100415555,"CURRENT_ASSETS_TDAYS":1.308499605275,"TOTAL_ASSETS_TDAYS":0.800265691723,"PREMIUM_EXPENSE":null,"LOAN_DEPOSIT":null,"LOAN_EQUITY":null,"LOAN_ASSETS":null,"DEPOSIT_EQUITY":null,"DEPOSIT_ASSETS":null,"EQUITY_MULTIPLIER":7.299377806854,"EQUITY_RATIO":7.005714987826},{"SECUCODE":"80992.HK","SECURITY_CODE":"80992","SECURITY_NAME_ABBR":"联想集团–R","ORG_CODE":"10009194","STD_REPORT_DATE":"2024-03-31 00:00:00","REPORT_DATE":"2024-06-30 00:00:00","DATE_TYPE_CODE":"003","REPORT_TYPE":"2024年一季报","PER_NETCASH_OPERATE":0.45467532548,"PER_OI":8.874736179417,"BPS":3.195855773291,"BASIC_EPS":0.14182332,"DILUTED_EPS":0.13683456,"OPERATE_INCOME":110088078700.8,"OPERATE_INCOME_YOY":19.7452977835,"GROSS_PROFIT":18243531853.2,"GROSS_PROFIT_YOY":12.117374036917,"HOLDER_PROFIT":1734413682,"HOLDER_PROFIT_YOY":37.8635441805,"GROSS_PROFIT_RATIO":16.571759693239,"EPS_TTM":0.577971542422,"OPERATE_INCOME_QOQ":4.245742271462,"NET_PROFIT_RATIO":1.6410570403,"ROE_AVG":4.367176219908,"GROSS_PROFIT_QOQ":5.085700117617,"ROA":0.614281832373,"HOLDER_PROFIT_QOQ":18.614076148435,"ROE_YEARLY":17.468704879631,"ROIC_YEARLY":2.611672431362,"TOTAL_ASSETS":288526096268.4,"TOTAL_LIABILITIES":245299659663.6,"TAX_EBT":19.009888336874,"OCF_SALES":5.123254554136,"TOTAL_PARENT_EQUITY":39643502046,"DEBT_ASSET_RATIO":85.0181882458,"OPERATE_PROFIT":3523981669.2,"PRETAX_PROFIT":2230652766,"NETCASH_OPERATE":5640092505.6,"NETCASH_INVEST":-2278808553.6,"NETCASH_FINANCE":-336456228,"END_CASH":27873777142.8,"DIVI_RATIO":0.603173555118,"DIVIDEND_RATE":2.97619047619,"CURRENT_RATIO":0.8515309133,"COMMON_ACS":null,"CURRENTDEBT_DEBT":83.787306474644,"ISSUED_COMMON_SHARES":12404659302,"HK_COMMON_SHARES":12404659302,"PER_SHARES":2000,"TOTAL_MARKET_CAP":145878793391.52,"HKSK_MARKET_CAP":145878793391.52,"PE_TTM":17.511706786138,"PB_TTM":3.800708849352,"REPORT_DATE_SQ":"2023-03-31 00:00:00","REPORT_TYPE_SQ":"2023年一季报","OPERATE_INCOME_SQ":93212292516.6,"DPS_HKD":0.34861715,"OPERATE_INCOME_QOQ_SQ":-4.961220686104,"NET_PROFIT_RATIO_SQ":1.4218219995,"HOLDER_PROFIT_SQ":1275541570.8,"HOLDER_PROFIT_QOQ_SQ":-14.872472329741,"ROE_AVG_SQ":3.210517451912,"PE_TTM_SQ":14.564267761502,"PB_TTM_SQ":2.611531138452,"ROA_SQ":0.459437357239,"START_DATE":"2024-04-01 00:00:00","FISCAL_YEAR":"3-31","CURRENCY":"CNY","IS_CNY_CODE":1,"DPS_HKD_LY":0.385,"ORG_TYPE":"一般企业","PREMIUM_INCOME":null,"PREMIUM_INCOME_YOY":null,"NET_INTEREST_INCOME":null,"NET_INTEREST_INCOME_YOY":null,"FEE_COMMISSION_INCOME":null,"FEE_COMMISSION_INCOME_YOY":null,"ACCOUNTS_RECE_TDAYS":1.838662612585,"INVENTORY_TDAYS":1.779968514386,"CURRENT_ASSETS_TDAYS":0.653919674808,"TOTAL_ASSETS_TDAYS":0.389901829123,"PREMIUM_EXPENSE":null,"LOAN_DEPOSIT":null,"LOAN_EQUITY":null,"LOAN_ASSETS":null,"DEPOSIT_EQUITY":null,"DEPOSIT_ASSETS":null,"EQUITY_MULTIPLIER":6.674760145212,"EQUITY_RATIO":6.187638503253},{"SECUCODE":"80992.HK","SECURITY_CODE":"80992","SECURITY_NAME_ABBR":"联想集团–R","ORG_CODE":"10009194","STD_REPORT_DATE":"2023-12-31 00:00:00","REPORT_DATE":"2024-03-31 00:00:00","DATE_TYPE_CODE":"001","REPORT_TYPE":"2023年年报","PER_NETCASH_OPERATE":1.150211448588,"PER_OI":32.523952303547,"BPS":3.193033873056,"BASIC_EPS":0.5966895,"DILUTED_EPS":0.5711475,"OPERATE_INCOME":403448547480,"OPERATE_INCOME_YOY":-8.2055337306,"GROSS_PROFIT":69553583385,"GROSS_PROFIT_YOY":-3.612469133872,"HOLDER_PROFIT":7169540070,"HOLDER_PROFIT_YOY":-37.1467206395,"GROSS_PROFIT_RATIO":17.239765471816,"EPS_TTM":0.487804964306,"OPERATE_INCOME_QOQ":1.834554959415,"NET_PROFIT_RATIO":1.9385132723,"ROE_AVG":18.092917546651,"GROSS_PROFIT_QOQ":0.830094993806,"ROA":2.602015828016,"HOLDER_PROFIT_QOQ":-8.429164393798,"ROE_YEARLY":18.092917546651,"ROIC_YEARLY":2.767886359615,"TOTAL_ASSETS":274938018630,"TOTAL_LIABILITIES":231791996865,"TAX_EBT":19.271392518532,"OCF_SALES":3.536505766131,"TOTAL_PARENT_EQUITY":39608497335,"DEBT_ASSET_RATIO":84.3070005451,"OPERATE_PROFIT":14231037480,"PRETAX_PROFIT":9687896130,"NETCASH_OPERATE":14267981145,"NETCASH_INVEST":-9106077750,"NETCASH_FINANCE":-9479664975,"END_CASH":25257000945,"DIVI_RATIO":0.714665031127,"DIVIDEND_RATE":2.981260647359,"CURRENT_RATIO":0.870602904629,"COMMON_ACS":null,"CURRENTDEBT_DEBT":79.765377573706,"ISSUED_COMMON_SHARES":12404659302,"HK_COMMON_SHARES":12404659302,"PER_SHARES":2000,"TOTAL_MARKET_CAP":145630700205.48,"HKSK_MARKET_CAP":145630700205.48,"PE_TTM":17.481924971876,"PB_TTM":3.633216173925,"REPORT_DATE_SQ":"2022-12-31 00:00:00","REPORT_TYPE_SQ":"2022年年报","OPERATE_INCOME_SQ":425680196631.8,"DPS_HKD":0.34861715,"OPERATE_INCOME_QOQ_SQ":-4.839890728411,"NET_PROFIT_RATIO_SQ":2.7133436026,"HOLDER_PROFIT_SQ":11047783267.4,"HOLDER_PROFIT_QOQ_SQ":-7.607592202013,"ROE_AVG_SQ":30.396808388247,"PE_TTM_SQ":14.207208293801,"PB_TTM_SQ":2.54750650409,"ROA_SQ":3.854038944342,"START_DATE":"2023-04-01 00:00:00","FISCAL_YEAR":"3-31","CURRENCY":"CNY","IS_CNY_CODE":1,"DPS_HKD_LY":0.38,"ORG_TYPE":"一般企业","PREMIUM_INCOME":null,"PREMIUM_INCOME_YOY":null,"NET_INTEREST_INCOME":null,"NET_INTEREST_INCOME_YOY":null,"FEE_COMMISSION_INCOME":null,"FEE_COMMISSION_INCOME_YOY":null,"ACCOUNTS_RECE_TDAYS":7.069060912391,"INVENTORY_TDAYS":7.198818313615,"CURRENT_ASSETS_TDAYS":2.492493168016,"TOTAL_ASSETS_TDAYS":1.4642215485,"PREMIUM_EXPENSE":null,"LOAN_DEPOSIT":null,"LOAN_EQUITY":null,"LOAN_ASSETS":null,"DEPOSIT_EQUITY":null,"DEPOSIT_ASSETS":null,"EQUITY_MULTIPLIER":6.372268111484,"EQUITY_RATIO":5.852077520249},{"SECUCODE":"80992.HK","SECURITY_CODE":"80992","SECURITY_NAME_ABBR":"联想集团–R","ORG_CODE":"10009194","STD_REPORT_DATE":"2023-09-30 00:00:00","REPORT_DATE":"2023-12-31 00:00:00","DATE_TYPE_CODE":"004","REPORT_TYPE":"2023年三季报","PER_NETCASH_OPERATE":0.838945028923,"PER_OI":24.596203345779,"BPS":3.197678221844,"BASIC_EPS":0.45187626,"DILUTED_EPS":0.43133643,"OPERATE_INCOME":304773305160.9,"OPERATE_INCOME_YOY":-12.7375171209,"GROSS_PROFIT":52235309131.2,"GROSS_PROFIT_YOY":-10.261217440897,"HOLDER_PROFIT":5402556071.4,"HOLDER_PROFIT_YOY":-48.9475709701,"GROSS_PROFIT_RATIO":17.139069677911,"EPS_TTM":0.544257013952,"OPERATE_INCOME_QOQ":-6.184173048256,"NET_PROFIT_RATIO":1.9736621791,"ROE_AVG":13.63570221412,"GROSS_PROFIT_QOQ":-5.110360610256,"ROA":1.945267183066,"HOLDER_PROFIT_QOQ":-25.517215091959,"ROE_YEARLY":18.180936285493,"ROIC_YEARLY":1.973190899459,"TOTAL_ASSETS":279797367669.9,"TOTAL_LIABILITIES":236500702164,"TAX_EBT":19.635802416566,"OCF_SALES":3.4108720648,"TOTAL_PARENT_EQUITY":39666108899.4,"DEBT_ASSET_RATIO":84.5257066332,"OPERATE_PROFIT":10744540892.4,"PRETAX_PROFIT":7484919450.3,"NETCASH_OPERATE":10395427526.7,"NETCASH_INVEST":-7317293189.4,"NETCASH_FINANCE":-8369095387.5,"END_CASH":24549821010.9,"DIVI_RATIO":0.64053772586,"DIVIDEND_RATE":2.981260647359,"CURRENT_RATIO":0.869934652934,"COMMON_ACS":null,"CURRENTDEBT_DEBT":79.962885564272,"ISSUED_COMMON_SHARES":12404659302,"HK_COMMON_SHARES":12404659302,"PER_SHARES":2000,"TOTAL_MARKET_CAP":145630700205.48,"HKSK_MARKET_CAP":145630700205.48,"PE_TTM":13.15205279718,"PB_TTM":3.633216173925,"REPORT_DATE_SQ":"2022-09-30 00:00:00","REPORT_TYPE_SQ":"2022年三季报","OPERATE_INCOME_SQ":343436690660.6,"DPS_HKD":0.34861715,"OPERATE_INCOME_QOQ_SQ":2.527678182649,"NET_PROFIT_RATIO_SQ":3.1944813328,"HOLDER_PROFIT_SQ":10405913329,"HOLDER_PROFIT_QOQ_SQ":5.328015560833,"ROE_AVG_SQ":28.96911807846,"PE_TTM_SQ":14.207208293801,"PB_TTM_SQ":2.54750650409,"ROA_SQ":3.464249551636,"START_DATE":"2023-04-01 00:00:00","FISCAL_YEAR":"3-31","CURRENCY":"CNY","IS_CNY_CODE":1,"DPS_HKD_LY":0.38,"ORG_TYPE":"一般企业","PREMIUM_INCOME":null,"PREMIUM_INCOME_YOY":null,"NET_INTEREST_INCOME":null,"NET_INTEREST_INCOME_YOY":null,"FEE_COMMISSION_INCOME":null,"FEE_COMMISSION_INCOME_YOY":null,"ACCOUNTS_RECE_TDAYS":5.096888778443,"INVENTORY_TDAYS":5.663770629401,"CURRENT_ASSETS_TDAYS":1.864062924902,"TOTAL_ASSETS_TDAYS":1.0973796495,"PREMIUM_EXPENSE":null,"LOAN_DEPOSIT":null,"LOAN_EQUITY":null,"LOAN_ASSETS":null,"DEPOSIT_EQUITY":null,"DEPOSIT_ASSETS":null,"EQUITY_MULTIPLIER":6.462330629879,"EQUITY_RATIO":5.962286413417},{"SECUCODE":"80992.HK","SECURITY_CODE":"80992","SECURITY_NAME_ABBR":"联想集团–R","ORG_CODE":"10009194","STD_REPORT_DATE":"2023-06-30 00:00:00","REPORT_DATE":"2023-09-30 00:00:00","DATE_TYPE_CODE":"002","REPORT_TYPE":"2023年中报","PER_NETCASH_OPERATE":0.65329735744,"PER_OI":16.16723045455,"BPS":2.967607732448,"BASIC_EPS":0.25631886,"DILUTED_EPS":0.24626714,"OPERATE_INCOME":196078277397.4,"OPERATE_INCOME_YOY":-19.7838488325,"GROSS_PROFIT":34273959967,"GROSS_PROFIT_YOY":-15.978151678684,"HOLDER_PROFIT":3056914726.8,"HOLDER_PROFIT_YOY":-59.7161169215,"GROSS_PROFIT_RATIO":17.479733309537,"EPS_TTM":0.730715177506,"OPERATE_INCOME_QOQ":-4.835470921943,"NET_PROFIT_RATIO":1.7300328275,"ROE_AVG":7.947269074712,"GROSS_PROFIT_QOQ":-4.133193452297,"ROA":1.089240005112,"HOLDER_PROFIT_QOQ":-19.782922384522,"ROE_YEARLY":15.894538149425,"ROIC_YEARLY":2.320381684764,"TOTAL_ASSETS":281854917209.4,"TOTAL_LIABILITIES":241802532145.8,"TAX_EBT":19.339269922458,"OCF_SALES":4.040873662788,"TOTAL_PARENT_EQUITY":36812162863,"DEBT_ASSET_RATIO":85.7897156948,"OPERATE_PROFIT":6491077685,"PRETAX_PROFIT":4205539130.8,"NETCASH_OPERATE":7923275469.8,"NETCASH_INVEST":-4801433811.6,"NETCASH_FINANCE":-6162034630.8,"END_CASH":26830797723.2,"DIVI_RATIO":0.477090336607,"DIVIDEND_RATE":2.97619047619,"CURRENT_RATIO":0.865222088059,"COMMON_ACS":null,"CURRENTDEBT_DEBT":80.335974896024,"ISSUED_COMMON_SHARES":12404659302,"HK_COMMON_SHARES":12404659302,"PER_SHARES":2000,"TOTAL_MARKET_CAP":145878793391.52,"HKSK_MARKET_CAP":145878793391.52,"PE_TTM":17.511706786138,"PB_TTM":3.800708849352,"REPORT_DATE_SQ":"2022-06-30 00:00:00","REPORT_TYPE_SQ":"2022年中报","OPERATE_INCOME_SQ":241713791469,"DPS_HKD":0.34861715,"OPERATE_INCOME_QOQ_SQ":0.974670117981,"NET_PROFIT_RATIO_SQ":3.2113585619,"HOLDER_PROFIT_SQ":7503878017.2,"HOLDER_PROFIT_QOQ_SQ":3.494492195362,"ROE_AVG_SQ":20.774932660252,"PE_TTM_SQ":14.564267761502,"PB_TTM_SQ":2.611531138452,"ROA_SQ":2.407441188482,"START_DATE":"2023-04-01 00:00:00","FISCAL_YEAR":"3-31","CURRENCY":"CNY","IS_CNY_CODE":1,"DPS_HKD_LY":0.38,"ORG_TYPE":"一般企业","PREMIUM_INCOME":null,"PREMIUM_INCOME_YOY":null,"NET_INTEREST_INCOME":null,"NET_INTEREST_INCOME_YOY":null,"FEE_COMMISSION_INCOME":null,"FEE_COMMISSION_INCOME_YOY":null,"ACCOUNTS_RECE_TDAYS":3.467840614796,"INVENTORY_TDAYS":3.593836144002,"CURRENT_ASSETS_TDAYS":1.178411854784,"TOTAL_ASSETS_TDAYS":0.698666214017,"PREMIUM_EXPENSE":null,"LOAN_DEPOSIT":null,"LOAN_EQUITY":null,"LOAN_ASSETS":null,"DEPOSIT_EQUITY":null,"DEPOSIT_ASSETS":null,"EQUITY_MULTIPLIER":7.037156882456,"EQUITY_RATIO":6.568549993808},{"SECUCODE":"80992.HK","SECURITY_CODE":"80992","SECURITY_NAME_ABBR":"联想集团–R","ORG_CODE":"10009194","STD_REPORT_DATE":"2023-03-31 00:00:00","REPORT_DATE":"2023-06-30 00:00:00","DATE_TYPE_CODE":"003","REPORT_TYPE":"2023年一季报","PER_NETCASH_OPERATE":0.387120101875,"PER_OI":7.685627568313,"BPS":3.150862696995,"BASIC_EPS":0.10694184,"DILUTED_EPS":0.10332894,"OPERATE_INCOME":93212292516.6,"OPERATE_INCOME_YOY":-23.9194525378,"GROSS_PROFIT":16271815149,"GROSS_PROFIT_YOY":-15.490152796963,"HOLDER_PROFIT":1275541570.8,"HOLDER_PROFIT_YOY":-65.7700981371,"GROSS_PROFIT_RATIO":17.456726693105,"EPS_TTM":0.910922211612,"OPERATE_INCOME_QOQ":-4.961220686104,"NET_PROFIT_RATIO":1.4218219995,"ROE_AVG":3.210517451912,"GROSS_PROFIT_QOQ":-5.224879562554,"ROA":0.459437357239,"HOLDER_PROFIT_QOQ":-14.872472329741,"ROE_YEARLY":12.842069807648,"ROIC_YEARLY":1.863130968447,"TOTAL_ASSETS":274033905520.2,"TOTAL_LIABILITIES":231712539436.2,"TAX_EBT":19.600047342051,"OCF_SALES":5.036935480333,"TOTAL_PARENT_EQUITY":39085378263.6,"DEBT_ASSET_RATIO":84.5561570187,"OPERATE_PROFIT":2818603935,"PRETAX_PROFIT":1648400076.6,"NETCASH_OPERATE":4695043033.8,"NETCASH_INVEST":-1445369548.2,"NETCASH_FINANCE":-2047683333,"END_CASH":31466928291.6,"DIVI_RATIO":0.382707925612,"DIVIDEND_RATE":2.97619047619,"CURRENT_RATIO":0.877711122384,"COMMON_ACS":null,"CURRENTDEBT_DEBT":79.139458469787,"ISSUED_COMMON_SHARES":12404659302,"HK_COMMON_SHARES":12404659302,"PER_SHARES":2000,"TOTAL_MARKET_CAP":145878793391.52,"HKSK_MARKET_CAP":145878793391.52,"PE_TTM":17.511706786138,"PB_TTM":3.800708849352,"REPORT_DATE_SQ":"2022-03-31 00:00:00","REPORT_TYPE_SQ":"2022年一季报","OPERATE_INCOME_SQ":113795934645.2,"DPS_HKD":0.34861715,"OPERATE_INCOME_QOQ_SQ":-0.074379769682,"NET_PROFIT_RATIO_SQ":3.1816652156,"HOLDER_PROFIT_SQ":3461115959.8,"HOLDER_PROFIT_QOQ_SQ":6.790633919295,"ROE_AVG_SQ":10.141213049206,"PE_TTM_SQ":14.564267761502,"PB_TTM_SQ":2.611531138452,"ROA_SQ":1.162039538506,"START_DATE":"2023-04-01 00:00:00","FISCAL_YEAR":"3-31","CURRENCY":"CNY","IS_CNY_CODE":1,"DPS_HKD_LY":0.38,"ORG_TYPE":"一般企业","PREMIUM_INCOME":null,"PREMIUM_INCOME_YOY":null,"NET_INTEREST_INCOME":null,"NET_INTEREST_INCOME_YOY":null,"FEE_COMMISSION_INCOME":null,"FEE_COMMISSION_INCOME_YOY":null,"ACCOUNTS_RECE_TDAYS":1.673718966853,"INVENTORY_TDAYS":1.734338437498,"CURRENT_ASSETS_TDAYS":0.570599213732,"TOTAL_ASSETS_TDAYS":0.335741384808,"PREMIUM_EXPENSE":null,"LOAN_DEPOSIT":null,"LOAN_EQUITY":null,"LOAN_ASSETS":null,"DEPOSIT_EQUITY":null,"DEPOSIT_ASSETS":null,"EQUITY_MULTIPLIER":6.475072306879,"EQUITY_RATIO":5.928368861457},{"SECUCODE":"80992.HK","SECURITY_CODE":"80992","SECURITY_NAME_ABBR":"联想集团–R","ORG_CODE":"10009194","STD_REPORT_DATE":"2022-12-31 00:00:00","REPORT_DATE":"2023-03-31 00:00:00","DATE_TYPE_CODE":"001","REPORT_TYPE":"2022年年报","PER_NETCASH_OPERATE":1.587251592909,"PER_OI":35.098583740289,"BPS":3.095308082892,"BASIC_EPS":0.9276795,"DILUTED_EPS":0.87545458,"OPERATE_INCOME":425680196631.8,"OPERATE_INCOME_YOY":-13.5040532146,"GROSS_PROFIT":72160353896.4,"GROSS_PROFIT_YOY":-5.65954849036,"HOLDER_PROFIT":11047783267.4,"HOLDER_PROFIT_YOY":-20.7947707627,"GROSS_PROFIT_RATIO":16.951776114409,"EPS_TTM":1.07006774018,"OPERATE_INCOME_QOQ":-4.839890728411,"NET_PROFIT_RATIO":2.7133436026,"ROE_AVG":30.396808388247,"GROSS_PROFIT_QOQ":-4.197438395348,"ROA":3.854038944342,"HOLDER_PROFIT_QOQ":-7.607592202013,"ROE_YEARLY":30.396808388247,"ROIC_YEARLY":4.097513993499,"TOTAL_ASSETS":267446955686.9,"TOTAL_LIABILITIES":225893641481.2,"TAX_EBT":21.308931187315,"OCF_SALES":4.522266780489,"TOTAL_PARENT_EQUITY":38396242203,"DEBT_ASSET_RATIO":84.4629698256,"OPERATE_PROFIT":18339351009.1,"PRETAX_PROFIT":14677861867.9,"NETCASH_OPERATE":19250394123.4,"NETCASH_INVEST":-13159442934,"NETCASH_FINANCE":-2843344539.2,"END_CASH":29205309094.5,"DIVI_RATIO":0.325789795272,"DIVIDEND_RATE":2.97619047619,"CURRENT_RATIO":0.879183655825,"COMMON_ACS":null,"CURRENTDEBT_DEBT":79.376170183977,"ISSUED_COMMON_SHARES":12404659302,"HK_COMMON_SHARES":12404659302,"PER_SHARES":2000,"TOTAL_MARKET_CAP":145878793391.52,"HKSK_MARKET_CAP":145878793391.52,"PE_TTM":17.511706786138,"PB_TTM":3.800708849352,"REPORT_DATE_SQ":"2021-12-31 00:00:00","REPORT_TYPE_SQ":"2021年年报","OPERATE_INCOME_SQ":454646758811.2,"DPS_HKD":0.34861715,"OPERATE_INCOME_QOQ_SQ":4.580116584721,"NET_PROFIT_RATIO_SQ":2.9955116447,"HOLDER_PROFIT_SQ":12885690627.6,"HOLDER_PROFIT_QOQ_SQ":14.652393154836,"ROE_AVG_SQ":47.482927713627,"PE_TTM_SQ":14.564267761502,"PB_TTM_SQ":2.611531138452,"ROA_SQ":4.92070679079,"START_DATE":"2022-04-01 00:00:00","FISCAL_YEAR":"3-31","CURRENCY":"CNY","IS_CNY_CODE":1,"DPS_HKD_LY":0.38,"ORG_TYPE":"一般企业","PREMIUM_INCOME":null,"PREMIUM_INCOME_YOY":null,"NET_INTEREST_INCOME":null,"NET_INTEREST_INCOME_YOY":null,"FEE_COMMISSION_INCOME":null,"FEE_COMMISSION_INCOME_YOY":null,"ACCOUNTS_RECE_TDAYS":6.442755652973,"INVENTORY_TDAYS":7.012534455577,"CURRENT_ASSETS_TDAYS":2.385428500552,"TOTAL_ASSETS_TDAYS":1.48499297637,"PREMIUM_EXPENSE":null,"LOAN_DEPOSIT":null,"LOAN_EQUITY":null,"LOAN_ASSETS":null,"DEPOSIT_EQUITY":null,"DEPOSIT_ASSETS":null,"EQUITY_MULTIPLIER":6.436236454298,"EQUITY_RATIO":5.883222641604},{"SECUCODE":"80992.HK","SECURITY_CODE":"80992","SECURITY_NAME_ABBR":"联想集团–R","ORG_CODE":"10009194","STD_REPORT_DATE":"2022-09-30 00:00:00","REPORT_DATE":"2022-12-31 00:00:00","DATE_TYPE_CODE":"004","REPORT_TYPE":"2022年三季报","PER_NETCASH_OPERATE":1.468381814319,"PER_OI":28.317364871604,"BPS":2.989491103091,"BASIC_EPS":0.87545022,"DILUTED_EPS":0.81346528,"OPERATE_INCOME":343436690660.6,"OPERATE_INCOME_YOY":-10.2189392565,"GROSS_PROFIT":58208176712,"GROSS_PROFIT_YOY":-0.599061547027,"HOLDER_PROFIT":10405913329,"HOLDER_PROFIT_YOY":-7.6369806912,"GROSS_PROFIT_RATIO":16.948735617047,"EPS_TTM":1.158177133472,"OPERATE_INCOME_QOQ":2.527678182649,"NET_PROFIT_RATIO":3.1944813328,"ROE_AVG":28.96911807846,"GROSS_PROFIT_QOQ":2.544963863105,"ROA":3.464249551636,"HOLDER_PROFIT_QOQ":5.328015560833,"ROE_YEARLY":38.62549077128,"ROIC_YEARLY":3.675939773994,"TOTAL_ASSETS":290762592073.2,"TOTAL_LIABILITIES":250343877238.6,"TAX_EBT":21.455838401728,"OCF_SALES":5.185446530697,"TOTAL_PARENT_EQUITY":37083618620.2,"DEBT_ASSET_RATIO":86.099066408,"OPERATE_PROFIT":16562675445.8,"PRETAX_PROFIT":13967964963.6,"NETCASH_OPERATE":17808725961,"NETCASH_INVEST":-11150505679.6,"NETCASH_FINANCE":2196293574.6,"END_CASH":34954617010.8,"DIVI_RATIO":0.301005036212,"DIVIDEND_RATE":2.97619047619,"CURRENT_RATIO":0.903683419503,"COMMON_ACS":null,"CURRENTDEBT_DEBT":80.448127261307,"ISSUED_COMMON_SHARES":12404659302,"HK_COMMON_SHARES":12404659302,"PER_SHARES":2000,"TOTAL_MARKET_CAP":145878793391.52,"HKSK_MARKET_CAP":145878793391.52,"PE_TTM":17.511706786138,"PB_TTM":3.800708849352,"REPORT_DATE_SQ":"2021-09-30 00:00:00","REPORT_TYPE_SQ":"2021年三季报","OPERATE_INCOME_SQ":350181866870.6,"DPS_HKD":0.34861715,"OPERATE_INCOME_QOQ_SQ":5.080504697218,"NET_PROFIT_RATIO_SQ":3.1387929217,"HOLDER_PROFIT_SQ":10313682983.5,"HOLDER_PROFIT_QOQ_SQ":13.810661564866,"ROE_AVG_SQ":40.224754640075,"PE_TTM_SQ":14.564267761502,"PB_TTM_SQ":2.611531138452,"ROA_SQ":3.868283679892,"START_DATE":"2022-04-01 00:00:00","FISCAL_YEAR":"3-31","CURRENCY":"CNY","IS_CNY_CODE":1,"DPS_HKD_LY":0.38,"ORG_TYPE":"一般企业","PREMIUM_INCOME":null,"PREMIUM_INCOME_YOY":null,"NET_INTEREST_INCOME":null,"NET_INTEREST_INCOME_YOY":null,"FEE_COMMISSION_INCOME":null,"FEE_COMMISSION_INCOME_YOY":null,"ACCOUNTS_RECE_TDAYS":4.792654253737,"INVENTORY_TDAYS":5.183165827285,"CURRENT_ASSETS_TDAYS":1.788962690286,"TOTAL_ASSETS_TDAYS":1.143340679497,"PREMIUM_EXPENSE":null,"LOAN_DEPOSIT":null,"LOAN_EQUITY":null,"LOAN_ASSETS":null,"DEPOSIT_EQUITY":null,"DEPOSIT_ASSETS":null,"EQUITY_MULTIPLIER":7.193761436106,"EQUITY_RATIO":6.750794193052}],"count":99},"success":true,"message":"ok","code":0}