{"version":"c2340b57bab30ad9fd37298d038f5b89","result":{"pages":4,"data":[{"SECUCODE":"81299.HK","SECURITY_CODE":"81299","SECURITY_NAME_ABBR":"友邦保险-R","ORG_CODE":"10180783","STD_REPORT_DATE":"2024-06-30 00:00:00","REPORT_DATE":"2024-06-30 00:00:00","DATE_TYPE_CODE":"002","REPORT_TYPE":"2024年中报","PER_NETCASH_OPERATE":1.476848089223,"PER_OI":5.230371087208,"BPS":26.136611662033,"BASIC_EPS":2.13804,"DILUTED_EPS":2.13804,"OPERATE_INCOME":58582296000,"OPERATE_INCOME_YOY":-19.5616009394,"GROSS_PROFIT":null,"GROSS_PROFIT_YOY":null,"HOLDER_PROFIT":23618215200,"HOLDER_PROFIT_YOY":47.2888888889,"GROSS_PROFIT_RATIO":null,"EPS_TTM":3.037339765959,"OPERATE_INCOME_QOQ":-12.200741779852,"NET_PROFIT_RATIO":40.3892944039,"ROE_AVG":8.235995824842,"GROSS_PROFIT_QOQ":null,"ROA":1.151566116018,"HOLDER_PROFIT_QOQ":27.608264090285,"ROE_YEARLY":16.471991649684,"ROIC_YEARLY":2.393034637263,"TOTAL_ASSETS":2061391266000,"TOTAL_LIABILITIES":1778685363600,"TAX_EBT":13.586673607496,"OCF_SALES":28.23600973236,"TOTAL_PARENT_EQUITY":280546482000,"DEBT_ASSET_RATIO":86.285674774,"OPERATE_PROFIT":24915292800,"PRETAX_PROFIT":27381165600,"NETCASH_OPERATE":16541302800,"NETCASH_INVEST":-5074281600,"NETCASH_FINANCE":-26183863200,"END_CASH":65901519600,"DIVI_RATIO":0.488973532249,"DIVIDEND_RATE":2.848948374761,"CURRENT_RATIO":null,"COMMON_ACS":null,"CURRENTDEBT_DEBT":null,"ISSUED_COMMON_SHARES":10733850494,"HK_COMMON_SHARES":10733850494,"PER_SHARES":200,"TOTAL_MARKET_CAP":561380380836.2,"HKSK_MARKET_CAP":561380380836.2,"PE_TTM":16.501748671413,"PB_TTM":2.001024489183,"REPORT_DATE_SQ":"2023-06-30 00:00:00","REPORT_TYPE_SQ":"2023年中报","OPERATE_INCOME_SQ":73840450200,"DPS_HKD":1.485178754,"OPERATE_INCOME_QOQ_SQ":182.241516276534,"NET_PROFIT_RATIO_SQ":22.0667384284,"HOLDER_PROFIT_SQ":16258050000,"HOLDER_PROFIT_QOQ_SQ":300.524852837338,"ROE_AVG_SQ":5.204538357448,"PE_TTM_SQ":84.471340641352,"PB_TTM_SQ":2.200469955356,"ROA_SQ":0.777254426464,"START_DATE":"2024-01-01 00:00:00","FISCAL_YEAR":"12-31","CURRENCY":"CNY","IS_CNY_CODE":1,"DPS_HKD_LY":1.6357,"ORG_TYPE":"保险","PREMIUM_INCOME":67483669200,"PREMIUM_INCOME_YOY":13.374042145594,"NET_INTEREST_INCOME":null,"NET_INTEREST_INCOME_YOY":null,"FEE_COMMISSION_INCOME":null,"FEE_COMMISSION_INCOME_YOY":null,"ACCOUNTS_RECE_TDAYS":null,"INVENTORY_TDAYS":null,"CURRENT_ASSETS_TDAYS":null,"TOTAL_ASSETS_TDAYS":0.014782022503,"PREMIUM_EXPENSE":null,"LOAN_DEPOSIT":null,"LOAN_EQUITY":null,"LOAN_ASSETS":null,"DEPOSIT_EQUITY":null,"DEPOSIT_ASSETS":null,"EQUITY_MULTIPLIER":7.29164565898,"EQUITY_RATIO":6.340073669503},{"SECUCODE":"81299.HK","SECURITY_CODE":"81299","SECURITY_NAME_ABBR":"友邦保险-R","ORG_CODE":"10180783","STD_REPORT_DATE":"2023-12-31 00:00:00","REPORT_DATE":"2023-12-31 00:00:00","DATE_TYPE_CODE":"001","REPORT_TYPE":"2023年年报","PER_NETCASH_OPERATE":6.784243931087,"PER_OI":10.970729470758,"BPS":27.126973667349,"BASIC_EPS":2.337291,"DILUTED_EPS":2.337291,"OPERATE_INCOME":125059233900,"OPERATE_INCOME_YOY":167.5297357249,"GROSS_PROFIT":null,"GROSS_PROFIT_YOY":null,"HOLDER_PROFIT":26659282800,"HOLDER_PROFIT_YOY":12.9990993696,"GROSS_PROFIT_RATIO":null,"EPS_TTM":2.338666009398,"OPERATE_INCOME_QOQ":-66.708144439474,"NET_PROFIT_RATIO":21.4136036699,"ROE_AVG":8.775631535386,"GROSS_PROFIT_QOQ":null,"ROA":1.277302597533,"HOLDER_PROFIT_QOQ":238.90166718427,"ROE_YEARLY":8.775631535386,"ROIC_YEARLY":1.32329029593,"TOTAL_ASSETS":2027911581300,"TOTAL_LIABILITIES":1733313757500,"TAX_EBT":17.156003505697,"OCF_SALES":61.83949708331,"TOTAL_PARENT_EQUITY":291176879700,"DEBT_ASSET_RATIO":85.4728467199,"OPERATE_PROFIT":30866406600,"PRETAX_PROFIT":32325442800,"NETCASH_OPERATE":77336001300,"NETCASH_INVEST":-15135729900,"NETCASH_FINANCE":-42984906300,"END_CASH":81096915000,"DIVI_RATIO":0.635053807612,"DIVIDEND_RATE":2.991967871486,"CURRENT_RATIO":null,"COMMON_ACS":null,"CURRENTDEBT_DEBT":null,"ISSUED_COMMON_SHARES":10733850494,"HK_COMMON_SHARES":10733850494,"PER_SHARES":200,"TOTAL_MARKET_CAP":534545754601.2,"HKSK_MARKET_CAP":534545754601.2,"PE_TTM":15.712946153659,"PB_TTM":1.90537322297,"REPORT_DATE_SQ":"2022-12-31 00:00:00","REPORT_TYPE_SQ":"2022年年报","OPERATE_INCOME_SQ":-182103396200,"DPS_HKD":1.485178754,"OPERATE_INCOME_QOQ_SQ":-20.490882727058,"NET_PROFIT_RATIO_SQ":1.6745159602,"HOLDER_PROFIT_SQ":23199082600,"HOLDER_PROFIT_QOQ_SQ":-91.293126905997,"ROE_AVG_SQ":0.572222842243,"PE_TTM_SQ":82.761701876696,"PB_TTM_SQ":2.15593403693,"ROA_SQ":0.087724482908,"START_DATE":"2023-01-01 00:00:00","FISCAL_YEAR":"12-31","CURRENCY":"CNY","IS_CNY_CODE":1,"DPS_HKD_LY":1.5569,"ORG_TYPE":"保险","PREMIUM_INCOME":124046407800,"PREMIUM_INCOME_YOY":7.322752619646,"NET_INTEREST_INCOME":null,"NET_INTEREST_INCOME_YOY":null,"FEE_COMMISSION_INCOME":null,"FEE_COMMISSION_INCOME_YOY":null,"ACCOUNTS_RECE_TDAYS":null,"INVENTORY_TDAYS":null,"CURRENT_ASSETS_TDAYS":null,"TOTAL_ASSETS_TDAYS":0.033381577184,"PREMIUM_EXPENSE":null,"LOAN_DEPOSIT":null,"LOAN_EQUITY":null,"LOAN_ASSETS":null,"DEPOSIT_EQUITY":null,"DEPOSIT_ASSETS":null,"EQUITY_MULTIPLIER":6.883661104959,"EQUITY_RATIO":5.952786358882},{"SECUCODE":"81299.HK","SECURITY_CODE":"81299","SECURITY_NAME_ABBR":"友邦保险-R","ORG_CODE":"10180783","STD_REPORT_DATE":"2023-06-30 00:00:00","REPORT_DATE":"2023-06-30 00:00:00","DATE_TYPE_CODE":"002","REPORT_TYPE":"2023年中报","PER_NETCASH_OPERATE":2.3607023585,"PER_OI":6.373584518232,"BPS":28.132812914508,"BASIC_EPS":1.372902,"DILUTED_EPS":1.372902,"OPERATE_INCOME":73840450200,"OPERATE_INCOME_YOY":140.6516031506,"GROSS_PROFIT":null,"GROSS_PROFIT_YOY":null,"HOLDER_PROFIT":16258050000,"HOLDER_PROFIT_YOY":45.8198314971,"GROSS_PROFIT_RATIO":null,"EPS_TTM":0.67899123754,"OPERATE_INCOME_QOQ":182.241516276534,"NET_PROFIT_RATIO":22.0667384284,"ROE_AVG":5.204538357448,"GROSS_PROFIT_QOQ":null,"ROA":0.777254426464,"HOLDER_PROFIT_QOQ":300.524852837338,"ROE_YEARLY":10.409076714895,"ROIC_YEARLY":1.59762557337,"TOTAL_ASSETS":1993692155400,"TOTAL_LIABILITIES":1688214234600,"TAX_EBT":13.964135826021,"OCF_SALES":37.038849202466,"TOTAL_PARENT_EQUITY":301973407800,"DEBT_ASSET_RATIO":84.6777788651,"OPERATE_PROFIT":17811597000,"PRETAX_PROFIT":18938821800,"NETCASH_OPERATE":27349653000,"NETCASH_INVEST":-9386314200,"NETCASH_FINANCE":-28238426400,"END_CASH":52379824200,"DIVI_RATIO":2.187331252435,"DIVIDEND_RATE":2.991967871486,"CURRENT_RATIO":null,"COMMON_ACS":null,"CURRENTDEBT_DEBT":null,"ISSUED_COMMON_SHARES":10733850494,"HK_COMMON_SHARES":10733850494,"PER_SHARES":200,"TOTAL_MARKET_CAP":534545754601.2,"HKSK_MARKET_CAP":534545754601.2,"PE_TTM":15.712946153659,"PB_TTM":1.90537322297,"REPORT_DATE_SQ":"2022-06-30 00:00:00","REPORT_TYPE_SQ":"2022年中报","OPERATE_INCOME_SQ":-168711173200,"DPS_HKD":1.485178754,"OPERATE_INCOME_QOQ_SQ":-44.755387146606,"NET_PROFIT_RATIO_SQ":-18.0402336145,"HOLDER_PROFIT_SQ":10355690200,"HOLDER_PROFIT_QOQ_SQ":-52.363288341166,"ROE_AVG_SQ":-1.125489075266,"PE_TTM_SQ":82.761701876696,"PB_TTM_SQ":2.15593403693,"ROA_SQ":-0.178049130334,"START_DATE":"2023-01-01 00:00:00","FISCAL_YEAR":"12-31","CURRENCY":"CNY","IS_CNY_CODE":1,"DPS_HKD_LY":1.5569,"ORG_TYPE":"保险","PREMIUM_INCOME":60349881600,"PREMIUM_INCOME_YOY":1.334627517593,"NET_INTEREST_INCOME":null,"NET_INTEREST_INCOME_YOY":null,"FEE_COMMISSION_INCOME":null,"FEE_COMMISSION_INCOME_YOY":null,"ACCOUNTS_RECE_TDAYS":null,"INVENTORY_TDAYS":null,"CURRENT_ASSETS_TDAYS":null,"TOTAL_ASSETS_TDAYS":0.021994573037,"PREMIUM_EXPENSE":null,"LOAN_DEPOSIT":null,"LOAN_EQUITY":null,"LOAN_ASSETS":null,"DEPOSIT_EQUITY":null,"DEPOSIT_ASSETS":null,"EQUITY_MULTIPLIER":6.526468918545,"EQUITY_RATIO":5.590605632792},{"SECUCODE":"81299.HK","SECURITY_CODE":"81299","SECURITY_NAME_ABBR":"友邦保险-R","ORG_CODE":"10180783","STD_REPORT_DATE":"2022-12-31 00:00:00","REPORT_DATE":"2022-12-31 00:00:00","DATE_TYPE_CODE":"001","REPORT_TYPE":"2022年年报","PER_NETCASH_OPERATE":5.833161363064,"PER_OI":-15.457552463771,"BPS":24.718380580045,"BASIC_EPS":1.950088,"DILUTED_EPS":1.950088,"OPERATE_INCOME":-182103396200,"OPERATE_INCOME_YOY":-59.7895844292,"GROSS_PROFIT":null,"GROSS_PROFIT_YOY":null,"HOLDER_PROFIT":23199082600,"HOLDER_PROFIT_YOY":-96.2030429514,"GROSS_PROFIT_RATIO":null,"EPS_TTM":0.1667124257,"OPERATE_INCOME_QOQ":-20.490882727058,"NET_PROFIT_RATIO":1.6745159602,"ROE_AVG":0.572222842243,"GROSS_PROFIT_QOQ":null,"ROA":0.087724482908,"HOLDER_PROFIT_QOQ":-91.293126905997,"ROE_YEARLY":0.572222842243,"ROIC_YEARLY":0.089667277167,"TOTAL_ASSETS":1883722326600,"TOTAL_LIABILITIES":1569284565800,"TAX_EBT":16.995559940799,"OCF_SALES":51.632653061225,"TOTAL_PARENT_EQUITY":311122611200,"DEBT_ASSET_RATIO":87.2792428922,"OPERATE_PROFIT":25553117400,"PRETAX_PROFIT":28234488400,"NETCASH_OPERATE":68719708200,"NETCASH_INVEST":-5690078200,"NETCASH_FINANCE":-33332575600,"END_CASH":61051683600,"DIVI_RATIO":8.908626623133,"DIVIDEND_RATE":2.991967871486,"CURRENT_RATIO":null,"COMMON_ACS":null,"CURRENTDEBT_DEBT":null,"ISSUED_COMMON_SHARES":10733850494,"HK_COMMON_SHARES":10733850494,"PER_SHARES":200,"TOTAL_MARKET_CAP":534545754601.2,"HKSK_MARKET_CAP":534545754601.2,"PE_TTM":15.712946153659,"PB_TTM":1.90537322297,"REPORT_DATE_SQ":"2021-12-31 00:00:00","REPORT_TYPE_SQ":"2021年年报","OPERATE_INCOME_SQ":303005142500,"DPS_HKD":1.485178754,"OPERATE_INCOME_QOQ_SQ":-12.343114683921,"NET_PROFIT_RATIO_SQ":15.7327722251,"HOLDER_PROFIT_SQ":47352323900,"HOLDER_PROFIT_QOQ_SQ":9.823474190028,"ROE_AVG_SQ":12.011288379277,"PE_TTM_SQ":82.761701876696,"PB_TTM_SQ":2.15593403693,"ROA_SQ":2.230347074678,"START_DATE":"2022-01-01 00:00:00","FISCAL_YEAR":"12-31","CURRENCY":"CNY","IS_CNY_CODE":1,"DPS_HKD_LY":1.4828,"ORG_TYPE":"保险","PREMIUM_INCOME":113655307400,"PREMIUM_INCOME_YOY":-56.040729466907,"NET_INTEREST_INCOME":null,"NET_INTEREST_INCOME_YOY":null,"FEE_COMMISSION_INCOME":null,"FEE_COMMISSION_INCOME_YOY":null,"ACCOUNTS_RECE_TDAYS":null,"INVENTORY_TDAYS":null,"CURRENT_ASSETS_TDAYS":null,"TOTAL_ASSETS_TDAYS":0.036841172024,"PREMIUM_EXPENSE":null,"LOAN_DEPOSIT":null,"LOAN_EQUITY":null,"LOAN_ASSETS":null,"DEPOSIT_EQUITY":null,"DEPOSIT_ASSETS":null,"EQUITY_MULTIPLIER":7.861167315166,"EQUITY_RATIO":5.043942514327},{"SECUCODE":"81299.HK","SECURITY_CODE":"81299","SECURITY_NAME_ABBR":"友邦保险-R","ORG_CODE":"10180783","STD_REPORT_DATE":"2022-06-30 00:00:00","REPORT_DATE":"2022-06-30 00:00:00","DATE_TYPE_CODE":"002","REPORT_TYPE":"2022年中报","PER_NETCASH_OPERATE":2.872068579705,"PER_OI":-14.051782786417,"BPS":25.635479099864,"BASIC_EPS":0.872482,"DILUTED_EPS":0.872482,"OPERATE_INCOME":-168711173200,"OPERATE_INCOME_YOY":-87.2613044557,"GROSS_PROFIT":null,"GROSS_PROFIT_YOY":null,"HOLDER_PROFIT":10355690200,"HOLDER_PROFIT_YOY":-117.5963020031,"GROSS_PROFIT_RATIO":null,"EPS_TTM":1.878757185797,"OPERATE_INCOME_QOQ":-44.755387146606,"NET_PROFIT_RATIO":-18.0402336145,"ROE_AVG":-1.125489075266,"GROSS_PROFIT_QOQ":null,"ROA":-0.178049130334,"HOLDER_PROFIT_QOQ":-52.363288341166,"ROE_YEARLY":-2.250978150532,"ROIC_YEARLY":-0.363333248492,"TOTAL_ASSETS":2023634750800,"TOTAL_LIABILITIES":1745527757600,"TAX_EBT":13.856427378965,"OCF_SALES":166.709928617781,"TOTAL_PARENT_EQUITY":275167400000,"DEBT_ASSET_RATIO":86.2570558699,"OPERATE_PROFIT":-161657491800,"PRETAX_PROFIT":12060385800,"NETCASH_OPERATE":34483173200,"NETCASH_INVEST":-3140935200,"NETCASH_FINANCE":-16906016600,"END_CASH":44711346800,"DIVI_RATIO":0.790511283325,"DIVIDEND_RATE":2.991967871486,"CURRENT_RATIO":null,"COMMON_ACS":null,"CURRENTDEBT_DEBT":null,"ISSUED_COMMON_SHARES":10733850494,"HK_COMMON_SHARES":10733850494,"PER_SHARES":200,"TOTAL_MARKET_CAP":534545754601.2,"HKSK_MARKET_CAP":534545754601.2,"PE_TTM":15.712946153659,"PB_TTM":1.90537322297,"REPORT_DATE_SQ":"2021-06-30 00:00:00","REPORT_TYPE_SQ":"2021年中报","OPERATE_INCOME_SQ":156295659400,"DPS_HKD":1.485178754,"OPERATE_INCOME_QOQ_SQ":5.199337943895,"NET_PROFIT_RATIO_SQ":13.5116144499,"HOLDER_PROFIT_SQ":20963024500,"HOLDER_PROFIT_QOQ_SQ":14.345628221578,"ROE_AVG_SQ":5.313400576369,"PE_TTM_SQ":82.761701876696,"PB_TTM_SQ":2.15593403693,"ROA_SQ":0.989311171137,"START_DATE":"2022-01-01 00:00:00","FISCAL_YEAR":"12-31","CURRENCY":"CNY","IS_CNY_CODE":1,"DPS_HKD_LY":1.4828,"ORG_TYPE":"保险","PREMIUM_INCOME":55315358800,"PREMIUM_INCOME_YOY":-55.709602880327,"NET_INTEREST_INCOME":null,"NET_INTEREST_INCOME_YOY":null,"FEE_COMMISSION_INCOME":null,"FEE_COMMISSION_INCOME_YOY":null,"ACCOUNTS_RECE_TDAYS":null,"INVENTORY_TDAYS":null,"CURRENT_ASSETS_TDAYS":null,"TOTAL_ASSETS_TDAYS":-0.001524799032,"PREMIUM_EXPENSE":null,"LOAN_DEPOSIT":null,"LOAN_EQUITY":null,"LOAN_ASSETS":null,"DEPOSIT_EQUITY":null,"DEPOSIT_ASSETS":null,"EQUITY_MULTIPLIER":7.276461219178,"EQUITY_RATIO":6.343512195122},{"SECUCODE":"81299.HK","SECURITY_CODE":"81299","SECURITY_NAME_ABBR":"友邦保险-R","ORG_CODE":"10180783","STD_REPORT_DATE":"2021-12-31 00:00:00","REPORT_DATE":"2021-12-31 00:00:00","DATE_TYPE_CODE":"001","REPORT_TYPE":"2021年年报","PER_NETCASH_OPERATE":2.060230165811,"PER_OI":25.047950532152,"BPS":35.916230817217,"BASIC_EPS":3.952934,"DILUTED_EPS":3.889177,"OPERATE_INCOME":303005142500,"OPERATE_INCOME_YOY":-5.627593876,"GROSS_PROFIT":null,"GROSS_PROFIT_YOY":null,"HOLDER_PROFIT":47352323900,"HOLDER_PROFIT_YOY":28.5170444714,"GROSS_PROFIT_RATIO":null,"EPS_TTM":3.914384610253,"OPERATE_INCOME_QOQ":-12.343114683921,"NET_PROFIT_RATIO":15.7327722251,"ROE_AVG":12.011288379277,"GROSS_PROFIT_QOQ":null,"ROA":2.230347074678,"HOLDER_PROFIT_QOQ":9.823474190028,"ROE_YEARLY":12.011288379277,"ROIC_YEARLY":2.269685171716,"TOTAL_ASSETS":2166934661800,"TOTAL_LIABILITIES":1778437758000,"TAX_EBT":11.702881435994,"OCF_SALES":8.225144660705,"TOTAL_PARENT_EQUITY":385519451900,"DEBT_ASSET_RATIO":82.0715912368,"OPERATE_PROFIT":54059560300,"PRETAX_PROFIT":53989427600,"NETCASH_OPERATE":24922611300,"NETCASH_INVEST":-17730821700,"NETCASH_FINANCE":-10590037700,"END_CASH":29933911500,"DIVI_RATIO":0.379415643039,"DIVIDEND_RATE":2.991967871486,"CURRENT_RATIO":null,"COMMON_ACS":null,"CURRENTDEBT_DEBT":null,"ISSUED_COMMON_SHARES":10733850494,"HK_COMMON_SHARES":10733850494,"PER_SHARES":200,"TOTAL_MARKET_CAP":534545754601.2,"HKSK_MARKET_CAP":534545754601.2,"PE_TTM":15.712946153659,"PB_TTM":1.90537322297,"REPORT_DATE_SQ":"2020-12-31 00:00:00","REPORT_TYPE_SQ":"2020年年报","OPERATE_INCOME_SQ":328587439100,"DPS_HKD":1.485178754,"OPERATE_INCOME_QOQ_SQ":8.84317632493,"NET_PROFIT_RATIO_SQ":11.475605155,"HOLDER_PROFIT_SQ":37707397100,"HOLDER_PROFIT_QOQ_SQ":-2.914378129023,"ROE_AVG_SQ":9.782728296106,"PE_TTM_SQ":82.761701876696,"PB_TTM_SQ":2.15593403693,"ROA_SQ":1.893968567135,"START_DATE":"2021-01-01 00:00:00","FISCAL_YEAR":"12-31","CURRENCY":"CNY","IS_CNY_CODE":1,"DPS_HKD_LY":1.383,"ORG_TYPE":"保险","PREMIUM_INCOME":236685111100,"PREMIUM_INCOME_YOY":3.753493571828,"NET_INTEREST_INCOME":null,"NET_INTEREST_INCOME_YOY":null,"FEE_COMMISSION_INCOME":null,"FEE_COMMISSION_INCOME_YOY":null,"ACCOUNTS_RECE_TDAYS":null,"INVENTORY_TDAYS":null,"CURRENT_ASSETS_TDAYS":null,"TOTAL_ASSETS_TDAYS":0.14271878918,"PREMIUM_EXPENSE":123.516885709533,"LOAN_DEPOSIT":null,"LOAN_EQUITY":null,"LOAN_ASSETS":null,"DEPOSIT_EQUITY":null,"DEPOSIT_ASSETS":null,"EQUITY_MULTIPLIER":5.577739849688,"EQUITY_RATIO":4.613094745894},{"SECUCODE":"81299.HK","SECURITY_CODE":"81299","SECURITY_NAME_ABBR":"友邦保险-R","ORG_CODE":"10180783","STD_REPORT_DATE":"2021-06-30 00:00:00","REPORT_DATE":"2021-06-30 00:00:00","DATE_TYPE_CODE":"002","REPORT_TYPE":"2021年中报","PER_NETCASH_OPERATE":1.652322812623,"PER_OI":12.920587630446,"BPS":35.47507342429,"BASIC_EPS":1.744227,"DILUTED_EPS":1.744227,"OPERATE_INCOME":156295659400,"OPERATE_INCOME_YOY":23.0370219691,"GROSS_PROFIT":null,"GROSS_PROFIT_YOY":null,"HOLDER_PROFIT":20963024500,"HOLDER_PROFIT_YOY":47.701411015,"GROSS_PROFIT_RATIO":null,"EPS_TTM":3.564359236537,"OPERATE_INCOME_QOQ":5.199337943895,"NET_PROFIT_RATIO":13.5116144499,"ROE_AVG":5.313400576369,"GROSS_PROFIT_QOQ":null,"ROA":0.989311171137,"HOLDER_PROFIT_QOQ":14.345628221578,"ROE_YEARLY":10.626801152738,"ROIC_YEARLY":2.020853086472,"TOTAL_ASSETS":2131128849100,"TOTAL_LIABILITIES":1747289087400,"TAX_EBT":11.9816908993,"OCF_SALES":12.788294618501,"TOTAL_PARENT_EQUITY":380784134400,"DEBT_ASSET_RATIO":81.9888993637,"OPERATE_PROFIT":23979891200,"PRETAX_PROFIT":23992811400,"NETCASH_OPERATE":19987549400,"NETCASH_INVEST":-1272639700,"NETCASH_FINANCE":-8184946700,"END_CASH":44762032900,"DIVI_RATIO":0.416674823002,"DIVIDEND_RATE":2.991967871486,"CURRENT_RATIO":null,"COMMON_ACS":null,"CURRENTDEBT_DEBT":null,"ISSUED_COMMON_SHARES":10733850494,"HK_COMMON_SHARES":10733850494,"PER_SHARES":200,"TOTAL_MARKET_CAP":534545754601.2,"HKSK_MARKET_CAP":534545754601.2,"PE_TTM":15.712946153659,"PB_TTM":1.90537322297,"REPORT_DATE_SQ":"2020-06-30 00:00:00","REPORT_TYPE_SQ":"2020年中报","OPERATE_INCOME_SQ":139211288000,"DPS_HKD":1.485178754,"OPERATE_INCOME_QOQ_SQ":-8.398506963932,"NET_PROFIT_RATIO_SQ":11.1015052889,"HOLDER_PROFIT_SQ":15553661500,"HOLDER_PROFIT_QOQ_SQ":-16.254456746543,"ROE_AVG_SQ":3.931955866167,"PE_TTM_SQ":82.761701876696,"PB_TTM_SQ":2.15593403693,"ROA_SQ":0.763727630463,"START_DATE":"2021-01-01 00:00:00","FISCAL_YEAR":"12-31","CURRENCY":"CNY","IS_CNY_CODE":1,"DPS_HKD_LY":1.383,"ORG_TYPE":"保险","PREMIUM_INCOME":120216000900,"PREMIUM_INCOME_YOY":7.765809589993,"NET_INTEREST_INCOME":null,"NET_INTEREST_INCOME_YOY":null,"FEE_COMMISSION_INCOME":null,"FEE_COMMISSION_INCOME_YOY":null,"ACCOUNTS_RECE_TDAYS":null,"INVENTORY_TDAYS":null,"CURRENT_ASSETS_TDAYS":null,"TOTAL_ASSETS_TDAYS":0.073760845838,"PREMIUM_EXPENSE":115.799626633479,"LOAN_DEPOSIT":null,"LOAN_EQUITY":null,"LOAN_ASSETS":null,"DEPOSIT_EQUITY":null,"DEPOSIT_ASSETS":null,"EQUITY_MULTIPLIER":5.552131544835,"EQUITY_RATIO":4.588660423453},{"SECUCODE":"81299.HK","SECURITY_CODE":"81299","SECURITY_NAME_ABBR":"友邦保险-R","ORG_CODE":"10180783","STD_REPORT_DATE":"2020-12-31 00:00:00","REPORT_DATE":"2020-12-31 00:00:00","DATE_TYPE_CODE":"001","REPORT_TYPE":"2020年年报","PER_NETCASH_OPERATE":1.271539205221,"PER_OI":27.167349527248,"BPS":38.418056989941,"BASIC_EPS":3.131952,"DILUTED_EPS":3.131952,"OPERATE_INCOME":328587439100,"OPERATE_INCOME_YOY":6.5979425088,"GROSS_PROFIT":null,"GROSS_PROFIT_YOY":null,"HOLDER_PROFIT":37707397100,"HOLDER_PROFIT_YOY":-3.3450409768,"GROSS_PROFIT_RATIO":null,"EPS_TTM":3.117617762822,"OPERATE_INCOME_QOQ":8.84317632493,"NET_PROFIT_RATIO":11.475605155,"ROE_AVG":9.782728296106,"GROSS_PROFIT_QOQ":null,"ROA":1.893968567135,"HOLDER_PROFIT_QOQ":-2.914378129023,"ROE_YEARLY":9.782728296106,"ROIC_YEARLY":1.927049553417,"TOTAL_ASSETS":2127906912900,"TOTAL_LIABILITIES":1712479579700,"TAX_EBT":20.50894085282,"OCF_SALES":4.680394765583,"TOTAL_PARENT_EQUITY":412373680000,"DEBT_ASSET_RATIO":80.4771848486,"OPERATE_PROFIT":47546946300,"PRETAX_PROFIT":47436023000,"NETCASH_OPERATE":15379189300,"NETCASH_INVEST":-7953853100,"NETCASH_FINANCE":2557760800,"END_CASH":35188785700,"DIVI_RATIO":0.476382567392,"DIVIDEND_RATE":2.991967871486,"CURRENT_RATIO":null,"COMMON_ACS":null,"CURRENTDEBT_DEBT":null,"ISSUED_COMMON_SHARES":10733850494,"HK_COMMON_SHARES":10733850494,"PER_SHARES":200,"TOTAL_MARKET_CAP":534545754601.2,"HKSK_MARKET_CAP":534545754601.2,"PE_TTM":15.712946153659,"PB_TTM":1.90537322297,"REPORT_DATE_SQ":"2019-12-31 00:00:00","REPORT_TYPE_SQ":"2019年年报","OPERATE_INCOME_SQ":329569640400,"DPS_HKD":1.485178754,"OPERATE_INCOME_QOQ_SQ":30.208931020451,"NET_PROFIT_RATIO_SQ":14.1547775285,"HOLDER_PROFIT_SQ":41710699800,"HOLDER_PROFIT_QOQ_SQ":14.760096848504,"ROE_AVG_SQ":13.572332693643,"PE_TTM_SQ":82.761701876696,"PB_TTM_SQ":2.15593403693,"ROA_SQ":2.587082488549,"START_DATE":"2020-01-01 00:00:00","FISCAL_YEAR":"12-31","CURRENCY":"CNY","IS_CNY_CODE":1,"DPS_HKD_LY":1.283,"ORG_TYPE":"保险","PREMIUM_INCOME":233460922000,"PREMIUM_INCOME_YOY":2.884090059522,"NET_INTEREST_INCOME":null,"NET_INTEREST_INCOME_YOY":null,"FEE_COMMISSION_INCOME":null,"FEE_COMMISSION_INCOME_YOY":null,"ACCOUNTS_RECE_TDAYS":null,"INVENTORY_TDAYS":null,"CURRENT_ASSETS_TDAYS":null,"TOTAL_ASSETS_TDAYS":0.16504302314,"PREMIUM_EXPENSE":102.996632027404,"LOAN_DEPOSIT":null,"LOAN_EQUITY":null,"LOAN_ASSETS":null,"DEPOSIT_EQUITY":null,"DEPOSIT_ASSETS":null,"EQUITY_MULTIPLIER":5.122212100278,"EQUITY_RATIO":4.152737341772},{"SECUCODE":"81299.HK","SECURITY_CODE":"81299","SECURITY_NAME_ABBR":"友邦保险-R","ORG_CODE":"10180783","STD_REPORT_DATE":"2020-06-30 00:00:00","REPORT_DATE":"2020-06-30 00:00:00","DATE_TYPE_CODE":"002","REPORT_TYPE":"2020年中报","PER_NETCASH_OPERATE":1.91228909267,"PER_OI":11.513549515697,"BPS":37.465019493684,"BASIC_EPS":1.27431,"DILUTED_EPS":1.27431,"OPERATE_INCOME":139211288000,"OPERATE_INCOME_YOY":-18.9981875103,"GROSS_PROFIT":null,"GROSS_PROFIT_YOY":null,"HOLDER_PROFIT":15553661500,"HOLDER_PROFIT_YOY":-34.5936290563,"GROSS_PROFIT_RATIO":null,"EPS_TTM":3.212228412831,"OPERATE_INCOME_QOQ":-8.398506963932,"NET_PROFIT_RATIO":11.1015052889,"ROE_AVG":3.931955866167,"GROSS_PROFIT_QOQ":null,"ROA":0.763727630463,"HOLDER_PROFIT_QOQ":-16.254456746543,"ROE_YEARLY":7.863911732333,"ROIC_YEARLY":1.556649059598,"TOTAL_ASSETS":2061578718000,"TOTAL_LIABILITIES":1656241945500,"TAX_EBT":15.190365190365,"OCF_SALES":16.609031733116,"TOTAL_PARENT_EQUITY":402143918000,"DEBT_ASSET_RATIO":80.3385255697,"OPERATE_PROFIT":18208474000,"PRETAX_PROFIT":18222633000,"NETCASH_OPERATE":23121647000,"NETCASH_INVEST":-4729106000,"NETCASH_FINANCE":-3752135000,"END_CASH":40792079000,"DIVI_RATIO":0.462351540154,"DIVIDEND_RATE":2.991967871486,"CURRENT_RATIO":null,"COMMON_ACS":null,"CURRENTDEBT_DEBT":null,"ISSUED_COMMON_SHARES":10733850494,"HK_COMMON_SHARES":10733850494,"PER_SHARES":200,"TOTAL_MARKET_CAP":534545754601.2,"HKSK_MARKET_CAP":534545754601.2,"PE_TTM":15.712946153659,"PB_TTM":1.90537322297,"REPORT_DATE_SQ":"2019-06-30 00:00:00","REPORT_TYPE_SQ":"2019年中报","OPERATE_INCOME_SQ":166890217200,"DPS_HKD":1.485178754,"OPERATE_INCOME_QOQ_SQ":0,"NET_PROFIT_RATIO_SQ":15.9911023233,"HOLDER_PROFIT_SQ":23092117300,"HOLDER_PROFIT_QOQ_SQ":0,"ROE_AVG_SQ":8.554918413886,"PE_TTM_SQ":82.761701876696,"PB_TTM_SQ":2.15593403693,"ROA_SQ":1.591780742913,"START_DATE":"2020-01-01 00:00:00","FISCAL_YEAR":"12-31","CURRENCY":"CNY","IS_CNY_CODE":1,"DPS_HKD_LY":1.283,"ORG_TYPE":"保险","PREMIUM_INCOME":122248806000,"PREMIUM_INCOME_YOY":3.48175226224,"NET_INTEREST_INCOME":null,"NET_INTEREST_INCOME_YOY":null,"FEE_COMMISSION_INCOME":null,"FEE_COMMISSION_INCOME_YOY":null,"ACCOUNTS_RECE_TDAYS":null,"INVENTORY_TDAYS":null,"CURRENT_ASSETS_TDAYS":null,"TOTAL_ASSETS_TDAYS":0.068356577722,"PREMIUM_EXPENSE":132.514772465659,"LOAN_DEPOSIT":null,"LOAN_EQUITY":null,"LOAN_ASSETS":null,"DEPOSIT_EQUITY":null,"DEPOSIT_ASSETS":null,"EQUITY_MULTIPLIER":5.086088551217,"EQUITY_RATIO":4.118530385184}],"count":31},"success":true,"message":"ok","code":0}