{"version":"e0cd30b90daeb5f77d0b7bec584d9515","result":{"pages":9,"data":[{"SECUCODE":"82318.HK","SECURITY_CODE":"82318","SECURITY_NAME_ABBR":"中国平安-R","ORG_CODE":"10009951","STD_REPORT_DATE":"2024-09-30 00:00:00","REPORT_DATE":"2024-09-30 00:00:00","DATE_TYPE_CODE":"004","REPORT_TYPE":"2024年三季报","PER_NETCASH_OPERATE":22.933092791647,"PER_OI":47.325969082722,"BPS":49.858720636745,"BASIC_EPS":6.73,"DILUTED_EPS":6.58,"OPERATE_INCOME":861817000000,"OPERATE_INCOME_YOY":8.743194221,"GROSS_PROFIT":null,"GROSS_PROFIT_YOY":null,"HOLDER_PROFIT":119182000000,"HOLDER_PROFIT_YOY":36.0913502712,"GROSS_PROFIT_RATIO":null,"EPS_TTM":6.439895066202,"OPERATE_INCOME_QOQ":10.612201562903,"NET_PROFIT_RATIO":16.2510138463,"ROE_AVG":13.191510556463,"GROSS_PROFIT_QOQ":null,"ROA":0.988358783477,"HOLDER_PROFIT_QOQ":29.663987262696,"ROE_YEARLY":17.58868074195,"ROIC_YEARLY":1.102332534607,"TOTAL_ASSETS":12533736000000,"TOTAL_LIABILITIES":11254145000000,"TAX_EBT":11.68967104475,"OCF_SALES":48.457735226852,"TOTAL_PARENT_EQUITY":907939000000,"DEBT_ASSET_RATIO":89.7908253373,"OPERATE_PROFIT":158593000000,"PRETAX_PROFIT":158593000000,"NETCASH_OPERATE":417617000000,"NETCASH_INVEST":-206435000000,"NETCASH_FINANCE":-198668000000,"END_CASH":491430000000,"DIVI_RATIO":0.376359650753,"DIVIDEND_RATE":5.512528473804,"CURRENT_RATIO":null,"COMMON_ACS":null,"CURRENTDEBT_DEBT":null,"ISSUED_COMMON_SHARES":18210234607,"HK_COMMON_SHARES":7447576912,"PER_SHARES":500,"TOTAL_MARKET_CAP":799429299247.3,"HKSK_MARKET_CAP":326948626436.8,"PE_TTM":6.816881261062,"PB_TTM":0.880487895384,"REPORT_DATE_SQ":"2023-09-30 00:00:00","REPORT_TYPE_SQ":"2023年三季报","OPERATE_INCOME_SQ":792525000000,"DPS_HKD":2.423716658,"OPERATE_INCOME_QOQ_SQ":0.069289073376,"NET_PROFIT_RATIO_SQ":23.5007564691,"HOLDER_PROFIT_SQ":87575000000,"HOLDER_PROFIT_QOQ_SQ":-5.214139220654,"ROE_AVG_SQ":9.882671836614,"PE_TTM_SQ":7.196667657919,"PB_TTM_SQ":0.626094459378,"ROA_SQ":0.774898954548,"START_DATE":"2024-01-01 00:00:00","FISCAL_YEAR":"12-31","CURRENCY":"CNY","IS_CNY_CODE":1,"DPS_HKD_LY":2.66726,"ORG_TYPE":"保险","PREMIUM_INCOME":414465000000,"PREMIUM_INCOME_YOY":2.467841664545,"NET_INTEREST_INCOME":null,"NET_INTEREST_INCOME_YOY":null,"FEE_COMMISSION_INCOME":31633000000,"FEE_COMMISSION_INCOME_YOY":null,"ACCOUNTS_RECE_TDAYS":null,"INVENTORY_TDAYS":null,"CURRENT_ASSETS_TDAYS":null,"TOTAL_ASSETS_TDAYS":0.051312524327,"PREMIUM_EXPENSE":null,"LOAN_DEPOSIT":null,"LOAN_EQUITY":null,"LOAN_ASSETS":null,"DEPOSIT_EQUITY":null,"DEPOSIT_ASSETS":null,"EQUITY_MULTIPLIER":9.795111094079,"EQUITY_RATIO":12.395265540967},{"SECUCODE":"82318.HK","SECURITY_CODE":"82318","SECURITY_NAME_ABBR":"中国平安-R","ORG_CODE":"10009951","STD_REPORT_DATE":"2024-06-30 00:00:00","REPORT_DATE":"2024-06-30 00:00:00","DATE_TYPE_CODE":"002","REPORT_TYPE":"2024年中报","PER_NETCASH_OPERATE":16.742398249104,"PER_OI":18.379609446182,"BPS":51.136518562042,"BASIC_EPS":4.21,"DILUTED_EPS":4.12,"OPERATE_INCOME":334697000000,"OPERATE_INCOME_YOY":1.9249275221,"GROSS_PROFIT":null,"GROSS_PROFIT_YOY":null,"HOLDER_PROFIT":74619000000,"HOLDER_PROFIT_YOY":6.8412537048,"GROSS_PROFIT_RATIO":null,"EPS_TTM":4.96660267986,"OPERATE_INCOME_QOQ":2.517929057772,"NET_PROFIT_RATIO":26.5027771387,"ROE_AVG":8.154106147953,"GROSS_PROFIT_QOQ":null,"ROA":0.62678487933,"HOLDER_PROFIT_QOQ":7.642046130775,"ROE_YEARLY":16.308212295906,"ROIC_YEARLY":1.387585324183,"TOTAL_ASSETS":12226666000000,"TOTAL_LIABILITIES":10961716000000,"TAX_EBT":14.00901555911,"OCF_SALES":91.092241639453,"TOTAL_PARENT_EQUITY":931208000000,"DEBT_ASSET_RATIO":89.6541706464,"OPERATE_PROFIT":104046000000,"PRETAX_PROFIT":103155000000,"NETCASH_OPERATE":304883000000,"NETCASH_INVEST":-148497000000,"NETCASH_FINANCE":-155035000000,"END_CASH":482708000000,"DIVI_RATIO":0.488002929614,"DIVIDEND_RATE":5.614849187935,"CURRENT_RATIO":null,"COMMON_ACS":null,"CURRENTDEBT_DEBT":null,"ISSUED_COMMON_SHARES":18210234607,"HK_COMMON_SHARES":7447576912,"PER_SHARES":500,"TOTAL_MARKET_CAP":784861111561.7,"HKSK_MARKET_CAP":320990564907.2,"PE_TTM":6.692655634437,"PB_TTM":0.864442557883,"REPORT_DATE_SQ":"2023-06-30 00:00:00","REPORT_TYPE_SQ":"2023年中报","OPERATE_INCOME_SQ":328376000000,"DPS_HKD":2.423716658,"OPERATE_INCOME_QOQ_SQ":-1.944893130953,"NET_PROFIT_RATIO_SQ":25.4056325675,"HOLDER_PROFIT_SQ":69841000000,"HOLDER_PROFIT_QOQ_SQ":-13.985970446621,"ROE_AVG_SQ":7.815094643648,"PE_TTM_SQ":7.463210904508,"PB_TTM_SQ":0.649283143058,"ROA_SQ":0.617932208481,"START_DATE":"2024-01-01 00:00:00","FISCAL_YEAR":"12-31","CURRENCY":"CNY","IS_CNY_CODE":1,"DPS_HKD_LY":2.66726,"ORG_TYPE":"保险","PREMIUM_INCOME":274608000000,"PREMIUM_INCOME_YOY":1.969142793487,"NET_INTEREST_INCOME":null,"NET_INTEREST_INCOME_YOY":null,"FEE_COMMISSION_INCOME":21114000000,"FEE_COMMISSION_INCOME_YOY":null,"ACCOUNTS_RECE_TDAYS":null,"INVENTORY_TDAYS":null,"CURRENT_ASSETS_TDAYS":null,"TOTAL_ASSETS_TDAYS":0.014508895244,"PREMIUM_EXPENSE":null,"LOAN_DEPOSIT":null,"LOAN_EQUITY":null,"LOAN_ASSETS":null,"DEPOSIT_EQUITY":null,"DEPOSIT_ASSETS":null,"EQUITY_MULTIPLIER":9.665730661332,"EQUITY_RATIO":11.771501103942},{"SECUCODE":"82318.HK","SECURITY_CODE":"82318","SECURITY_NAME_ABBR":"中国平安-R","ORG_CODE":"10009951","STD_REPORT_DATE":"2024-03-31 00:00:00","REPORT_DATE":"2024-03-31 00:00:00","DATE_TYPE_CODE":"003","REPORT_TYPE":"2024年一季报","PER_NETCASH_OPERATE":4.116256688488,"PER_OI":9.09818042302,"BPS":49.6956804528,"BASIC_EPS":2.07,"DILUTED_EPS":2.03,"OPERATE_INCOME":165680000000,"OPERATE_INCOME_YOY":-4.7449305192,"GROSS_PROFIT":null,"GROSS_PROFIT_YOY":null,"HOLDER_PROFIT":36709000000,"HOLDER_PROFIT_YOY":-4.2840008344,"GROSS_PROFIT_RATIO":null,"EPS_TTM":4.613998765711,"OPERATE_INCOME_QOQ":-1.405814036678,"NET_PROFIT_RATIO":27.1909705456,"ROE_AVG":4.069776788115,"GROSS_PROFIT_QOQ":null,"ROA":0.311545846289,"HOLDER_PROFIT_QOQ":-1.917936146618,"ROE_YEARLY":16.279107152459,"ROIC_YEARLY":1.378220195634,"TOTAL_ASSETS":11982296000000,"TOTAL_LIABILITIES":10740156000000,"TAX_EBT":14.381283615562,"OCF_SALES":45.242636407533,"TOTAL_PARENT_EQUITY":904970000000,"DEBT_ASSET_RATIO":89.6335393484,"OPERATE_PROFIT":53148000000,"PRETAX_PROFIT":52617000000,"NETCASH_OPERATE":74958000000,"NETCASH_INVEST":-177000000,"NETCASH_FINANCE":-12022000000,"END_CASH":544102000000,"DIVI_RATIO":0.525296338615,"DIVIDEND_RATE":5.614849187935,"CURRENT_RATIO":null,"COMMON_ACS":null,"CURRENTDEBT_DEBT":null,"ISSUED_COMMON_SHARES":18210234607,"HK_COMMON_SHARES":7447576912,"PER_SHARES":500,"TOTAL_MARKET_CAP":784861111561.7,"HKSK_MARKET_CAP":320990564907.2,"PE_TTM":6.692655634437,"PB_TTM":0.864442557883,"REPORT_DATE_SQ":"2023-03-31 00:00:00","REPORT_TYPE_SQ":"2023年一季报","OPERATE_INCOME_SQ":173933000000,"DPS_HKD":2.423716658,"OPERATE_INCOME_QOQ_SQ":4.723539752291,"NET_PROFIT_RATIO_SQ":26.5418293251,"HOLDER_PROFIT_SQ":38352000000,"HOLDER_PROFIT_QOQ_SQ":15.033303889035,"ROE_AVG_SQ":4.300701476796,"PE_TTM_SQ":7.463210904508,"PB_TTM_SQ":0.649283143058,"ROA_SQ":0.342051963055,"START_DATE":"2024-01-01 00:00:00","FISCAL_YEAR":"12-31","CURRENCY":"CNY","IS_CNY_CODE":1,"DPS_HKD_LY":2.66726,"ORG_TYPE":"保险","PREMIUM_INCOME":136852000000,"PREMIUM_INCOME_YOY":2.814298378736,"NET_INTEREST_INCOME":null,"NET_INTEREST_INCOME_YOY":null,"FEE_COMMISSION_INCOME":11197000000,"FEE_COMMISSION_INCOME_YOY":null,"ACCOUNTS_RECE_TDAYS":null,"INVENTORY_TDAYS":null,"CURRENT_ASSETS_TDAYS":null,"TOTAL_ASSETS_TDAYS":0.007059833072,"PREMIUM_EXPENSE":null,"LOAN_DEPOSIT":null,"LOAN_EQUITY":null,"LOAN_ASSETS":null,"DEPOSIT_EQUITY":null,"DEPOSIT_ASSETS":null,"EQUITY_MULTIPLIER":9.646493953996,"EQUITY_RATIO":11.867969103948},{"SECUCODE":"82318.HK","SECURITY_CODE":"82318","SECURITY_NAME_ABBR":"中国平安-R","ORG_CODE":"10009951","STD_REPORT_DATE":"2023-12-31 00:00:00","REPORT_DATE":"2023-12-31 00:00:00","DATE_TYPE_CODE":"001","REPORT_TYPE":"2023年年报","PER_NETCASH_OPERATE":19.791233214616,"PER_OI":32.238025081474,"BPS":49.368446887248,"BASIC_EPS":4.84,"DILUTED_EPS":4.74,"OPERATE_INCOME":587062000000,"OPERATE_INCOME_YOY":6.9232310354,"GROSS_PROFIT":null,"GROSS_PROFIT_YOY":null,"HOLDER_PROFIT":85665000000,"HOLDER_PROFIT_YOY":-22.8298861343,"GROSS_PROFIT_RATIO":null,"EPS_TTM":4.704222754333,"OPERATE_INCOME_QOQ":-53.223455919556,"NET_PROFIT_RATIO":18.6137068998,"ROE_AVG":9.689503801036,"GROSS_PROFIT_QOQ":null,"ROA":0.754073893784,"HOLDER_PROFIT_QOQ":9.032939619183,"ROE_YEARLY":9.689503801036,"ROIC_YEARLY":0.83578948837,"TOTAL_ASSETS":11583417000000,"TOTAL_LIABILITIES":10354453000000,"TAX_EBT":9.027031977156,"OCF_SALES":61.390960409633,"TOTAL_PARENT_EQUITY":899011000000,"DEBT_ASSET_RATIO":89.3903154829,"OPERATE_PROFIT":118683000000,"PRETAX_PROFIT":120117000000,"NETCASH_OPERATE":360403000000,"NETCASH_INVEST":-104001000000,"NETCASH_FINANCE":-222056000000,"END_CASH":480472000000,"DIVI_RATIO":0.515221490259,"DIVIDEND_RATE":5.614849187935,"CURRENT_RATIO":null,"COMMON_ACS":null,"CURRENTDEBT_DEBT":null,"ISSUED_COMMON_SHARES":18210234607,"HK_COMMON_SHARES":7447576912,"PER_SHARES":500,"TOTAL_MARKET_CAP":784861111561.7,"HKSK_MARKET_CAP":320990564907.2,"PE_TTM":6.692655634437,"PB_TTM":0.864442557883,"REPORT_DATE_SQ":"2022-12-31 00:00:00","REPORT_TYPE_SQ":"2022年年报","OPERATE_INCOME_SQ":549050000000,"DPS_HKD":2.423716658,"OPERATE_INCOME_QOQ_SQ":-2.755426534964,"NET_PROFIT_RATIO_SQ":8.7961609726,"HOLDER_PROFIT_SQ":111008000000,"HOLDER_PROFIT_QOQ_SQ":-13.136256649005,"ROE_AVG_SQ":10.026330277425,"PE_TTM_SQ":7.463210904508,"PB_TTM_SQ":0.649283143058,"ROA_SQ":0.787379446797,"START_DATE":"2023-01-01 00:00:00","FISCAL_YEAR":"12-31","CURRENCY":"CNY","IS_CNY_CODE":1,"DPS_HKD_LY":2.71374,"ORG_TYPE":"保险","PREMIUM_INCOME":536440000000,"PREMIUM_INCOME_YOY":1.988474868864,"NET_INTEREST_INCOME":null,"NET_INTEREST_INCOME_YOY":null,"FEE_COMMISSION_INCOME":45806000000,"FEE_COMMISSION_INCOME_YOY":null,"ACCOUNTS_RECE_TDAYS":null,"INVENTORY_TDAYS":null,"CURRENT_ASSETS_TDAYS":null,"TOTAL_ASSETS_TDAYS":0.021214858684,"PREMIUM_EXPENSE":null,"LOAN_DEPOSIT":null,"LOAN_EQUITY":null,"LOAN_ASSETS":null,"DEPOSIT_EQUITY":null,"DEPOSIT_ASSETS":null,"EQUITY_MULTIPLIER":9.425350945999,"EQUITY_RATIO":11.517604345219},{"SECUCODE":"82318.HK","SECURITY_CODE":"82318","SECURITY_NAME_ABBR":"中国平安-R","ORG_CODE":"10009951","STD_REPORT_DATE":"2023-09-30 00:00:00","REPORT_DATE":"2023-09-30 00:00:00","DATE_TYPE_CODE":"004","REPORT_TYPE":"2023年三季报","PER_NETCASH_OPERATE":17.168806813714,"PER_OI":43.520856106673,"BPS":49.593155689101,"BASIC_EPS":4.94,"DILUTED_EPS":4.85,"OPERATE_INCOME":792525000000,"OPERATE_INCOME_YOY":7.9005882519,"GROSS_PROFIT":null,"GROSS_PROFIT_YOY":null,"HOLDER_PROFIT":87575000000,"HOLDER_PROFIT_YOY":-5.6110626098,"GROSS_PROFIT_RATIO":null,"EPS_TTM":4.314496858256,"OPERATE_INCOME_QOQ":0.069289073376,"NET_PROFIT_RATIO":23.5007564691,"ROE_AVG":9.882671836614,"GROSS_PROFIT_QOQ":null,"ROA":0.774898954548,"HOLDER_PROFIT_QOQ":-5.214139220654,"ROE_YEARLY":13.176895782152,"ROIC_YEARLY":0.85647423372,"TOTAL_ASSETS":11465779000000,"TOTAL_LIABILITIES":10233691000000,"TAX_EBT":9.50631131349,"OCF_SALES":67.962228714524,"TOTAL_PARENT_EQUITY":903103000000,"DEBT_ASSET_RATIO":89.2542146504,"OPERATE_PROFIT":119468000000,"PRETAX_PROFIT":119468000000,"NETCASH_OPERATE":312648000000,"NETCASH_INVEST":-35313000000,"NETCASH_FINANCE":-277308000000,"END_CASH":448643000000,"DIVI_RATIO":0.56176113638,"DIVIDEND_RATE":5.614849187935,"CURRENT_RATIO":null,"COMMON_ACS":null,"CURRENTDEBT_DEBT":null,"ISSUED_COMMON_SHARES":18210234607,"HK_COMMON_SHARES":7447576912,"PER_SHARES":500,"TOTAL_MARKET_CAP":784861111561.7,"HKSK_MARKET_CAP":320990564907.2,"PE_TTM":6.692655634437,"PB_TTM":0.864442557883,"REPORT_DATE_SQ":"2022-09-30 00:00:00","REPORT_TYPE_SQ":"2022年三季报","OPERATE_INCOME_SQ":426348000000,"DPS_HKD":2.423716658,"OPERATE_INCOME_QOQ_SQ":-0.91240947896,"NET_PROFIT_RATIO_SQ":9.9840448424,"HOLDER_PROFIT_SQ":92781000000,"HOLDER_PROFIT_QOQ_SQ":-7.164584255819,"ROE_AVG_SQ":9.261484347179,"PE_TTM_SQ":7.463210904508,"PB_TTM_SQ":0.649283143058,"ROA_SQ":0.731555043124,"START_DATE":"2023-01-01 00:00:00","FISCAL_YEAR":"12-31","CURRENCY":"CNY","IS_CNY_CODE":1,"DPS_HKD_LY":2.71374,"ORG_TYPE":"保险","PREMIUM_INCOME":404483000000,"PREMIUM_INCOME_YOY":2.230461661334,"NET_INTEREST_INCOME":null,"NET_INTEREST_INCOME_YOY":null,"FEE_COMMISSION_INCOME":34834000000,"FEE_COMMISSION_INCOME_YOY":null,"ACCOUNTS_RECE_TDAYS":null,"INVENTORY_TDAYS":null,"CURRENT_ASSETS_TDAYS":null,"TOTAL_ASSETS_TDAYS":0.017543287608,"PREMIUM_EXPENSE":null,"LOAN_DEPOSIT":null,"LOAN_EQUITY":null,"LOAN_ASSETS":null,"DEPOSIT_EQUITY":null,"DEPOSIT_ASSETS":null,"EQUITY_MULTIPLIER":9.30597408627,"EQUITY_RATIO":11.331698599163},{"SECUCODE":"82318.HK","SECURITY_CODE":"82318","SECURITY_NAME_ABBR":"中国平安-R","ORG_CODE":"10009951","STD_REPORT_DATE":"2023-06-30 00:00:00","REPORT_DATE":"2023-06-30 00:00:00","DATE_TYPE_CODE":"002","REPORT_TYPE":"2023年中报","PER_NETCASH_OPERATE":8.912405770852,"PER_OI":18.032496949478,"BPS":50.419174701191,"BASIC_EPS":3.94,"DILUTED_EPS":3.87,"OPERATE_INCOME":328376000000,"OPERATE_INCOME_YOY":11.102615027,"GROSS_PROFIT":null,"GROSS_PROFIT_YOY":null,"HOLDER_PROFIT":69841000000,"HOLDER_PROFIT_YOY":-1.2499116296,"GROSS_PROFIT_RATIO":null,"EPS_TTM":4.551835920232,"OPERATE_INCOME_QOQ":-1.944893130953,"NET_PROFIT_RATIO":25.4056325675,"ROE_AVG":7.815094643648,"GROSS_PROFIT_QOQ":null,"ROA":0.617932208481,"HOLDER_PROFIT_QOQ":-13.985970446621,"ROE_YEARLY":15.630189287297,"ROIC_YEARLY":1.36586465803,"TOTAL_ASSETS":11467577000000,"TOTAL_LIABILITIES":10227842000000,"TAX_EBT":13.052631578947,"OCF_SALES":49.424135746827,"TOTAL_PARENT_EQUITY":918145000000,"DEBT_ASSET_RATIO":89.1892158213,"OPERATE_PROFIT":93641000000,"PRETAX_PROFIT":95950000000,"NETCASH_OPERATE":162297000000,"NETCASH_INVEST":-37876000000,"NETCASH_FINANCE":-104160000000,"END_CASH":469319000000,"DIVI_RATIO":0.532470128641,"DIVIDEND_RATE":5.614849187935,"CURRENT_RATIO":null,"COMMON_ACS":null,"CURRENTDEBT_DEBT":null,"ISSUED_COMMON_SHARES":18210234607,"HK_COMMON_SHARES":7447576912,"PER_SHARES":500,"TOTAL_MARKET_CAP":784861111561.7,"HKSK_MARKET_CAP":320990564907.2,"PE_TTM":6.692655634437,"PB_TTM":0.864442557883,"REPORT_DATE_SQ":"2022-06-30 00:00:00","REPORT_TYPE_SQ":"2022年中报","OPERATE_INCOME_SQ":295561000000,"DPS_HKD":2.423716658,"OPERATE_INCOME_QOQ_SQ":0.990123464659,"NET_PROFIT_RATIO_SQ":10.7357901611,"HOLDER_PROFIT_SQ":70725000000,"HOLDER_PROFIT_QOQ_SQ":9.292710382629,"ROE_AVG_SQ":7.256893525107,"PE_TTM_SQ":7.463210904508,"PB_TTM_SQ":0.649283143058,"ROA_SQ":0.578486387531,"START_DATE":"2023-01-01 00:00:00","FISCAL_YEAR":"12-31","CURRENCY":"CNY","IS_CNY_CODE":1,"DPS_HKD_LY":2.71374,"ORG_TYPE":"保险","PREMIUM_INCOME":269305000000,"PREMIUM_INCOME_YOY":2.738367279983,"NET_INTEREST_INCOME":null,"NET_INTEREST_INCOME_YOY":null,"FEE_COMMISSION_INCOME":23903000000,"FEE_COMMISSION_INCOME_YOY":null,"ACCOUNTS_RECE_TDAYS":null,"INVENTORY_TDAYS":null,"CURRENT_ASSETS_TDAYS":null,"TOTAL_ASSETS_TDAYS":0.0134698268,"PREMIUM_EXPENSE":null,"LOAN_DEPOSIT":null,"LOAN_EQUITY":null,"LOAN_ASSETS":null,"DEPOSIT_EQUITY":null,"DEPOSIT_ASSETS":null,"EQUITY_MULTIPLIER":9.250022787156,"EQUITY_RATIO":11.139680551547},{"SECUCODE":"82318.HK","SECURITY_CODE":"82318","SECURITY_NAME_ABBR":"中国平安-R","ORG_CODE":"10009951","STD_REPORT_DATE":"2023-03-31 00:00:00","REPORT_DATE":"2023-03-31 00:00:00","DATE_TYPE_CODE":"003","REPORT_TYPE":"2023年一季报","PER_NETCASH_OPERATE":11.487047424064,"PER_OI":9.514808699674,"BPS":50.20978695401,"BASIC_EPS":2.17,"DILUTED_EPS":2.13,"OPERATE_INCOME":173933000000,"OPERATE_INCOME_YOY":49.6300820702,"GROSS_PROFIT":null,"GROSS_PROFIT_YOY":null,"HOLDER_PROFIT":38352000000,"HOLDER_PROFIT_YOY":48.8935476357,"GROSS_PROFIT_RATIO":null,"EPS_TTM":5.271702809531,"OPERATE_INCOME_QOQ":4.723539752291,"NET_PROFIT_RATIO":26.5418293251,"ROE_AVG":4.300701476796,"GROSS_PROFIT_QOQ":null,"ROA":0.342051963055,"HOLDER_PROFIT_QOQ":15.033303889035,"ROE_YEARLY":17.202805907185,"ROIC_YEARLY":1.51392100636,"TOTAL_ASSETS":11287495000000,"TOTAL_LIABILITIES":10054215000000,"TAX_EBT":16.461583004596,"OCF_SALES":120.728096450932,"TOTAL_PARENT_EQUITY":914332000000,"DEBT_ASSET_RATIO":89.0739265001,"OPERATE_PROFIT":54514000000,"PRETAX_PROFIT":55262000000,"NETCASH_OPERATE":209986000000,"NETCASH_INVEST":-27575000000,"NETCASH_FINANCE":-99090000000,"END_CASH":526583000000,"DIVI_RATIO":0.459759729554,"DIVIDEND_RATE":5.614849187935,"CURRENT_RATIO":null,"COMMON_ACS":null,"CURRENTDEBT_DEBT":null,"ISSUED_COMMON_SHARES":18210234607,"HK_COMMON_SHARES":7447576912,"PER_SHARES":500,"TOTAL_MARKET_CAP":784861111561.7,"HKSK_MARKET_CAP":320990564907.2,"PE_TTM":6.692655634437,"PB_TTM":0.864442557883,"REPORT_DATE_SQ":"2022-03-31 00:00:00","REPORT_TYPE_SQ":"2022年一季报","OPERATE_INCOME_SQ":116242000000,"DPS_HKD":2.423716658,"OPERATE_INCOME_QOQ_SQ":-2.530063874813,"NET_PROFIT_RATIO_SQ":8.1534341666,"HOLDER_PROFIT_SQ":25758000000,"HOLDER_PROFIT_QOQ_SQ":-6.460469601842,"ROE_AVG_SQ":2.510207057451,"PE_TTM_SQ":7.463210904508,"PB_TTM_SQ":0.649283143058,"ROA_SQ":0.199757067634,"START_DATE":"2023-01-01 00:00:00","FISCAL_YEAR":"12-31","CURRENCY":"CNY","IS_CNY_CODE":1,"DPS_HKD_LY":2.71374,"ORG_TYPE":"保险","PREMIUM_INCOME":133106000000,"PREMIUM_INCOME_YOY":2.123709125504,"NET_INTEREST_INCOME":null,"NET_INTEREST_INCOME_YOY":null,"FEE_COMMISSION_INCOME":11919000000,"FEE_COMMISSION_INCOME_YOY":null,"ACCOUNTS_RECE_TDAYS":null,"INVENTORY_TDAYS":null,"CURRENT_ASSETS_TDAYS":null,"TOTAL_ASSETS_TDAYS":0.00762392728,"PREMIUM_EXPENSE":null,"LOAN_DEPOSIT":null,"LOAN_EQUITY":null,"LOAN_ASSETS":null,"DEPOSIT_EQUITY":null,"DEPOSIT_ASSETS":null,"EQUITY_MULTIPLIER":9.152418753262,"EQUITY_RATIO":10.996240971551},{"SECUCODE":"82318.HK","SECURITY_CODE":"82318","SECURITY_NAME_ABBR":"中国平安-R","ORG_CODE":"10009951","STD_REPORT_DATE":"2022-12-31 00:00:00","REPORT_DATE":"2022-12-31 00:00:00","DATE_TYPE_CODE":"001","REPORT_TYPE":"2022年年报","PER_NETCASH_OPERATE":53.161770580797,"PER_OI":30.035161335432,"BPS":47.153428746598,"BASIC_EPS":6.36,"DILUTED_EPS":6.27,"OPERATE_INCOME":549050000000,"OPERATE_INCOME_YOY":-5.1506785485,"GROSS_PROFIT":null,"GROSS_PROFIT_YOY":null,"HOLDER_PROFIT":111008000000,"HOLDER_PROFIT_YOY":-17.5598811234,"GROSS_PROFIT_RATIO":null,"EPS_TTM":4.58276223607,"OPERATE_INCOME_QOQ":-2.755426534964,"NET_PROFIT_RATIO":8.7961609726,"ROE_AVG":10.026330277425,"GROSS_PROFIT_QOQ":null,"ROA":0.787379446797,"HOLDER_PROFIT_QOQ":-13.136256649005,"ROE_YEARLY":10.026330277425,"ROIC_YEARLY":0.866261351817,"TOTAL_ASSETS":11009940000000,"TOTAL_LIABILITIES":9823944000000,"TAX_EBT":5.281905364106,"OCF_SALES":79.568445107099,"TOTAL_PARENT_EQUITY":869191000000,"DEBT_ASSET_RATIO":89.4470658968,"OPERATE_PROFIT":132170000000,"PRETAX_PROFIT":142335000000,"NETCASH_OPERATE":476776000000,"NETCASH_INVEST":-215760000000,"NETCASH_FINANCE":-230873000000,"END_CASH":444202000000,"DIVI_RATIO":0.528876806857,"DIVIDEND_RATE":5.614849187935,"CURRENT_RATIO":null,"COMMON_ACS":null,"CURRENTDEBT_DEBT":null,"ISSUED_COMMON_SHARES":18210234607,"HK_COMMON_SHARES":7447576912,"PER_SHARES":500,"TOTAL_MARKET_CAP":784861111561.7,"HKSK_MARKET_CAP":320990564907.2,"PE_TTM":6.692655634437,"PB_TTM":0.864442557883,"REPORT_DATE_SQ":"2021-12-31 00:00:00","REPORT_TYPE_SQ":"2021年年报","OPERATE_INCOME_SQ":1287675000000,"DPS_HKD":2.423716658,"OPERATE_INCOME_QOQ_SQ":-1.755420647098,"NET_PROFIT_RATIO_SQ":9.4590638166,"HOLDER_PROFIT_SQ":101618000000,"HOLDER_PROFIT_QOQ_SQ":-16.498488035761,"ROE_AVG_SQ":12.904159774979,"PE_TTM_SQ":7.463210904508,"PB_TTM_SQ":0.649283143058,"ROA_SQ":1.03323372935,"START_DATE":"2022-01-01 00:00:00","FISCAL_YEAR":"12-31","CURRENCY":"CNY","IS_CNY_CODE":1,"DPS_HKD_LY":2.86551,"ORG_TYPE":"保险","PREMIUM_INCOME":525981000000,"PREMIUM_INCOME_YOY":-30.868654899894,"NET_INTEREST_INCOME":null,"NET_INTEREST_INCOME_YOY":null,"FEE_COMMISSION_INCOME":45982000000,"FEE_COMMISSION_INCOME_YOY":null,"ACCOUNTS_RECE_TDAYS":null,"INVENTORY_TDAYS":null,"CURRENT_ASSETS_TDAYS":null,"TOTAL_ASSETS_TDAYS":0.082393534266,"PREMIUM_EXPENSE":null,"LOAN_DEPOSIT":null,"LOAN_EQUITY":null,"LOAN_ASSETS":null,"DEPOSIT_EQUITY":null,"DEPOSIT_ASSETS":null,"EQUITY_MULTIPLIER":9.476037566621,"EQUITY_RATIO":11.302399587663},{"SECUCODE":"82318.HK","SECURITY_CODE":"82318","SECURITY_NAME_ABBR":"中国平安-R","ORG_CODE":"10009951","STD_REPORT_DATE":"2022-09-30 00:00:00","REPORT_DATE":"2022-09-30 00:00:00","DATE_TYPE_CODE":"004","REPORT_TYPE":"2022年三季报","PER_NETCASH_OPERATE":18.917255644711,"PER_OI":23.322886740805,"BPS":46.061954615212,"BASIC_EPS":5.32,"DILUTED_EPS":5.24,"OPERATE_INCOME":426348000000,"OPERATE_INCOME_YOY":-3.2220051667,"GROSS_PROFIT":null,"GROSS_PROFIT_YOY":null,"HOLDER_PROFIT":92781000000,"HOLDER_PROFIT_YOY":-6.3389597981,"GROSS_PROFIT_RATIO":null,"EPS_TTM":5.275805599987,"OPERATE_INCOME_QOQ":-0.91240947896,"NET_PROFIT_RATIO":9.9840448424,"ROE_AVG":9.261484347179,"GROSS_PROFIT_QOQ":null,"ROA":0.731555043124,"HOLDER_PROFIT_QOQ":-7.164584255819,"ROE_YEARLY":12.348645796239,"ROIC_YEARLY":0.799461498176,"TOTAL_ASSETS":10762211000000,"TOTAL_LIABILITIES":9650517000000,"TAX_EBT":9.066818867463,"OCF_SALES":36.299243179695,"TOTAL_PARENT_EQUITY":838799000000,"DEBT_ASSET_RATIO":89.6703939367,"OPERATE_PROFIT":114361000000,"PRETAX_PROFIT":122645000000,"NETCASH_OPERATE":338743000000,"NETCASH_INVEST":-253910000000,"NETCASH_FINANCE":-116387000000,"END_CASH":382006000000,"DIVI_RATIO":0.459402192152,"DIVIDEND_RATE":5.614849187935,"CURRENT_RATIO":null,"COMMON_ACS":null,"CURRENTDEBT_DEBT":null,"ISSUED_COMMON_SHARES":18210234607,"HK_COMMON_SHARES":7447576912,"PER_SHARES":500,"TOTAL_MARKET_CAP":784861111561.7,"HKSK_MARKET_CAP":320990564907.2,"PE_TTM":6.692655634437,"PB_TTM":0.864442557883,"REPORT_DATE_SQ":"2021-09-30 00:00:00","REPORT_TYPE_SQ":"2021年三季报","OPERATE_INCOME_SQ":984387000000,"DPS_HKD":2.423716658,"OPERATE_INCOME_QOQ_SQ":-1.149611667619,"NET_PROFIT_RATIO_SQ":9.9095172935,"HOLDER_PROFIT_SQ":81638000000,"HOLDER_PROFIT_QOQ_SQ":-8.099168560878,"ROE_AVG_SQ":10.502765984819,"PE_TTM_SQ":7.463210904508,"PB_TTM_SQ":0.649283143058,"ROA_SQ":0.832729392528,"START_DATE":"2022-01-01 00:00:00","FISCAL_YEAR":"12-31","CURRENCY":"CNY","IS_CNY_CODE":1,"DPS_HKD_LY":2.86551,"ORG_TYPE":"保险","PREMIUM_INCOME":395658000000,"PREMIUM_INCOME_YOY":-33.139337405896,"NET_INTEREST_INCOME":null,"NET_INTEREST_INCOME_YOY":null,"FEE_COMMISSION_INCOME":34707000000,"FEE_COMMISSION_INCOME_YOY":null,"ACCOUNTS_RECE_TDAYS":null,"INVENTORY_TDAYS":null,"CURRENT_ASSETS_TDAYS":null,"TOTAL_ASSETS_TDAYS":0.066514840987,"PREMIUM_EXPENSE":null,"LOAN_DEPOSIT":null,"LOAN_EQUITY":null,"LOAN_ASSETS":null,"DEPOSIT_EQUITY":null,"DEPOSIT_ASSETS":null,"EQUITY_MULTIPLIER":9.680911293925,"EQUITY_RATIO":11.505160354268}],"count":81},"success":true,"message":"ok","code":0}