{"version":"07e6ed84a545794c6b8a80b97e733942","result":{"pages":5,"data":[{"SECUCODE":"82331.HK","SECURITY_CODE":"82331","SECURITY_NAME_ABBR":"李宁-R","ORG_CODE":"10010588","STD_REPORT_DATE":"2024-06-30 00:00:00","REPORT_DATE":"2024-06-30 00:00:00","DATE_TYPE_CODE":"002","REPORT_TYPE":"2024年中报","PER_NETCASH_OPERATE":1.056423135582,"PER_OI":5.550549894533,"BPS":10.02236768293,"BASIC_EPS":0.758,"DILUTED_EPS":0.7549,"OPERATE_INCOME":14345288000,"OPERATE_INCOME_YOY":2.3278567213,"GROSS_PROFIT":7235602000,"GROSS_PROFIT_YOY":5.80277371759,"HOLDER_PROFIT":1952032000,"HOLDER_PROFIT_YOY":-7.9764532953,"GROSS_PROFIT_RATIO":50.43887581762,"EPS_TTM":1.167627688812,"OPERATE_INCOME_QOQ":1.182459577228,"NET_PROFIT_RATIO":13.6074786369,"ROE_AVG":7.759640181207,"GROSS_PROFIT_QOQ":2.972111783542,"ROA":5.597709427323,"HOLDER_PROFIT_QOQ":-5.309186641606,"ROE_YEARLY":15.519280362414,"ROIC_YEARLY":16.236483837457,"TOTAL_ASSETS":35536153000,"TOTAL_LIABILITIES":9630358000,"TAX_EBT":25.299085770704,"OCF_SALES":19.032765323359,"TOTAL_PARENT_EQUITY":25905795000,"DEBT_ASSET_RATIO":27.1001703533,"OPERATE_PROFIT":2401895000,"PRETAX_PROFIT":2613130000,"NETCASH_OPERATE":2730305000,"NETCASH_INVEST":-1084184000,"NETCASH_FINANCE":-928615000,"END_CASH":6146726000,"DIVI_RATIO":0.480028273199,"DIVIDEND_RATE":3.636363636364,"CURRENT_RATIO":2.356503082433,"COMMON_ACS":10000000000,"CURRENTDEBT_DEBT":76.666838345989,"ISSUED_COMMON_SHARES":2584797906,"HK_COMMON_SHARES":2584797906,"PER_SHARES":500,"TOTAL_MARKET_CAP":39805887752.4,"HKSK_MARKET_CAP":39805887752.4,"PE_TTM":13.190755427673,"PB_TTM":1.536563064457,"REPORT_DATE_SQ":"2023-06-30 00:00:00","REPORT_TYPE_SQ":"2023年中报","OPERATE_INCOME_SQ":14018947000,"DPS_HKD":0.5604943032,"OPERATE_INCOME_QOQ_SQ":6.240584810139,"NET_PROFIT_RATIO_SQ":15.1315430467,"HOLDER_PROFIT_SQ":2121231000,"HOLDER_PROFIT_QOQ_SQ":-1.675191457131,"ROE_AVG_SQ":8.537046596513,"PE_TTM_SQ":11.37084862144,"PB_TTM_SQ":1.791232642577,"ROA_SQ":6.245409932212,"START_DATE":"2024-01-01 00:00:00","FISCAL_YEAR":"12-31","CURRENCY":"CNY","IS_CNY_CODE":1,"DPS_HKD_LY":0.61556,"ORG_TYPE":"一般企业","PREMIUM_INCOME":null,"PREMIUM_INCOME_YOY":null,"NET_INTEREST_INCOME":null,"NET_INTEREST_INCOME_YOY":null,"FEE_COMMISSION_INCOME":null,"FEE_COMMISSION_INCOME_YOY":null,"ACCOUNTS_RECE_TDAYS":11.874510998498,"INVENTORY_TDAYS":2.958651128415,"CURRENT_ASSETS_TDAYS":0.923960599813,"TOTAL_ASSETS_TDAYS":0.411370069114,"PREMIUM_EXPENSE":null,"LOAN_DEPOSIT":null,"LOAN_EQUITY":null,"LOAN_ASSETS":null,"DEPOSIT_EQUITY":null,"DEPOSIT_ASSETS":null,"EQUITY_MULTIPLIER":1.371745317988,"EQUITY_RATIO":0.371745317988},{"SECUCODE":"82331.HK","SECURITY_CODE":"82331","SECURITY_NAME_ABBR":"李宁-R","ORG_CODE":"10010588","STD_REPORT_DATE":"2023-12-31 00:00:00","REPORT_DATE":"2023-12-31 00:00:00","DATE_TYPE_CODE":"001","REPORT_TYPE":"2023年年报","PER_NETCASH_OPERATE":1.785598284993,"PER_OI":10.512050121417,"BPS":9.442378819383,"BASIC_EPS":1.2321,"DILUTED_EPS":1.2266,"OPERATE_INCOME":27598491000,"OPERATE_INCOME_YOY":6.9568707328,"GROSS_PROFIT":13352055000,"GROSS_PROFIT_YOY":6.946546891086,"HOLDER_PROFIT":3186910000,"HOLDER_PROFIT_YOY":-21.5787357456,"GROSS_PROFIT_RATIO":48.379655974669,"EPS_TTM":1.213869180472,"OPERATE_INCOME_QOQ":0.674211200874,"NET_PROFIT_RATIO":11.5475951203,"ROE_AVG":13.078239318882,"GROSS_PROFIT_QOQ":1.747137154302,"ROA":9.393388382836,"HOLDER_PROFIT_QOQ":-20.242647388217,"ROE_YEARLY":13.078239318882,"ROIC_YEARLY":12.525017335868,"TOTAL_ASSETS":34207803000,"TOTAL_LIABILITIES":9801162000,"TAX_EBT":25.121347390106,"OCF_SALES":16.986204064563,"TOTAL_PARENT_EQUITY":24406641000,"DEBT_ASSET_RATIO":28.6518312795,"OPERATE_PROFIT":3559087000,"PRETAX_PROFIT":4256169000,"NETCASH_OPERATE":4687936000,"NETCASH_INVEST":-2449105000,"NETCASH_FINANCE":-4216951000,"END_CASH":5443883000,"DIVI_RATIO":0.461741934153,"DIVIDEND_RATE":3.641092327698,"CURRENT_RATIO":1.878383171383,"COMMON_ACS":10000000000,"CURRENTDEBT_DEBT":74.159329271366,"ISSUED_COMMON_SHARES":2584797906,"HK_COMMON_SHARES":2584797906,"PER_SHARES":500,"TOTAL_MARKET_CAP":39754191794.28,"HKSK_MARKET_CAP":39754191794.28,"PE_TTM":13.173624576469,"PB_TTM":1.53456752801,"REPORT_DATE_SQ":"2022-12-31 00:00:00","REPORT_TYPE_SQ":"2022年年报","OPERATE_INCOME_SQ":25803383000,"DPS_HKD":0.5604943032,"OPERATE_INCOME_QOQ_SQ":4.111548241589,"NET_PROFIT_RATIO_SQ":15.7489853172,"HOLDER_PROFIT_SQ":4063834000,"HOLDER_PROFIT_QOQ_SQ":-4.108857881352,"ROE_AVG_SQ":17.890146141699,"PE_TTM_SQ":12.470821213062,"PB_TTM_SQ":1.964509666803,"ROA_SQ":12.715109908139,"START_DATE":"2023-01-01 00:00:00","FISCAL_YEAR":"12-31","CURRENCY":"CNY","IS_CNY_CODE":1,"DPS_HKD_LY":0.9019,"ORG_TYPE":"一般企业","PREMIUM_INCOME":null,"PREMIUM_INCOME_YOY":null,"NET_INTEREST_INCOME":null,"NET_INTEREST_INCOME_YOY":null,"FEE_COMMISSION_INCOME":null,"FEE_COMMISSION_INCOME_YOY":null,"ACCOUNTS_RECE_TDAYS":24.797846961963,"INVENTORY_TDAYS":5.789767875859,"CURRENT_ASSETS_TDAYS":2.119058681095,"TOTAL_ASSETS_TDAYS":0.813463024507,"PREMIUM_EXPENSE":null,"LOAN_DEPOSIT":null,"LOAN_EQUITY":null,"LOAN_ASSETS":null,"DEPOSIT_EQUITY":null,"DEPOSIT_ASSETS":null,"EQUITY_MULTIPLIER":1.401577668962,"EQUITY_RATIO":0.401577668963},{"SECUCODE":"82331.HK","SECURITY_CODE":"82331","SECURITY_NAME_ABBR":"李宁-R","ORG_CODE":"10010588","STD_REPORT_DATE":"2023-06-30 00:00:00","REPORT_DATE":"2023-06-30 00:00:00","DATE_TYPE_CODE":"002","REPORT_TYPE":"2023年中报","PER_NETCASH_OPERATE":0.73687377502,"PER_OI":5.318178302185,"BPS":9.813261199694,"BASIC_EPS":0.8063,"DILUTED_EPS":0.8034,"OPERATE_INCOME":14018947000,"OPERATE_INCOME_YOY":12.9770769055,"GROSS_PROFIT":6838764000,"GROSS_PROFIT_YOY":10.288859053909,"HOLDER_PROFIT":2121231000,"HOLDER_PROFIT_YOY":-3.1095213647,"GROSS_PROFIT_RATIO":48.782294419117,"EPS_TTM":1.515816286216,"OPERATE_INCOME_QOQ":6.240584810139,"NET_PROFIT_RATIO":15.1315430467,"ROE_AVG":8.537046596513,"GROSS_PROFIT_QOQ":5.110128778266,"ROA":6.245409932212,"HOLDER_PROFIT_QOQ":-1.675191457131,"ROE_YEARLY":17.074093193026,"ROIC_YEARLY":16.652563379419,"TOTAL_ASSETS":34282761000,"TOTAL_LIABILITIES":8917464000,"TAX_EBT":24.261559461026,"OCF_SALES":13.855755357375,"TOTAL_PARENT_EQUITY":25365297000,"DEBT_ASSET_RATIO":26.0115105665,"OPERATE_PROFIT":2475224000,"PRETAX_PROFIT":2800801000,"NETCASH_OPERATE":1942431000,"NETCASH_INVEST":-1355891000,"NETCASH_FINANCE":-1637835000,"END_CASH":6410689000,"DIVI_RATIO":0.36976400656,"DIVIDEND_RATE":3.641092327698,"CURRENT_RATIO":2.053617210702,"COMMON_ACS":10000000000,"CURRENTDEBT_DEBT":72.249038515883,"ISSUED_COMMON_SHARES":2584797906,"HK_COMMON_SHARES":2584797906,"PER_SHARES":500,"TOTAL_MARKET_CAP":39754191794.28,"HKSK_MARKET_CAP":39754191794.28,"PE_TTM":13.173624576469,"PB_TTM":1.53456752801,"REPORT_DATE_SQ":"2022-06-30 00:00:00","REPORT_TYPE_SQ":"2022年中报","OPERATE_INCOME_SQ":12408665000,"DPS_HKD":0.5604943032,"OPERATE_INCOME_QOQ_SQ":9.799988756121,"NET_PROFIT_RATIO_SQ":17.6433806538,"HOLDER_PROFIT_SQ":2189308000,"HOLDER_PROFIT_QOQ_SQ":5.661723696116,"ROE_AVG_SQ":10.119416583307,"PE_TTM_SQ":12.470821213062,"PB_TTM_SQ":1.964509666803,"ROA_SQ":7.139109672504,"START_DATE":"2023-01-01 00:00:00","FISCAL_YEAR":"12-31","CURRENCY":"CNY","IS_CNY_CODE":1,"DPS_HKD_LY":0.9019,"ORG_TYPE":"一般企业","PREMIUM_INCOME":null,"PREMIUM_INCOME_YOY":null,"NET_INTEREST_INCOME":null,"NET_INTEREST_INCOME_YOY":null,"FEE_COMMISSION_INCOME":null,"FEE_COMMISSION_INCOME_YOY":null,"ACCOUNTS_RECE_TDAYS":12.627668380808,"INVENTORY_TDAYS":3.157795598198,"CURRENT_ASSETS_TDAYS":1.09412316124,"TOTAL_ASSETS_TDAYS":0.412751231869,"PREMIUM_EXPENSE":null,"LOAN_DEPOSIT":null,"LOAN_EQUITY":null,"LOAN_ASSETS":null,"DEPOSIT_EQUITY":null,"DEPOSIT_ASSETS":null,"EQUITY_MULTIPLIER":1.351561584318,"EQUITY_RATIO":0.351561584317},{"SECUCODE":"82331.HK","SECURITY_CODE":"82331","SECURITY_NAME_ABBR":"李宁-R","ORG_CODE":"10010588","STD_REPORT_DATE":"2022-12-31 00:00:00","REPORT_DATE":"2022-12-31 00:00:00","DATE_TYPE_CODE":"001","REPORT_TYPE":"2022年年报","PER_NETCASH_OPERATE":1.485847943423,"PER_OI":9.7965720507,"BPS":9.412507625267,"BASIC_EPS":1.5538,"DILUTED_EPS":1.5434,"OPERATE_INCOME":25803383000,"OPERATE_INCOME_YOY":14.3144682631,"GROSS_PROFIT":12484793000,"GROSS_PROFIT_YOY":4.308553576886,"HOLDER_PROFIT":4063834000,"HOLDER_PROFIT_YOY":1.3202336345,"GROSS_PROFIT_RATIO":48.384326194747,"EPS_TTM":1.542884612575,"OPERATE_INCOME_QOQ":4.111548241589,"NET_PROFIT_RATIO":15.7489853172,"ROE_AVG":17.890146141699,"GROSS_PROFIT_QOQ":0.11213386397,"ROA":12.715109908139,"HOLDER_PROFIT_QOQ":-4.108857881352,"ROE_YEARLY":17.890146141699,"ROIC_YEARLY":19.947658328305,"TOTAL_ASSETS":33646519000,"TOTAL_LIABILITIES":9314591000,"TAX_EBT":24.954830012373,"OCF_SALES":15.16701899127,"TOTAL_PARENT_EQUITY":24329430000,"DEBT_ASSET_RATIO":27.6836691487,"OPERATE_PROFIT":4886758000,"PRETAX_PROFIT":5415100000,"NETCASH_OPERATE":3913604000,"NETCASH_INVEST":-9481433000,"NETCASH_FINANCE":-1887435000,"END_CASH":7382218000,"DIVI_RATIO":0.363276876723,"DIVIDEND_RATE":3.641092327698,"CURRENT_RATIO":1.71180511966,"COMMON_ACS":10000000000,"CURRENTDEBT_DEBT":77.736456705399,"ISSUED_COMMON_SHARES":2584797906,"HK_COMMON_SHARES":2584797906,"PER_SHARES":500,"TOTAL_MARKET_CAP":39754191794.28,"HKSK_MARKET_CAP":39754191794.28,"PE_TTM":13.173624576469,"PB_TTM":1.53456752801,"REPORT_DATE_SQ":"2021-12-31 00:00:00","REPORT_TYPE_SQ":"2021年年报","OPERATE_INCOME_SQ":22572281000,"DPS_HKD":0.5604943032,"OPERATE_INCOME_QOQ_SQ":22.193175629662,"NET_PROFIT_RATIO_SQ":17.7690858979,"HOLDER_PROFIT_SQ":4010881000,"HOLDER_PROFIT_QOQ_SQ":34.709226327619,"ROE_AVG_SQ":26.929138780121,"PE_TTM_SQ":12.470821213062,"PB_TTM_SQ":1.964509666803,"ROA_SQ":17.878310262787,"START_DATE":"2022-01-01 00:00:00","FISCAL_YEAR":"12-31","CURRENCY":"CNY","IS_CNY_CODE":1,"DPS_HKD_LY":0.5345,"ORG_TYPE":"一般企业","PREMIUM_INCOME":null,"PREMIUM_INCOME_YOY":null,"NET_INTEREST_INCOME":null,"NET_INTEREST_INCOME_YOY":null,"FEE_COMMISSION_INCOME":null,"FEE_COMMISSION_INCOME_YOY":null,"ACCOUNTS_RECE_TDAYS":26.833759098753,"INVENTORY_TDAYS":6.340913002462,"CURRENT_ASSETS_TDAYS":1.661157593284,"TOTAL_ASSETS_TDAYS":0.807348063053,"PREMIUM_EXPENSE":null,"LOAN_DEPOSIT":null,"LOAN_EQUITY":null,"LOAN_ASSETS":null,"DEPOSIT_EQUITY":null,"DEPOSIT_ASSETS":null,"EQUITY_MULTIPLIER":1.382813519751,"EQUITY_RATIO":0.382852824748},{"SECUCODE":"82331.HK","SECURITY_CODE":"82331","SECURITY_NAME_ABBR":"李宁-R","ORG_CODE":"10010588","STD_REPORT_DATE":"2022-06-30 00:00:00","REPORT_DATE":"2022-06-30 00:00:00","DATE_TYPE_CODE":"002","REPORT_TYPE":"2022年中报","PER_NETCASH_OPERATE":0.604789557317,"PER_OI":4.740070319606,"BPS":8.576262364088,"BASIC_EPS":0.8377,"DILUTED_EPS":0.83,"OPERATE_INCOME":12408665000,"OPERATE_INCOME_YOY":21.6943341025,"GROSS_PROFIT":6200775000,"GROSS_PROFIT_YOY":8.803392978215,"HOLDER_PROFIT":2189308000,"HOLDER_PROFIT_YOY":11.5728436574,"GROSS_PROFIT_RATIO":49.971330517828,"EPS_TTM":1.618889449598,"OPERATE_INCOME_QOQ":9.799988756121,"NET_PROFIT_RATIO":17.6433806538,"ROE_AVG":10.119416583307,"GROSS_PROFIT_QOQ":4.191719376013,"ROA":7.139109672504,"HOLDER_PROFIT_QOQ":5.661723696116,"ROE_YEARLY":20.238833166615,"ROIC_YEARLY":24.824257586704,"TOTAL_ASSETS":31057986000,"TOTAL_LIABILITIES":8887520000,"TAX_EBT":24.99803871256,"OCF_SALES":12.759084075523,"TOTAL_PARENT_EQUITY":22167905000,"DEBT_ASSET_RATIO":28.6158928657,"OPERATE_PROFIT":2643624000,"PRETAX_PROFIT":2919001000,"NETCASH_OPERATE":1583232000,"NETCASH_INVEST":-4315024000,"NETCASH_FINANCE":-1524094000,"END_CASH":10575005000,"DIVI_RATIO":0.346221481238,"DIVIDEND_RATE":3.641092327698,"CURRENT_RATIO":2.074672895623,"COMMON_ACS":10000000000,"CURRENTDEBT_DEBT":80.867092282212,"ISSUED_COMMON_SHARES":2584797906,"HK_COMMON_SHARES":2584797906,"PER_SHARES":500,"TOTAL_MARKET_CAP":39754191794.28,"HKSK_MARKET_CAP":39754191794.28,"PE_TTM":13.173624576469,"PB_TTM":1.53456752801,"REPORT_DATE_SQ":"2021-06-30 00:00:00","REPORT_TYPE_SQ":"2021年中报","OPERATE_INCOME_SQ":10196584000,"DPS_HKD":0.5604943032,"OPERATE_INCOME_QOQ_SQ":27.776558450591,"NET_PROFIT_RATIO_SQ":19.2439252204,"HOLDER_PROFIT_SQ":1962223000,"HOLDER_PROFIT_QOQ_SQ":75.299620131835,"ROE_AVG_SQ":20.632262825997,"PE_TTM_SQ":12.470821213062,"PB_TTM_SQ":1.964509666803,"ROA_SQ":12.169039886907,"START_DATE":"2022-01-01 00:00:00","FISCAL_YEAR":"12-31","CURRENCY":"CNY","IS_CNY_CODE":1,"DPS_HKD_LY":0.5345,"ORG_TYPE":"一般企业","PREMIUM_INCOME":null,"PREMIUM_INCOME_YOY":null,"NET_INTEREST_INCOME":null,"NET_INTEREST_INCOME_YOY":null,"FEE_COMMISSION_INCOME":null,"FEE_COMMISSION_INCOME_YOY":null,"ACCOUNTS_RECE_TDAYS":12.571083397496,"INVENTORY_TDAYS":3.311696850605,"CURRENT_ASSETS_TDAYS":0.738991680595,"TOTAL_ASSETS_TDAYS":0.404633885796,"PREMIUM_EXPENSE":null,"LOAN_DEPOSIT":null,"LOAN_EQUITY":null,"LOAN_ASSETS":null,"DEPOSIT_EQUITY":null,"DEPOSIT_ASSETS":null,"EQUITY_MULTIPLIER":1.400872043015,"EQUITY_RATIO":0.400918354711},{"SECUCODE":"82331.HK","SECURITY_CODE":"82331","SECURITY_NAME_ABBR":"李宁-R","ORG_CODE":"10010588","STD_REPORT_DATE":"2021-12-31 00:00:00","REPORT_DATE":"2021-12-31 00:00:00","DATE_TYPE_CODE":"001","REPORT_TYPE":"2021年年报","PER_NETCASH_OPERATE":2.493873769629,"PER_OI":8.626747823153,"BPS":8.163712122723,"BASIC_EPS":1.601,"DILUTED_EPS":1.5797,"OPERATE_INCOME":22572281000,"OPERATE_INCOME_YOY":56.1342344811,"GROSS_PROFIT":11969098000,"GROSS_PROFIT_YOY":68.713245368423,"HOLDER_PROFIT":4010881000,"HOLDER_PROFIT_YOY":136.1447620348,"GROSS_PROFIT_RATIO":53.025646809908,"EPS_TTM":1.532891555607,"OPERATE_INCOME_QOQ":22.193175629662,"NET_PROFIT_RATIO":17.7690858979,"ROE_AVG":26.929138780121,"GROSS_PROFIT_QOQ":22.928713330308,"ROA":17.878310262787,"HOLDER_PROFIT_QOQ":34.709226327619,"ROE_YEARLY":26.929138780121,"ROIC_YEARLY":35.603591995053,"TOTAL_ASSETS":30274816000,"TOTAL_LIABILITIES":9170709000,"TAX_EBT":24.723918999849,"OCF_SALES":28.908620267487,"TOTAL_PARENT_EQUITY":21101546000,"DEBT_ASSET_RATIO":30.2915433078,"OPERATE_PROFIT":5136376000,"PRETAX_PROFIT":5328237000,"NETCASH_OPERATE":6525335000,"NETCASH_INVEST":-6538700000,"NETCASH_FINANCE":7596150000,"END_CASH":14744899000,"DIVI_RATIO":0.36564511113,"DIVIDEND_RATE":3.641092327698,"CURRENT_RATIO":2.423704880989,"COMMON_ACS":10000000000,"CURRENTDEBT_DEBT":84.004933533492,"ISSUED_COMMON_SHARES":2584797906,"HK_COMMON_SHARES":2584797906,"PER_SHARES":500,"TOTAL_MARKET_CAP":39754191794.28,"HKSK_MARKET_CAP":39754191794.28,"PE_TTM":13.173624576469,"PB_TTM":1.53456752801,"REPORT_DATE_SQ":"2020-12-31 00:00:00","REPORT_TYPE_SQ":"2020年年报","OPERATE_INCOME_SQ":14456971000,"DPS_HKD":0.5604943032,"OPERATE_INCOME_QOQ_SQ":4.792286947474,"NET_PROFIT_RATIO_SQ":11.7485467737,"HOLDER_PROFIT_SQ":1698484000,"HOLDER_PROFIT_QOQ_SQ":22.421113858835,"ROE_AVG_SQ":21.488234622104,"PE_TTM_SQ":12.470821213062,"PB_TTM_SQ":1.964509666803,"ROA_SQ":12.515845294147,"START_DATE":"2021-01-01 00:00:00","FISCAL_YEAR":"12-31","CURRENCY":"CNY","IS_CNY_CODE":1,"DPS_HKD_LY":0.244077,"ORG_TYPE":"一般企业","PREMIUM_INCOME":null,"PREMIUM_INCOME_YOY":null,"NET_INTEREST_INCOME":null,"NET_INTEREST_INCOME_YOY":null,"FEE_COMMISSION_INCOME":null,"FEE_COMMISSION_INCOME_YOY":null,"ACCOUNTS_RECE_TDAYS":28.908190231761,"INVENTORY_TDAYS":6.800526048778,"CURRENT_ASSETS_TDAYS":1.586892272714,"TOTAL_ASSETS_TDAYS":1.006148631826,"PREMIUM_EXPENSE":null,"LOAN_DEPOSIT":null,"LOAN_EQUITY":null,"LOAN_ASSETS":null,"DEPOSIT_EQUITY":null,"DEPOSIT_ASSETS":null,"EQUITY_MULTIPLIER":1.434546176249,"EQUITY_RATIO":0.43459891517},{"SECUCODE":"82331.HK","SECURITY_CODE":"82331","SECURITY_NAME_ABBR":"李宁-R","ORG_CODE":"10010588","STD_REPORT_DATE":"2021-06-30 00:00:00","REPORT_DATE":"2021-06-30 00:00:00","DATE_TYPE_CODE":"002","REPORT_TYPE":"2021年中报","PER_NETCASH_OPERATE":1.332834841509,"PER_OI":4.087888897685,"BPS":3.998013142928,"BASIC_EPS":0.7904,"DILUTED_EPS":0.7796,"OPERATE_INCOME":10196584000,"OPERATE_INCOME_YOY":64.9683098107,"GROSS_PROFIT":5699064000,"GROSS_PROFIT_YOY":86.439439268174,"HOLDER_PROFIT":1962223000,"HOLDER_PROFIT_YOY":187.1807818567,"GROSS_PROFIT_RATIO":55.891894775741,"EPS_TTM":1.193676977306,"OPERATE_INCOME_QOQ":27.776558450591,"NET_PROFIT_RATIO":19.2439252204,"ROE_AVG":20.632262825997,"GROSS_PROFIT_QOQ":37.244782604283,"ROA":12.169039886907,"HOLDER_PROFIT_QOQ":75.299620131835,"ROE_YEARLY":41.264525651994,"ROIC_YEARLY":41.640970737651,"TOTAL_ASSETS":17655565000,"TOTAL_LIABILITIES":7318955000,"TAX_EBT":25.261374539269,"OCF_SALES":32.604478127185,"TOTAL_PARENT_EQUITY":10334056000,"DEBT_ASSET_RATIO":41.4540967678,"OPERATE_PROFIT":2538413000,"PRETAX_PROFIT":2625447000,"NETCASH_OPERATE":3324543000,"NETCASH_INVEST":-3687894000,"NETCASH_FINANCE":-713900000,"END_CASH":6108102000,"DIVI_RATIO":0.46955274656,"DIVIDEND_RATE":3.641092327698,"CURRENT_RATIO":1.476811740432,"COMMON_ACS":10000000000,"CURRENTDEBT_DEBT":84.093029674318,"ISSUED_COMMON_SHARES":2584797906,"HK_COMMON_SHARES":2584797906,"PER_SHARES":500,"TOTAL_MARKET_CAP":39754191794.28,"HKSK_MARKET_CAP":39754191794.28,"PE_TTM":13.173624576469,"PB_TTM":1.53456752801,"REPORT_DATE_SQ":"2020-06-30 00:00:00","REPORT_TYPE_SQ":"2020年中报","OPERATE_INCOME_SQ":6180935000,"DPS_HKD":0.5604943032,"OPERATE_INCOME_QOQ_SQ":-0.532061778144,"NET_PROFIT_RATIO_SQ":11.0544925646,"HOLDER_PROFIT_SQ":683271000,"HOLDER_PROFIT_QOQ_SQ":-7.452811246989,"ROE_AVG_SQ":9.291054183028,"PE_TTM_SQ":12.470821213062,"PB_TTM_SQ":1.964509666803,"ROA_SQ":5.423240018241,"START_DATE":"2021-01-01 00:00:00","FISCAL_YEAR":"12-31","CURRENCY":"CNY","IS_CNY_CODE":1,"DPS_HKD_LY":0.244077,"ORG_TYPE":"一般企业","PREMIUM_INCOME":null,"PREMIUM_INCOME_YOY":null,"NET_INTEREST_INCOME":null,"NET_INTEREST_INCOME_YOY":null,"FEE_COMMISSION_INCOME":null,"FEE_COMMISSION_INCOME_YOY":null,"ACCOUNTS_RECE_TDAYS":13.972947806574,"INVENTORY_TDAYS":3.390747729114,"CURRENT_ASSETS_TDAYS":1.080951884972,"TOTAL_ASSETS_TDAYS":0.632357471124,"PREMIUM_EXPENSE":null,"LOAN_DEPOSIT":null,"LOAN_EQUITY":null,"LOAN_ASSETS":null,"DEPOSIT_EQUITY":null,"DEPOSIT_ASSETS":null,"EQUITY_MULTIPLIER":1.708061443742,"EQUITY_RATIO":0.708236436884},{"SECUCODE":"82331.HK","SECURITY_CODE":"82331","SECURITY_NAME_ABBR":"李宁-R","ORG_CODE":"10010588","STD_REPORT_DATE":"2020-12-31 00:00:00","REPORT_DATE":"2020-12-31 00:00:00","DATE_TYPE_CODE":"001","REPORT_TYPE":"2020年年报","PER_NETCASH_OPERATE":1.110159939313,"PER_OI":5.808034219513,"BPS":3.360751329857,"BASIC_EPS":0.6921,"DILUTED_EPS":0.6762,"OPERATE_INCOME":14456971000,"OPERATE_INCOME_YOY":4.2347272422,"GROSS_PROFIT":7094344000,"GROSS_PROFIT_YOY":4.244855088457,"HOLDER_PROFIT":1698484000,"HOLDER_PROFIT_YOY":13.2972993165,"GROSS_PROFIT_RATIO":49.072132744819,"EPS_TTM":0.682359616914,"OPERATE_INCOME_QOQ":4.792286947474,"NET_PROFIT_RATIO":11.7485467737,"ROE_AVG":21.488234622104,"GROSS_PROFIT_QOQ":5.034559491405,"ROA":12.515845294147,"HOLDER_PROFIT_QOQ":22.421113858835,"ROE_YEARLY":21.488234622104,"ROIC_YEARLY":24.285311994848,"TOTAL_ASSETS":14593865000,"TOTAL_LIABILITIES":5904448000,"TAX_EBT":24.440124295721,"OCF_SALES":19.114211407078,"TOTAL_PARENT_EQUITY":8686863000,"DEBT_ASSET_RATIO":40.4584255096,"OPERATE_PROFIT":2195969000,"PRETAX_PROFIT":2247865000,"NETCASH_OPERATE":2763336000,"NETCASH_INVEST":-991555000,"NETCASH_FINANCE":-513491000,"END_CASH":7187039000,"DIVI_RATIO":0.821406028884,"DIVIDEND_RATE":3.641092327698,"CURRENT_RATIO":1.949440654413,"COMMON_ACS":10000000000,"CURRENTDEBT_DEBT":84.936932292401,"ISSUED_COMMON_SHARES":2584797906,"HK_COMMON_SHARES":2584797906,"PER_SHARES":500,"TOTAL_MARKET_CAP":39754191794.28,"HKSK_MARKET_CAP":39754191794.28,"PE_TTM":13.173624576469,"PB_TTM":1.53456752801,"REPORT_DATE_SQ":"2019-12-31 00:00:00","REPORT_TYPE_SQ":"2019年年报","OPERATE_INCOME_SQ":13869630000,"DPS_HKD":0.5604943032,"OPERATE_INCOME_QOQ_SQ":15.073399621915,"NET_PROFIT_RATIO_SQ":10.8088175388,"HOLDER_PROFIT_SQ":1499139000,"HOLDER_PROFIT_QOQ_SQ":20.733466323801,"ROE_AVG_SQ":23.172983888077,"PE_TTM_SQ":12.470821213062,"PB_TTM_SQ":1.964509666803,"ROA_SQ":14.093109968381,"START_DATE":"2020-01-01 00:00:00","FISCAL_YEAR":"12-31","CURRENCY":"CNY","IS_CNY_CODE":1,"DPS_HKD_LY":0.170301,"ORG_TYPE":"一般企业","PREMIUM_INCOME":null,"PREMIUM_INCOME_YOY":null,"NET_INTEREST_INCOME":null,"NET_INTEREST_INCOME_YOY":null,"FEE_COMMISSION_INCOME":null,"FEE_COMMISSION_INCOME_YOY":null,"ACCOUNTS_RECE_TDAYS":21.490931335021,"INVENTORY_TDAYS":5.349199141527,"CURRENT_ASSETS_TDAYS":1.578627651471,"TOTAL_ASSETS_TDAYS":1.065310079212,"PREMIUM_EXPENSE":null,"LOAN_DEPOSIT":null,"LOAN_EQUITY":null,"LOAN_ASSETS":null,"DEPOSIT_EQUITY":null,"DEPOSIT_ASSETS":null,"EQUITY_MULTIPLIER":1.679498751181,"EQUITY_RATIO":0.679698528686},{"SECUCODE":"82331.HK","SECURITY_CODE":"82331","SECURITY_NAME_ABBR":"李宁-R","ORG_CODE":"10010588","STD_REPORT_DATE":"2020-06-30 00:00:00","REPORT_DATE":"2020-06-30 00:00:00","DATE_TYPE_CODE":"002","REPORT_TYPE":"2020年中报","PER_NETCASH_OPERATE":0.193615541329,"PER_OI":2.498455228218,"BPS":2.935049189877,"BASIC_EPS":0.2798,"DILUTED_EPS":0.273,"OPERATE_INCOME":6180935000,"OPERATE_INCOME_YOY":-1.1798271068,"GROSS_PROFIT":3056791000,"GROSS_PROFIT_YOY":-1.646322118896,"HOLDER_PROFIT":683271000,"HOLDER_PROFIT_YOY":-14.0538541558,"GROSS_PROFIT_RATIO":49.455155247548,"EPS_TTM":0.560818754224,"OPERATE_INCOME_QOQ":-0.532061778144,"NET_PROFIT_RATIO":11.0544925646,"ROE_AVG":9.291054183028,"GROSS_PROFIT_QOQ":-0.751851968316,"ROA":5.423240018241,"HOLDER_PROFIT_QOQ":-7.452811246989,"ROE_YEARLY":18.582108366057,"ROIC_YEARLY":19.992231577977,"TOTAL_ASSETS":12650415000,"TOTAL_LIABILITIES":5061352000,"TAX_EBT":24.681954317826,"OCF_SALES":7.749410081161,"TOTAL_PARENT_EQUITY":7586509000,"DEBT_ASSET_RATIO":40.0093751865,"OPERATE_PROFIT":897908000,"PRETAX_PROFIT":907181000,"NETCASH_OPERATE":478986000,"NETCASH_INVEST":-479179000,"NETCASH_FINANCE":-406605000,"END_CASH":5560606000,"DIVI_RATIO":0.99942146902,"DIVIDEND_RATE":3.641092327698,"CURRENT_RATIO":1.943968277637,"COMMON_ACS":10000000000,"CURRENTDEBT_DEBT":87.185913961329,"ISSUED_COMMON_SHARES":2584797906,"HK_COMMON_SHARES":2584797906,"PER_SHARES":500,"TOTAL_MARKET_CAP":39754191794.28,"HKSK_MARKET_CAP":39754191794.28,"PE_TTM":13.173624576469,"PB_TTM":1.53456752801,"REPORT_DATE_SQ":"2019-06-30 00:00:00","REPORT_TYPE_SQ":"2019年中报","OPERATE_INCOME_SQ":6254730000,"DPS_HKD":0.5604943032,"OPERATE_INCOME_QOQ_SQ":14.67007861745,"NET_PROFIT_RATIO_SQ":12.7103647959,"HOLDER_PROFIT_SQ":794999000,"HOLDER_PROFIT_QOQ_SQ":73.599501162509,"ROE_AVG_SQ":12.950895355982,"PE_TTM_SQ":12.470821213062,"PB_TTM_SQ":1.964509666803,"ROA_SQ":8.108396030267,"START_DATE":"2020-01-01 00:00:00","FISCAL_YEAR":"12-31","CURRENCY":"CNY","IS_CNY_CODE":1,"DPS_HKD_LY":0.170301,"ORG_TYPE":"一般企业","PREMIUM_INCOME":null,"PREMIUM_INCOME_YOY":null,"NET_INTEREST_INCOME":null,"NET_INTEREST_INCOME_YOY":null,"FEE_COMMISSION_INCOME":null,"FEE_COMMISSION_INCOME_YOY":null,"ACCOUNTS_RECE_TDAYS":8.377407462626,"INVENTORY_TDAYS":2.154626647448,"CURRENT_ASSETS_TDAYS":0.722171734969,"TOTAL_ASSETS_TDAYS":0.490591493597,"PREMIUM_EXPENSE":null,"LOAN_DEPOSIT":null,"LOAN_EQUITY":null,"LOAN_ASSETS":null,"DEPOSIT_EQUITY":null,"DEPOSIT_ASSETS":null,"EQUITY_MULTIPLIER":1.666927129212,"EQUITY_RATIO":0.667151650384}],"count":45},"success":true,"message":"ok","code":0}