{"version":"b073c8246db4e08bc0d9ec30ca1417c1","result":{"pages":6,"data":[{"SECUCODE":"82388.HK","SECURITY_CODE":"82388","SECURITY_NAME_ABBR":"中银香港-R","ORG_CODE":"10010610","STD_REPORT_DATE":"2024-06-30 00:00:00","REPORT_DATE":"2024-06-30 00:00:00","DATE_TYPE_CODE":"002","REPORT_TYPE":"2024年中报","PER_NETCASH_OPERATE":2.678274679657,"PER_OI":3.050329210351,"BPS":28.190942981998,"BASIC_EPS":1.729893672,"DILUTED_EPS":1.729893672,"OPERATE_INCOME":32250460480,"OPERATE_INCOME_YOY":14.5859005124,"GROSS_PROFIT":null,"GROSS_PROFIT_YOY":null,"HOLDER_PROFIT":18290107200,"HOLDER_PROFIT_YOY":17.8962230851,"GROSS_PROFIT_RATIO":null,"EPS_TTM":3.052416432391,"OPERATE_INCOME_QOQ":6.433161145653,"NET_PROFIT_RATIO":57.9097803939,"ROE_AVG":6.197446182107,"GROSS_PROFIT_QOQ":null,"ROA":0.509467930151,"HOLDER_PROFIT_QOQ":8.829399841589,"ROE_YEARLY":12.394892364214,"ROIC_YEARLY":1.186495619469,"TOTAL_ASSETS":3649120984640,"TOTAL_LIABILITIES":3347996821520,"TAX_EBT":17.207476938016,"OCF_SALES":87.802807335296,"TOTAL_PARENT_EQUITY":298056645640,"DEBT_ASSET_RATIO":91.7480356396,"OPERATE_PROFIT":22939299120,"PRETAX_PROFIT":22557798880,"NETCASH_OPERATE":28316809680,"NETCASH_INVEST":-1394575040,"NETCASH_FINANCE":-386063640,"END_CASH":642018357240,"DIVI_RATIO":0.510365978727,"DIVIDEND_RATE":6.22754491018,"CURRENT_RATIO":null,"COMMON_ACS":null,"CURRENTDEBT_DEBT":null,"ISSUED_COMMON_SHARES":10572780266,"HK_COMMON_SHARES":10572780266,"PER_SHARES":500,"TOTAL_MARKET_CAP":264848145663.3,"HKSK_MARKET_CAP":264848145663.3,"PE_TTM":8.206612876991,"PB_TTM":0.888583259382,"REPORT_DATE_SQ":"2023-06-30 00:00:00","REPORT_TYPE_SQ":"2023年中报","OPERATE_INCOME_SQ":28432019240,"DPS_HKD":1.5578495,"OPERATE_INCOME_QOQ_SQ":10.565322098137,"NET_PROFIT_RATIO_SQ":58.6354497698,"HOLDER_PROFIT_SQ":15671816040,"HOLDER_PROFIT_QOQ_SQ":20.183321934385,"ROE_AVG_SQ":5.192535920539,"PE_TTM_SQ":6.479638397336,"PB_TTM_SQ":0.662797261833,"ROA_SQ":0.455940381731,"START_DATE":"2024-01-01 00:00:00","FISCAL_YEAR":"12-31","CURRENCY":"CNY","IS_CNY_CODE":1,"DPS_HKD_LY":1.715,"ORG_TYPE":"银行","PREMIUM_INCOME":null,"PREMIUM_INCOME_YOY":null,"NET_INTEREST_INCOME":23713251760,"NET_INTEREST_INCOME_YOY":11.952774905205,"FEE_COMMISSION_INCOME":4563400000,"FEE_COMMISSION_INCOME_YOY":null,"ACCOUNTS_RECE_TDAYS":null,"INVENTORY_TDAYS":null,"CURRENT_ASSETS_TDAYS":null,"TOTAL_ASSETS_TDAYS":0.008983312764,"PREMIUM_EXPENSE":null,"LOAN_DEPOSIT":64.033532351282,"LOAN_EQUITY":5.120384682997,"LOAN_ASSETS":42.253231915579,"DEPOSIT_EQUITY":7.996411403493,"DEPOSIT_ASSETS":65.986101912638,"EQUITY_MULTIPLIER":12.118326695627,"EQUITY_RATIO":11.23275347319},{"SECUCODE":"82388.HK","SECURITY_CODE":"82388","SECURITY_NAME_ABBR":"中银香港-R","ORG_CODE":"10010610","STD_REPORT_DATE":"2023-12-31 00:00:00","REPORT_DATE":"2023-12-31 00:00:00","DATE_TYPE_CODE":"001","REPORT_TYPE":"2023年年报","PER_NETCASH_OPERATE":16.895401516519,"PER_OI":5.614000865115,"BPS":27.440445616086,"BASIC_EPS":2.8047509,"DILUTED_EPS":2.8047509,"OPERATE_INCOME":59355597560,"OPERATE_INCOME_YOY":20.8115835101,"GROSS_PROFIT":null,"GROSS_PROFIT_YOY":null,"HOLDER_PROFIT":29654237060,"HOLDER_PROFIT_YOY":26.1488049345,"GROSS_PROFIT_RATIO":null,"EPS_TTM":2.804771906152,"OPERATE_INCOME_QOQ":-15.998550586176,"NET_PROFIT_RATIO":53.218418883,"ROE_AVG":10.171757000602,"GROSS_PROFIT_QOQ":null,"ROA":0.866393781176,"HOLDER_PROFIT_QOQ":2.100605274571,"ROE_YEARLY":10.171757000602,"ROIC_YEARLY":0.991085590507,"TOTAL_ASSETS":3505968530260,"TOTAL_LIABILITIES":3212870701880,"TAX_EBT":14.804223493181,"OCF_SALES":300.951174081651,"TOTAL_PARENT_EQUITY":290121801900,"DEBT_ASSET_RATIO":91.6400325374,"OPERATE_PROFIT":38566910760,"PRETAX_PROFIT":37077085080,"NETCASH_OPERATE":178631367740,"NETCASH_INVEST":-1775284980,"NETCASH_FINANCE":-39329948000,"END_CASH":622509704600,"DIVI_RATIO":0.555428231644,"DIVIDEND_RATE":6.610169491525,"CURRENT_RATIO":null,"COMMON_ACS":null,"CURRENTDEBT_DEBT":null,"ISSUED_COMMON_SHARES":10572780266,"HK_COMMON_SHARES":10572780266,"PER_SHARES":500,"TOTAL_MARKET_CAP":249517614277.6,"HKSK_MARKET_CAP":249517614277.6,"PE_TTM":7.731579397085,"PB_TTM":0.837148300256,"REPORT_DATE_SQ":"2022-12-31 00:00:00","REPORT_TYPE_SQ":"2022年年报","OPERATE_INCOME_SQ":48428633050,"DPS_HKD":1.5578495,"OPERATE_INCOME_QOQ_SQ":15.215191321438,"NET_PROFIT_RATIO_SQ":40.5876104216,"HOLDER_PROFIT_SQ":23171423800,"HOLDER_PROFIT_QOQ_SQ":21.824567512549,"ROE_AVG_SQ":8.350051543528,"PE_TTM_SQ":6.858224011562,"PB_TTM_SQ":0.701522495109,"ROA_SQ":0.738727504056,"START_DATE":"2023-01-01 00:00:00","FISCAL_YEAR":"12-31","CURRENCY":"CNY","IS_CNY_CODE":1,"DPS_HKD_LY":1.437,"ORG_TYPE":"银行","PREMIUM_INCOME":null,"PREMIUM_INCOME_YOY":null,"NET_INTEREST_INCOME":46287905160,"NET_INTEREST_INCOME_YOY":31.814193548387,"FEE_COMMISSION_INCOME":8307318740,"FEE_COMMISSION_INCOME_YOY":null,"ACCOUNTS_RECE_TDAYS":null,"INVENTORY_TDAYS":null,"CURRENT_ASSETS_TDAYS":null,"TOTAL_ASSETS_TDAYS":0.017341643456,"PREMIUM_EXPENSE":null,"LOAN_DEPOSIT":67.680224744792,"LOAN_EQUITY":5.234978928915,"LOAN_ASSETS":43.764253513314,"DEPOSIT_EQUITY":7.734872259445,"DEPOSIT_ASSETS":64.663280416606,"EQUITY_MULTIPLIER":11.961769043644,"EQUITY_RATIO":11.074213247122},{"SECUCODE":"82388.HK","SECURITY_CODE":"82388","SECURITY_NAME_ABBR":"中银香港-R","ORG_CODE":"10010610","STD_REPORT_DATE":"2023-06-30 00:00:00","REPORT_DATE":"2023-06-30 00:00:00","DATE_TYPE_CODE":"002","REPORT_TYPE":"2023年中报","PER_NETCASH_OPERATE":-7.511245415303,"PER_OI":2.68917148798,"BPS":26.855874375173,"BASIC_EPS":1.482267246,"DILUTED_EPS":1.482267246,"OPERATE_INCOME":28432019240,"OPERATE_INCOME_YOY":21.6441166029,"GROSS_PROFIT":null,"GROSS_PROFIT_YOY":null,"HOLDER_PROFIT":15671816040,"HOLDER_PROFIT_YOY":34.6696244652,"GROSS_PROFIT_RATIO":null,"EPS_TTM":2.747066874491,"OPERATE_INCOME_QOQ":10.565322098137,"NET_PROFIT_RATIO":58.6354497698,"ROE_AVG":5.192535920539,"GROSS_PROFIT_QOQ":null,"ROA":0.455940381731,"HOLDER_PROFIT_QOQ":20.183321934385,"ROE_YEARLY":10.385071841078,"ROIC_YEARLY":1.046338231696,"TOTAL_ASSETS":3476953458380,"TOTAL_LIABILITIES":3168538240660,"TAX_EBT":15.987548204247,"OCF_SALES":-279.314482132434,"TOTAL_PARENT_EQUITY":305585661100,"DEBT_ASSET_RATIO":91.1297283265,"OPERATE_PROFIT":20114837660,"PRETAX_PROFIT":19843775540,"NETCASH_OPERATE":-79414747300,"NETCASH_INVEST":-544890180,"NETCASH_FINANCE":-1016021960,"END_CASH":411579247840,"DIVI_RATIO":0.567095586375,"DIVIDEND_RATE":6.610169491525,"CURRENT_RATIO":null,"COMMON_ACS":null,"CURRENTDEBT_DEBT":null,"ISSUED_COMMON_SHARES":10572780266,"HK_COMMON_SHARES":10572780266,"PER_SHARES":500,"TOTAL_MARKET_CAP":249517614277.6,"HKSK_MARKET_CAP":249517614277.6,"PE_TTM":7.731579397085,"PB_TTM":0.837148300256,"REPORT_DATE_SQ":"2022-06-30 00:00:00","REPORT_TYPE_SQ":"2022年中报","OPERATE_INCOME_SQ":21679921690,"DPS_HKD":1.5578495,"OPERATE_INCOME_QOQ_SQ":3.458705244066,"NET_PROFIT_RATIO_SQ":39.7798134761,"HOLDER_PROFIT_SQ":10794208180,"HOLDER_PROFIT_QOQ_SQ":5.627616043048,"ROE_AVG_SQ":4.205452854102,"PE_TTM_SQ":6.858224011562,"PB_TTM_SQ":0.701522495109,"ROA_SQ":0.371100647278,"START_DATE":"2023-01-01 00:00:00","FISCAL_YEAR":"12-31","CURRENCY":"CNY","IS_CNY_CODE":1,"DPS_HKD_LY":1.437,"ORG_TYPE":"银行","PREMIUM_INCOME":null,"PREMIUM_INCOME_YOY":null,"NET_INTEREST_INCOME":21397311840,"NET_INTEREST_INCOME_YOY":51.478363031134,"FEE_COMMISSION_INCOME":4530609720,"FEE_COMMISSION_INCOME_YOY":null,"ACCOUNTS_RECE_TDAYS":null,"INVENTORY_TDAYS":null,"CURRENT_ASSETS_TDAYS":null,"TOTAL_ASSETS_TDAYS":0.00827173167,"PREMIUM_EXPENSE":null,"LOAN_DEPOSIT":69.542622158895,"LOAN_EQUITY":5.121178784744,"LOAN_ASSETS":45.426247109327,"DEPOSIT_EQUITY":7.36408640595,"DEPOSIT_ASSETS":65.32144704802,"EQUITY_MULTIPLIER":11.273611866788,"EQUITY_RATIO":10.368739911599},{"SECUCODE":"82388.HK","SECURITY_CODE":"82388","SECURITY_NAME_ABBR":"中银香港-R","ORG_CODE":"10010610","STD_REPORT_DATE":"2022-12-31 00:00:00","REPORT_DATE":"2022-12-31 00:00:00","DATE_TYPE_CODE":"001","REPORT_TYPE":"2022年年报","PER_NETCASH_OPERATE":-2.181472689276,"PER_OI":4.580501233506,"BPS":25.603578277373,"BASIC_EPS":2.191637945,"DILUTED_EPS":2.191637945,"OPERATE_INCOME":48428633050,"OPERATE_INCOME_YOY":9.1025543271,"GROSS_PROFIT":null,"GROSS_PROFIT_YOY":null,"HOLDER_PROFIT":23171423800,"HOLDER_PROFIT_YOY":17.7797126687,"GROSS_PROFIT_RATIO":null,"EPS_TTM":2.285730524233,"OPERATE_INCOME_QOQ":15.215191321438,"NET_PROFIT_RATIO":40.5876104216,"ROE_AVG":8.350051543528,"GROSS_PROFIT_QOQ":null,"ROA":0.738727504056,"HOLDER_PROFIT_QOQ":21.824567512549,"ROE_YEARLY":8.350051543528,"ROIC_YEARLY":0.857163632423,"TOTAL_ASSETS":3275178921350,"TOTAL_LIABILITIES":2984120290900,"TAX_EBT":17.887944032326,"OCF_SALES":-36.089679078609,"TOTAL_PARENT_EQUITY":288762033280,"DEBT_ASSET_RATIO":90.9948204329,"OPERATE_PROFIT":31190308590,"PRETAX_PROFIT":29622619740,"NETCASH_OPERATE":-23064231400,"NETCASH_INVEST":-1092469210,"NETCASH_FINANCE":53872220430,"END_CASH":483192074750,"DIVI_RATIO":0.681554314248,"DIVIDEND_RATE":6.610169491525,"CURRENT_RATIO":null,"COMMON_ACS":null,"CURRENTDEBT_DEBT":null,"ISSUED_COMMON_SHARES":10572780266,"HK_COMMON_SHARES":10572780266,"PER_SHARES":500,"TOTAL_MARKET_CAP":249517614277.6,"HKSK_MARKET_CAP":249517614277.6,"PE_TTM":7.731579397085,"PB_TTM":0.837148300256,"REPORT_DATE_SQ":"2021-12-31 00:00:00","REPORT_TYPE_SQ":"2021年年报","OPERATE_INCOME_SQ":53614120000,"DPS_HKD":1.5578495,"OPERATE_INCOME_QOQ_SQ":-9.649651563264,"NET_PROFIT_RATIO_SQ":38.1227601982,"HOLDER_PROFIT_SQ":18780272000,"HOLDER_PROFIT_QOQ_SQ":-0.445158486521,"ROE_AVG_SQ":7.231764352156,"PE_TTM_SQ":6.858224011562,"PB_TTM_SQ":0.701522495109,"ROA_SQ":0.660018496034,"START_DATE":"2022-01-01 00:00:00","FISCAL_YEAR":"12-31","CURRENCY":"CNY","IS_CNY_CODE":1,"DPS_HKD_LY":1.13,"ORG_TYPE":"银行","PREMIUM_INCOME":null,"PREMIUM_INCOME_YOY":null,"NET_INTEREST_INCOME":34614212500,"NET_INTEREST_INCOME_YOY":21.317429009737,"FEE_COMMISSION_INCOME":8754046000,"FEE_COMMISSION_INCOME_YOY":null,"ACCOUNTS_RECE_TDAYS":null,"INVENTORY_TDAYS":null,"CURRENT_ASSETS_TDAYS":null,"TOTAL_ASSETS_TDAYS":0.019535566109,"PREMIUM_EXPENSE":null,"LOAN_DEPOSIT":69.161541254085,"LOAN_EQUITY":5.045845289794,"LOAN_ASSETS":44.841422553631,"DEPOSIT_EQUITY":7.295738640723,"DEPOSIT_ASSETS":64.835776850161,"EQUITY_MULTIPLIER":11.104720261809,"EQUITY_RATIO":10.334185062364},{"SECUCODE":"82388.HK","SECURITY_CODE":"82388","SECURITY_NAME_ABBR":"中银香港-R","ORG_CODE":"10010610","STD_REPORT_DATE":"2022-06-30 00:00:00","REPORT_DATE":"2022-06-30 00:00:00","DATE_TYPE_CODE":"002","REPORT_TYPE":"2022年中报","PER_NETCASH_OPERATE":-6.847081549855,"PER_OI":2.050541214757,"BPS":23.921309194642,"BASIC_EPS":1.020925822,"DILUTED_EPS":1.020925822,"OPERATE_INCOME":21679921690,"OPERATE_INCOME_YOY":3.4894346088,"GROSS_PROFIT":null,"GROSS_PROFIT_YOY":null,"HOLDER_PROFIT":10794208180,"HOLDER_PROFIT_YOY":7.1246819338,"GROSS_PROFIT_RATIO":null,"EPS_TTM":1.876247600056,"OPERATE_INCOME_QOQ":3.458705244066,"NET_PROFIT_RATIO":39.7798134761,"ROE_AVG":4.205452854102,"GROSS_PROFIT_QOQ":null,"ROA":0.371100647278,"HOLDER_PROFIT_QOQ":5.627616043048,"ROE_YEARLY":8.410905708203,"ROIC_YEARLY":0.849034917601,"TOTAL_ASSETS":3096757585460,"TOTAL_LIABILITIES":2819235602610,"TAX_EBT":18.130453889133,"OCF_SALES":-233.571546824127,"TOTAL_PARENT_EQUITY":272991186230,"DEBT_ASSET_RATIO":91.0383045753,"OPERATE_PROFIT":13881444080,"PRETAX_PROFIT":13622321510,"NETCASH_OPERATE":-72392688690,"NETCASH_INVEST":-402794490,"NETCASH_FINANCE":-996296350,"END_CASH":369958614760,"DIVI_RATIO":0.830300595696,"DIVIDEND_RATE":6.610169491525,"CURRENT_RATIO":null,"COMMON_ACS":null,"CURRENTDEBT_DEBT":null,"ISSUED_COMMON_SHARES":10572780266,"HK_COMMON_SHARES":10572780266,"PER_SHARES":500,"TOTAL_MARKET_CAP":249517614277.6,"HKSK_MARKET_CAP":249517614277.6,"PE_TTM":7.731579397085,"PB_TTM":0.837148300256,"REPORT_DATE_SQ":"2021-06-30 00:00:00","REPORT_TYPE_SQ":"2021年中报","OPERATE_INCOME_SQ":29139441600,"DPS_HKD":1.5578495,"OPERATE_INCOME_QOQ_SQ":-8.005509198762,"NET_PROFIT_RATIO_SQ":38.8092518561,"HOLDER_PROFIT_SQ":10464238080,"HOLDER_PROFIT_QOQ_SQ":-15.378571301033,"ROE_AVG_SQ":3.990980941606,"PE_TTM_SQ":6.858224011562,"PB_TTM_SQ":0.701522495109,"ROA_SQ":0.351488593041,"START_DATE":"2022-01-01 00:00:00","FISCAL_YEAR":"12-31","CURRENCY":"CNY","IS_CNY_CODE":1,"DPS_HKD_LY":1.13,"ORG_TYPE":"银行","PREMIUM_INCOME":null,"PREMIUM_INCOME_YOY":null,"NET_INTEREST_INCOME":13102365990,"NET_INTEREST_INCOME_YOY":-3.895370718856,"FEE_COMMISSION_INCOME":4645392080,"FEE_COMMISSION_INCOME_YOY":null,"ACCOUNTS_RECE_TDAYS":null,"INVENTORY_TDAYS":null,"CURRENT_ASSETS_TDAYS":null,"TOTAL_ASSETS_TDAYS":0.009983246481,"PREMIUM_EXPENSE":null,"LOAN_DEPOSIT":69.926422836872,"LOAN_EQUITY":5.172827142043,"LOAN_ASSETS":46.357301331572,"DEPOSIT_EQUITY":7.397528619632,"DEPOSIT_ASSETS":66.294398384594,"EQUITY_MULTIPLIER":11.158602838073,"EQUITY_RATIO":10.32720375168},{"SECUCODE":"82388.HK","SECURITY_CODE":"82388","SECURITY_NAME_ABBR":"中银香港-R","ORG_CODE":"10010610","STD_REPORT_DATE":"2021-12-31 00:00:00","REPORT_DATE":"2021-12-31 00:00:00","DATE_TYPE_CODE":"001","REPORT_TYPE":"2021年年报","PER_NETCASH_OPERATE":6.805097447393,"PER_OI":5.0709575581,"BPS":23.044457207109,"BASIC_EPS":1.77631776,"DILUTED_EPS":1.77631776,"OPERATE_INCOME":53614120000,"OPERATE_INCOME_YOY":-14.4387468848,"GROSS_PROFIT":null,"GROSS_PROFIT_YOY":null,"HOLDER_PROFIT":18780272000,"HOLDER_PROFIT_YOY":-13.278211953,"GROSS_PROFIT_RATIO":null,"EPS_TTM":1.776285095075,"OPERATE_INCOME_QOQ":-9.649651563264,"NET_PROFIT_RATIO":38.1227601982,"ROE_AVG":7.231764352156,"GROSS_PROFIT_QOQ":null,"ROA":0.660018496034,"HOLDER_PROFIT_QOQ":-0.445158486521,"ROE_YEARLY":7.231764352156,"ROIC_YEARLY":0.763211415543,"TOTAL_ASSETS":2975597968000,"TOTAL_LIABILITIES":2707865854400,"TAX_EBT":16.581019754405,"OCF_SALES":134.197483797179,"TOTAL_PARENT_EQUITY":262837960000,"DEBT_ASSET_RATIO":91.002409718,"OPERATE_PROFIT":24879568000,"PRETAX_PROFIT":24501836800,"NETCASH_OPERATE":71948800000,"NETCASH_INVEST":-1086590400,"NETCASH_FINANCE":-12613115200,"END_CASH":434893704000,"DIVI_RATIO":0.877026725225,"DIVIDEND_RATE":6.610169491525,"CURRENT_RATIO":null,"COMMON_ACS":null,"CURRENTDEBT_DEBT":null,"ISSUED_COMMON_SHARES":10572780266,"HK_COMMON_SHARES":10572780266,"PER_SHARES":500,"TOTAL_MARKET_CAP":249517614277.6,"HKSK_MARKET_CAP":249517614277.6,"PE_TTM":7.731579397085,"PB_TTM":0.837148300256,"REPORT_DATE_SQ":"2020-12-31 00:00:00","REPORT_TYPE_SQ":"2020年年报","OPERATE_INCOME_SQ":64504131240,"DPS_HKD":1.5578495,"OPERATE_INCOME_QOQ_SQ":-7.864095202713,"NET_PROFIT_RATIO_SQ":37.1446092822,"HOLDER_PROFIT_SQ":22292518680,"HOLDER_PROFIT_QOQ_SQ":-19.06766754325,"ROE_AVG_SQ":8.599158816759,"PE_TTM_SQ":6.858224011562,"PB_TTM_SQ":0.701522495109,"ROA_SQ":0.834625668639,"START_DATE":"2021-01-01 00:00:00","FISCAL_YEAR":"12-31","CURRENCY":"CNY","IS_CNY_CODE":1,"DPS_HKD_LY":1.242,"ORG_TYPE":"银行","PREMIUM_INCOME":null,"PREMIUM_INCOME_YOY":null,"NET_INTEREST_INCOME":26114961600,"NET_INTEREST_INCOME_YOY":-8.051701306926,"FEE_COMMISSION_INCOME":9706547200,"FEE_COMMISSION_INCOME_YOY":null,"ACCOUNTS_RECE_TDAYS":null,"INVENTORY_TDAYS":null,"CURRENT_ASSETS_TDAYS":null,"TOTAL_ASSETS_TDAYS":0.018842278136,"PREMIUM_EXPENSE":null,"LOAN_DEPOSIT":68.51513520122,"LOAN_EQUITY":4.877509077417,"LOAN_ASSETS":43.885828275307,"DEPOSIT_EQUITY":7.118878278635,"DEPOSIT_ASSETS":64.052750018547,"EQUITY_MULTIPLIER":11.114086868353,"EQUITY_RATIO":10.302415428882},{"SECUCODE":"82388.HK","SECURITY_CODE":"82388","SECURITY_NAME_ABBR":"中银香港-R","ORG_CODE":"10010610","STD_REPORT_DATE":"2021-06-30 00:00:00","REPORT_DATE":"2021-06-30 00:00:00","DATE_TYPE_CODE":"002","REPORT_TYPE":"2021年中报","PER_NETCASH_OPERATE":10.419513962119,"PER_OI":2.756081264046,"BPS":23.05656366887,"BASIC_EPS":0.98975916,"DILUTED_EPS":0.98975916,"OPERATE_INCOME":29139441600,"OPERATE_INCOME_YOY":-6.7476167652,"GROSS_PROFIT":null,"GROSS_PROFIT_YOY":null,"HOLDER_PROFIT":10464238080,"HOLDER_PROFIT_YOY":-17.312117825,"GROSS_PROFIT_RATIO":null,"EPS_TTM":1.784227736262,"OPERATE_INCOME_QOQ":-8.005509198762,"NET_PROFIT_RATIO":38.8092518561,"ROE_AVG":3.990980941606,"GROSS_PROFIT_QOQ":null,"ROA":0.351488593041,"HOLDER_PROFIT_QOQ":-15.378571301033,"ROE_YEARLY":7.981961883212,"ROIC_YEARLY":0.82006124376,"TOTAL_ASSETS":3190918629600,"TOTAL_LIABILITIES":2922745070160,"TAX_EBT":15.860830805423,"OCF_SALES":378.055396916048,"TOTAL_PARENT_EQUITY":263305891440,"DEBT_ASSET_RATIO":91.5957255396,"OPERATE_PROFIT":13551254880,"PRETAX_PROFIT":13440588240,"NETCASH_OPERATE":110163231600,"NETCASH_INVEST":-334496160,"NETCASH_FINANCE":-7975486800,"END_CASH":481438991760,"DIVI_RATIO":0.873122566329,"DIVIDEND_RATE":6.610169491525,"CURRENT_RATIO":null,"COMMON_ACS":null,"CURRENTDEBT_DEBT":null,"ISSUED_COMMON_SHARES":10572780266,"HK_COMMON_SHARES":10572780266,"PER_SHARES":500,"TOTAL_MARKET_CAP":249517614277.6,"HKSK_MARKET_CAP":249517614277.6,"PE_TTM":7.731579397085,"PB_TTM":0.837148300256,"REPORT_DATE_SQ":"2020-06-30 00:00:00","REPORT_TYPE_SQ":"2020年中报","OPERATE_INCOME_SQ":34303325760,"DPS_HKD":1.5578495,"OPERATE_INCOME_QOQ_SQ":-1.982681241452,"NET_PROFIT_RATIO_SQ":43.0340309954,"HOLDER_PROFIT_SQ":13892508960,"HOLDER_PROFIT_QOQ_SQ":-4.457697988292,"ROE_AVG_SQ":4.988029254534,"PE_TTM_SQ":6.858224011562,"PB_TTM_SQ":0.701522495109,"ROA_SQ":0.486471461823,"START_DATE":"2021-01-01 00:00:00","FISCAL_YEAR":"12-31","CURRENCY":"CNY","IS_CNY_CODE":1,"DPS_HKD_LY":1.242,"ORG_TYPE":"银行","PREMIUM_INCOME":null,"PREMIUM_INCOME_YOY":null,"NET_INTEREST_INCOME":13265019360,"NET_INTEREST_INCOME_YOY":-14.455891822279,"FEE_COMMISSION_INCOME":5539156560,"FEE_COMMISSION_INCOME_YOY":null,"ACCOUNTS_RECE_TDAYS":null,"INVENTORY_TDAYS":null,"CURRENT_ASSETS_TDAYS":null,"TOTAL_ASSETS_TDAYS":0.009787794631,"PREMIUM_EXPENSE":null,"LOAN_DEPOSIT":65.159034312044,"LOAN_EQUITY":5.423177046973,"LOAN_ASSETS":45.577868350166,"DEPOSIT_EQUITY":8.322985606265,"DEPOSIT_ASSETS":69.94865536511,"EQUITY_MULTIPLIER":11.898707077118,"EQUITY_RATIO":11.100188659569},{"SECUCODE":"82388.HK","SECURITY_CODE":"82388","SECURITY_NAME_ABBR":"中银香港-R","ORG_CODE":"10010610","STD_REPORT_DATE":"2020-12-31 00:00:00","REPORT_DATE":"2020-12-31 00:00:00","DATE_TYPE_CODE":"001","REPORT_TYPE":"2020年年报","PER_NETCASH_OPERATE":11.353181829193,"PER_OI":6.100962057013,"BPS":23.109321212862,"BASIC_EPS":2.108476528,"DILUTED_EPS":2.108476528,"OPERATE_INCOME":64504131240,"OPERATE_INCOME_YOY":-3.8815591452,"GROSS_PROFIT":null,"GROSS_PROFIT_YOY":null,"HOLDER_PROFIT":22292518680,"HOLDER_PROFIT_YOY":-17.7013422819,"GROSS_PROFIT_RATIO":null,"EPS_TTM":2.108482170171,"OPERATE_INCOME_QOQ":-7.864095202713,"NET_PROFIT_RATIO":37.1446092822,"ROE_AVG":8.599158816759,"GROSS_PROFIT_QOQ":null,"ROA":0.834625668639,"HOLDER_PROFIT_QOQ":-19.06766754325,"ROE_YEARLY":8.599158816759,"ROIC_YEARLY":0.962221184451,"TOTAL_ASSETS":2795070448840,"TOTAL_LIABILITIES":2526036014640,"TAX_EBT":15.230920406158,"OCF_SALES":186.088386111872,"TOTAL_PARENT_EQUITY":264088115920,"DEBT_ASSET_RATIO":90.3746814571,"OPERATE_PROFIT":29810888800,"PRETAX_PROFIT":28264796120,"NETCASH_OPERATE":120034696800,"NETCASH_INVEST":-1114331360,"NETCASH_FINANCE":-25648137360,"END_CASH":383836655120,"DIVI_RATIO":0.73884878992,"DIVIDEND_RATE":6.610169491525,"CURRENT_RATIO":null,"COMMON_ACS":null,"CURRENTDEBT_DEBT":null,"ISSUED_COMMON_SHARES":10572780266,"HK_COMMON_SHARES":10572780266,"PER_SHARES":500,"TOTAL_MARKET_CAP":249517614277.6,"HKSK_MARKET_CAP":249517614277.6,"PE_TTM":7.731579397085,"PB_TTM":0.837148300256,"REPORT_DATE_SQ":"2019-12-31 00:00:00","REPORT_TYPE_SQ":"2019年年报","OPERATE_INCOME_SQ":71425914080,"DPS_HKD":1.5578495,"OPERATE_INCOME_QOQ_SQ":7.519162376108,"NET_PROFIT_RATIO_SQ":42.733520618,"HOLDER_PROFIT_SQ":28829783520,"HOLDER_PROFIT_QOQ_SQ":1.476252906872,"ROE_AVG_SQ":11.035693528394,"PE_TTM_SQ":6.858224011562,"PB_TTM_SQ":0.701522495109,"ROA_SQ":1.076575370395,"START_DATE":"2020-01-01 00:00:00","FISCAL_YEAR":"12-31","CURRENCY":"CNY","IS_CNY_CODE":1,"DPS_HKD_LY":1.439,"ORG_TYPE":"银行","PREMIUM_INCOME":null,"PREMIUM_INCOME_YOY":null,"NET_INTEREST_INCOME":29236890320,"NET_INTEREST_INCOME_YOY":-14.275843348222,"FEE_COMMISSION_INCOME":9125060880,"FEE_COMMISSION_INCOME_YOY":null,"ACCOUNTS_RECE_TDAYS":null,"INVENTORY_TDAYS":null,"CURRENT_ASSETS_TDAYS":null,"TOTAL_ASSETS_TDAYS":0.024150166448,"PREMIUM_EXPENSE":null,"LOAN_DEPOSIT":68.709521277789,"LOAN_EQUITY":4.693860568425,"LOAN_ASSETS":45.179903167167,"DEPOSIT_EQUITY":6.831455788272,"DEPOSIT_ASSETS":65.754938074021,"EQUITY_MULTIPLIER":10.389266553029,"EQUITY_RATIO":9.565125662092},{"SECUCODE":"82388.HK","SECURITY_CODE":"82388","SECURITY_NAME_ABBR":"中银香港-R","ORG_CODE":"10010610","STD_REPORT_DATE":"2020-06-30 00:00:00","REPORT_DATE":"2020-06-30 00:00:00","DATE_TYPE_CODE":"002","REPORT_TYPE":"2020年中报","PER_NETCASH_OPERATE":6.266693219102,"PER_OI":3.244494342733,"BPS":24.543648488987,"BASIC_EPS":1.31398344,"DILUTED_EPS":1.31398344,"OPERATE_INCOME":34303325760,"OPERATE_INCOME_YOY":-7.5161306211,"GROSS_PROFIT":null,"GROSS_PROFIT_YOY":null,"HOLDER_PROFIT":13892508960,"HOLDER_PROFIT_YOY":-11.8523240988,"GROSS_PROFIT_RATIO":null,"EPS_TTM":2.605240830416,"OPERATE_INCOME_QOQ":-1.982681241452,"NET_PROFIT_RATIO":43.0340309954,"ROE_AVG":4.988029254534,"GROSS_PROFIT_QOQ":null,"ROA":0.486471461823,"HOLDER_PROFIT_QOQ":-4.457697988292,"ROE_YEARLY":9.976058509068,"ROIC_YEARLY":1.11306697375,"TOTAL_ASSETS":2947420597440,"TOTAL_LIABILITIES":2661510223680,"TAX_EBT":15.933208489388,"OCF_SALES":193.148532779464,"TOTAL_PARENT_EQUITY":280938519840,"DEBT_ASSET_RATIO":90.2996411843,"OPERATE_PROFIT":18075150720,"PRETAX_PROFIT":17559970560,"NETCASH_OPERATE":66256370400,"NETCASH_INVEST":-397346400,"NETCASH_FINANCE":-12923349120,"END_CASH":352950475680,"DIVI_RATIO":0.597967559011,"DIVIDEND_RATE":6.610169491525,"CURRENT_RATIO":null,"COMMON_ACS":null,"CURRENTDEBT_DEBT":null,"ISSUED_COMMON_SHARES":10572780266,"HK_COMMON_SHARES":10572780266,"PER_SHARES":500,"TOTAL_MARKET_CAP":249517614277.6,"HKSK_MARKET_CAP":249517614277.6,"PE_TTM":7.731579397085,"PB_TTM":0.837148300256,"REPORT_DATE_SQ":"2019-06-30 00:00:00","REPORT_TYPE_SQ":"2019年中报","OPERATE_INCOME_SQ":35719473960,"DPS_HKD":1.5578495,"OPERATE_INCOME_QOQ_SQ":12.12217643327,"NET_PROFIT_RATIO_SQ":45.0081268778,"HOLDER_PROFIT_SQ":15177653640,"HOLDER_PROFIT_QOQ_SQ":1.326661079092,"ROE_AVG_SQ":6.024209964003,"PE_TTM_SQ":6.858224011562,"PB_TTM_SQ":0.701522495109,"ROA_SQ":0.5808114428,"START_DATE":"2020-01-01 00:00:00","FISCAL_YEAR":"12-31","CURRENCY":"CNY","IS_CNY_CODE":1,"DPS_HKD_LY":1.439,"ORG_TYPE":"银行","PREMIUM_INCOME":null,"PREMIUM_INCOME_YOY":null,"NET_INTEREST_INCOME":17022867840,"NET_INTEREST_INCOME_YOY":-6.365874491283,"FEE_COMMISSION_INCOME":4964546400,"FEE_COMMISSION_INCOME_YOY":null,"ACCOUNTS_RECE_TDAYS":null,"INVENTORY_TDAYS":null,"CURRENT_ASSETS_TDAYS":null,"TOTAL_ASSETS_TDAYS":0.012011933248,"PREMIUM_EXPENSE":null,"LOAN_DEPOSIT":70.563333825445,"LOAN_EQUITY":4.82537922838,"LOAN_ASSETS":46.807909937193,"DEPOSIT_EQUITY":6.838366282859,"DEPOSIT_ASSETS":66.334606657026,"EQUITY_MULTIPLIER":10.308897010918,"EQUITY_RATIO":9.473639375604}],"count":52},"success":true,"message":"ok","code":0}