{"version":"7c6b488908001cf16869d6b6913420f8","result":{"pages":3,"data":[{"SECUCODE":"89618.HK","SECURITY_CODE":"89618","SECURITY_NAME_ABBR":"京东集团-SWR","ORG_CODE":"10295301","STD_REPORT_DATE":"2024-09-30 00:00:00","REPORT_DATE":"2024-09-30 00:00:00","DATE_TYPE_CODE":"004","REPORT_TYPE":"2024年三季报","PER_NETCASH_OPERATE":10.430244976025,"PER_OI":255.017981858251,"BPS":71.812695284125,"BASIC_EPS":10.44,"DILUTED_EPS":10.19,"OPERATE_INCOME":811833000000,"OPERATE_INCOME_YOY":4.2703108845,"GROSS_PROFIT":130751000000,"GROSS_PROFIT_YOY":12.520438546669,"HOLDER_PROFIT":31505000000,"HOLDER_PROFIT_YOY":51.6267205698,"GROSS_PROFIT_RATIO":16.105652270849,"EPS_TTM":10.961118184358,"OPERATE_INCOME_QOQ":1.148096172621,"NET_PROFIT_RATIO":4.1629251336,"ROE_AVG":13.683874484493,"GROSS_PROFIT_QOQ":3.746107727389,"ROA":4.951603789969,"HOLDER_PROFIT_QOQ":12.202964725554,"ROE_YEARLY":18.245165979324,"ROIC_YEARLY":6.503405489035,"TOTAL_ASSETS":643559000000,"TOTAL_LIABILITIES":346814000000,"TAX_EBT":15.34916341048,"OCF_SALES":4.090003732295,"TOTAL_PARENT_EQUITY":228611000000,"DEBT_ASSET_RATIO":53.8900085307,"OPERATE_PROFIT":30245000000,"PRETAX_PROFIT":39924000000,"NETCASH_OPERATE":33204000000,"NETCASH_INVEST":11612000000,"NETCASH_FINANCE":-18220000000,"END_CASH":104954000000,"DIVI_RATIO":0.245804956776,"DIVIDEND_RATE":1.856452726018,"CURRENT_RATIO":1.171525081622,"COMMON_ACS":100000000000,"CURRENTDEBT_DEBT":76.569284976962,"ISSUED_COMMON_SHARES":3183434337,"HK_COMMON_SHARES":2860222213,"PER_SHARES":50,"TOTAL_MARKET_CAP":461279635431.3,"HKSK_MARKET_CAP":414446198663.7,"PE_TTM":13.219454216521,"PB_TTM":2.017749082202,"REPORT_DATE_SQ":"2023-09-30 00:00:00","REPORT_TYPE_SQ":"2023年三季报","OPERATE_INCOME_SQ":778585000000,"DPS_HKD":2.69429718152,"OPERATE_INCOME_QOQ_SQ":0.389113423338,"NET_PROFIT_RATIO_SQ":2.7415118452,"HOLDER_PROFIT_SQ":20778000000,"HOLDER_PROFIT_QOQ_SQ":9.035123872327,"ROE_AVG_SQ":9.37085644703,"PE_TTM_SQ":11.25098695752,"PB_TTM_SQ":1.164245914533,"ROA_SQ":3.426894807458,"START_DATE":"2024-01-01 00:00:00","FISCAL_YEAR":"12-31","CURRENCY":"CNY","IS_CNY_CODE":1,"DPS_HKD_LY":2.973116,"ORG_TYPE":"一般企业","PREMIUM_INCOME":null,"PREMIUM_INCOME_YOY":null,"NET_INTEREST_INCOME":null,"NET_INTEREST_INCOME_YOY":null,"FEE_COMMISSION_INCOME":null,"FEE_COMMISSION_INCOME_YOY":null,"ACCOUNTS_RECE_TDAYS":40.575419832067,"INVENTORY_TDAYS":9.664781717172,"CURRENT_ASSETS_TDAYS":2.623419807662,"TOTAL_ASSETS_TDAYS":1.275948376328,"PREMIUM_EXPENSE":null,"LOAN_DEPOSIT":null,"LOAN_EQUITY":null,"LOAN_ASSETS":null,"DEPOSIT_EQUITY":null,"DEPOSIT_ASSETS":null,"EQUITY_MULTIPLIER":2.168727358507,"EQUITY_RATIO":1.517048610959},{"SECUCODE":"89618.HK","SECURITY_CODE":"89618","SECURITY_NAME_ABBR":"京东集团-SWR","ORG_CODE":"10295301","STD_REPORT_DATE":"2024-06-30 00:00:00","REPORT_DATE":"2024-06-30 00:00:00","DATE_TYPE_CODE":"002","REPORT_TYPE":"2024年中报","PER_NETCASH_OPERATE":12.383795557458,"PER_OI":173.223613752835,"BPS":69.347747316203,"BASIC_EPS":6.44,"DILUTED_EPS":6.34,"OPERATE_INCOME":551446000000,"OPERATE_INCOME_YOY":3.8725755198,"GROSS_PROFIT":85708000000,"GROSS_PROFIT_YOY":10.66093400989,"HOLDER_PROFIT":19774000000,"HOLDER_PROFIT_YOY":53.9791309765,"GROSS_PROFIT_RATIO":15.542410317601,"EPS_TTM":9.7690094118,"OPERATE_INCOME_QOQ":0.314588996646,"NET_PROFIT_RATIO":3.8007347954,"ROE_AVG":8.737533747807,"GROSS_PROFIT_QOQ":2.756093382929,"ROA":3.088254356962,"HOLDER_PROFIT_QOQ":24.217127336635,"ROE_YEARLY":17.475067495614,"ROIC_YEARLY":7.969386336295,"TOTAL_ASSETS":651636000000,"TOTAL_LIABILITIES":363686000000,"TAX_EBT":15.080426238807,"OCF_SALES":7.149022751094,"TOTAL_PARENT_EQUITY":220764000000,"DEBT_ASSET_RATIO":55.8112197607,"OPERATE_PROFIT":18201000000,"PRETAX_PROFIT":24681000000,"NETCASH_OPERATE":39423000000,"NETCASH_INVEST":-10113000000,"NETCASH_FINANCE":-16414000000,"END_CASH":92045000000,"DIVI_RATIO":0.275800448945,"DIVIDEND_RATE":1.769736842105,"CURRENT_RATIO":1.149785709443,"COMMON_ACS":100000000000,"CURRENTDEBT_DEBT":77.051907414638,"ISSUED_COMMON_SHARES":3183434337,"HK_COMMON_SHARES":2860222213,"PER_SHARES":50,"TOTAL_MARKET_CAP":483882019224,"HKSK_MARKET_CAP":434753776376,"PE_TTM":13.867198349974,"PB_TTM":2.116617394719,"REPORT_DATE_SQ":"2023-06-30 00:00:00","REPORT_TYPE_SQ":"2023年中报","OPERATE_INCOME_SQ":530887000000,"DPS_HKD":2.69429718152,"OPERATE_INCOME_QOQ_SQ":1.937139900737,"NET_PROFIT_RATIO_SQ":2.471712436,"HOLDER_PROFIT_SQ":12842000000,"HOLDER_PROFIT_QOQ_SQ":11.231662591687,"ROE_AVG_SQ":5.902305401331,"PE_TTM_SQ":11.812533543635,"PB_TTM_SQ":1.222354445027,"ROA_SQ":2.141807610906,"START_DATE":"2024-01-01 00:00:00","FISCAL_YEAR":"12-31","CURRENCY":"CNY","IS_CNY_CODE":1,"DPS_HKD_LY":2.973116,"ORG_TYPE":"一般企业","PREMIUM_INCOME":null,"PREMIUM_INCOME_YOY":null,"NET_INTEREST_INCOME":null,"NET_INTEREST_INCOME_YOY":null,"FEE_COMMISSION_INCOME":null,"FEE_COMMISSION_INCOME_YOY":null,"ACCOUNTS_RECE_TDAYS":26.293765645488,"INVENTORY_TDAYS":6.715663797206,"CURRENT_ASSETS_TDAYS":1.750591656336,"TOTAL_ASSETS_TDAYS":0.861234708268,"PREMIUM_EXPENSE":null,"LOAN_DEPOSIT":null,"LOAN_EQUITY":null,"LOAN_ASSETS":null,"DEPOSIT_EQUITY":null,"DEPOSIT_ASSETS":null,"EQUITY_MULTIPLIER":2.263017885048,"EQUITY_RATIO":1.647397220561},{"SECUCODE":"89618.HK","SECURITY_CODE":"89618","SECURITY_NAME_ABBR":"京东集团-SWR","ORG_CODE":"10295301","STD_REPORT_DATE":"2024-03-31 00:00:00","REPORT_DATE":"2024-03-31 00:00:00","DATE_TYPE_CODE":"003","REPORT_TYPE":"2024年一季报","PER_NETCASH_OPERATE":-3.55433748656,"PER_OI":81.68819346375,"BPS":69.855375188786,"BASIC_EPS":2.28,"DILUTED_EPS":2.27,"OPERATE_INCOME":260049000000,"OPERATE_INCOME_YOY":7.0354302837,"GROSS_PROFIT":39770000000,"GROSS_PROFIT_YOY":10.417013715365,"HOLDER_PROFIT":7130000000,"HOLDER_PROFIT_YOY":13.8795719534,"GROSS_PROFIT_RATIO":15.29327165265,"EPS_TTM":7.864462511136,"OPERATE_INCOME_QOQ":1.575882625186,"NET_PROFIT_RATIO":2.8321585547,"ROE_AVG":3.139323438374,"GROSS_PROFIT_QOQ":2.349346290638,"ROA":1.15861486212,"HOLDER_PROFIT_QOQ":3.595812471552,"ROE_YEARLY":12.557293753495,"ROIC_YEARLY":6.02223285052,"TOTAL_ASSETS":601822000000,"TOTAL_LIABILITIES":313859000000,"TAX_EBT":18.753447324876,"OCF_SALES":-4.351103061346,"TOTAL_PARENT_EQUITY":222380000000,"DEBT_ASSET_RATIO":52.1514667127,"OPERATE_PROFIT":7700000000,"PRETAX_PROFIT":9065000000,"NETCASH_OPERATE":-11315000000,"NETCASH_INVEST":28414000000,"NETCASH_FINANCE":-7445000000,"END_CASH":88919000000,"DIVI_RATIO":0.342591394861,"DIVIDEND_RATE":1.769736842105,"CURRENT_RATIO":1.1542996924,"COMMON_ACS":100000000000,"CURRENTDEBT_DEBT":78.410687601758,"ISSUED_COMMON_SHARES":3183434337,"HK_COMMON_SHARES":2860222213,"PER_SHARES":50,"TOTAL_MARKET_CAP":483882019224,"HKSK_MARKET_CAP":434753776376,"PE_TTM":13.867198349974,"PB_TTM":2.116617394719,"REPORT_DATE_SQ":"2023-03-31 00:00:00","REPORT_TYPE_SQ":"2023年一季报","OPERATE_INCOME_SQ":242956000000,"DPS_HKD":2.69429718152,"OPERATE_INCOME_QOQ_SQ":0.315511987735,"NET_PROFIT_RATIO_SQ":2.5514908049,"HOLDER_PROFIT_SQ":6261000000,"HOLDER_PROFIT_QOQ_SQ":89.132947976879,"ROE_AVG_SQ":2.947240580693,"PE_TTM_SQ":11.812533543635,"PB_TTM_SQ":1.222354445027,"ROA_SQ":1.092397534298,"START_DATE":"2024-01-01 00:00:00","FISCAL_YEAR":"12-31","CURRENCY":"CNY","IS_CNY_CODE":1,"DPS_HKD_LY":2.973116,"ORG_TYPE":"一般企业","PREMIUM_INCOME":null,"PREMIUM_INCOME_YOY":null,"NET_INTEREST_INCOME":null,"NET_INTEREST_INCOME_YOY":null,"FEE_COMMISSION_INCOME":null,"FEE_COMMISSION_INCOME_YOY":null,"ACCOUNTS_RECE_TDAYS":13.743935309973,"INVENTORY_TDAYS":3.238158939229,"CURRENT_ASSETS_TDAYS":0.878719069004,"TOTAL_ASSETS_TDAYS":0.422575927461,"PREMIUM_EXPENSE":null,"LOAN_DEPOSIT":null,"LOAN_EQUITY":null,"LOAN_ASSETS":null,"DEPOSIT_EQUITY":null,"DEPOSIT_ASSETS":null,"EQUITY_MULTIPLIER":2.089928219943,"EQUITY_RATIO":1.411363431963},{"SECUCODE":"89618.HK","SECURITY_CODE":"89618","SECURITY_NAME_ABBR":"京东集团-SWR","ORG_CODE":"10295301","STD_REPORT_DATE":"2023-12-31 00:00:00","REPORT_DATE":"2023-12-31 00:00:00","DATE_TYPE_CODE":"001","REPORT_TYPE":"2023年年报","PER_NETCASH_OPERATE":18.697103096554,"PER_OI":340.720707631169,"BPS":72.832662921673,"BASIC_EPS":7.69,"DILUTED_EPS":7.61,"OPERATE_INCOME":1084662000000,"OPERATE_INCOME_YOY":3.6727851078,"GROSS_PROFIT":159704000000,"GROSS_PROFIT_YOY":8.588252092498,"HOLDER_PROFIT":24167000000,"HOLDER_PROFIT_YOY":132.8227360308,"GROSS_PROFIT_RATIO":14.72384945725,"EPS_TTM":7.591486879159,"OPERATE_INCOME_QOQ":0.989822453914,"NET_PROFIT_RATIO":2.1441702576,"ROE_AVG":10.856108385891,"GROSS_PROFIT_QOQ":1.245728703745,"ROA":3.948185275705,"HOLDER_PROFIT_QOQ":1.4993700126,"ROE_YEARLY":10.856108385891,"ROIC_YEARLY":5.097576821181,"TOTAL_ASSETS":628958000000,"TOTAL_LIABILITIES":332578000000,"TAX_EBT":26.518167456556,"OCF_SALES":5.48751592662,"TOTAL_PARENT_EQUITY":231858000000,"DEBT_ASSET_RATIO":52.8776166294,"OPERATE_PROFIT":26025000000,"PRETAX_PROFIT":31650000000,"NETCASH_OPERATE":59521000000,"NETCASH_INVEST":-59543000000,"NETCASH_FINANCE":-5808000000,"END_CASH":79398000000,"DIVI_RATIO":0.354910338964,"DIVIDEND_RATE":1.769736842105,"CURRENT_RATIO":1.158705063053,"COMMON_ACS":100000000000,"CURRENTDEBT_DEBT":79.875999013765,"ISSUED_COMMON_SHARES":3183434337,"HK_COMMON_SHARES":2860222213,"PER_SHARES":50,"TOTAL_MARKET_CAP":483882019224,"HKSK_MARKET_CAP":434753776376,"PE_TTM":13.867198349974,"PB_TTM":2.116617394719,"REPORT_DATE_SQ":"2022-12-31 00:00:00","REPORT_TYPE_SQ":"2022年年报","OPERATE_INCOME_SQ":1046236000000,"DPS_HKD":2.69429718152,"OPERATE_INCOME_QOQ_SQ":1.903093122898,"NET_PROFIT_RATIO_SQ":0.9262728486,"HOLDER_PROFIT_SQ":10380000000,"HOLDER_PROFIT_QOQ_SQ":375.492441594137,"ROE_AVG_SQ":4.916204292443,"PE_TTM_SQ":11.812533543635,"PB_TTM_SQ":1.222354445027,"ROA_SQ":1.901522041993,"START_DATE":"2023-01-01 00:00:00","FISCAL_YEAR":"12-31","CURRENCY":"CNY","IS_CNY_CODE":1,"DPS_HKD_LY":2.433377,"ORG_TYPE":"一般企业","PREMIUM_INCOME":null,"PREMIUM_INCOME_YOY":null,"NET_INTEREST_INCOME":null,"NET_INTEREST_INCOME_YOY":null,"FEE_COMMISSION_INCOME":null,"FEE_COMMISSION_INCOME_YOY":null,"ACCOUNTS_RECE_TDAYS":53.068251871422,"INVENTORY_TDAYS":12.670050066093,"CURRENT_ASSETS_TDAYS":3.292421731291,"TOTAL_ASSETS_TDAYS":1.772022401422,"PREMIUM_EXPENSE":null,"LOAN_DEPOSIT":null,"LOAN_EQUITY":null,"LOAN_ASSETS":null,"DEPOSIT_EQUITY":null,"DEPOSIT_ASSETS":null,"EQUITY_MULTIPLIER":2.122133747216,"EQUITY_RATIO":1.434403816129},{"SECUCODE":"89618.HK","SECURITY_CODE":"89618","SECURITY_NAME_ABBR":"京东集团-SWR","ORG_CODE":"10295301","STD_REPORT_DATE":"2023-09-30 00:00:00","REPORT_DATE":"2023-09-30 00:00:00","DATE_TYPE_CODE":"004","REPORT_TYPE":"2023年三季报","PER_NETCASH_OPERATE":12.550975889371,"PER_OI":244.863224486972,"BPS":72.278544377591,"BASIC_EPS":6.61,"DILUTED_EPS":6.54,"OPERATE_INCOME":778585000000,"OPERATE_INCOME_YOY":3.7021004542,"GROSS_PROFIT":116202000000,"GROSS_PROFIT_YOY":10.106503941783,"HOLDER_PROFIT":20778000000,"HOLDER_PROFIT_YOY":182.7708219924,"GROSS_PROFIT_RATIO":14.92476736644,"EPS_TTM":7.488191237996,"OPERATE_INCOME_QOQ":0.389113423338,"NET_PROFIT_RATIO":2.7415118452,"ROE_AVG":9.37085644703,"GROSS_PROFIT_QOQ":1.64643262192,"ROA":3.426894807458,"HOLDER_PROFIT_QOQ":9.035123872327,"ROE_YEARLY":12.494475262707,"ROIC_YEARLY":4.664685069775,"TOTAL_ASSETS":617393000000,"TOTAL_LIABILITIES":321109000000,"TAX_EBT":24.693056731583,"OCF_SALES":5.12570881792,"TOTAL_PARENT_EQUITY":230094000000,"DEBT_ASSET_RATIO":52.0104698304,"OPERATE_PROFIT":24000000000,"PRETAX_PROFIT":28344000000,"NETCASH_OPERATE":39908000000,"NETCASH_INVEST":3529000000,"NETCASH_FINANCE":-5063000000,"END_CASH":123868000000,"DIVI_RATIO":0.359806139545,"DIVIDEND_RATE":1.769736842105,"CURRENT_RATIO":1.362638032602,"COMMON_ACS":100000000000,"CURRENTDEBT_DEBT":81.728634202093,"ISSUED_COMMON_SHARES":3183434337,"HK_COMMON_SHARES":2860222213,"PER_SHARES":50,"TOTAL_MARKET_CAP":483882019224,"HKSK_MARKET_CAP":434753776376,"PE_TTM":13.867198349974,"PB_TTM":2.116617394719,"REPORT_DATE_SQ":"2022-09-30 00:00:00","REPORT_TYPE_SQ":"2022年三季报","OPERATE_INCOME_SQ":750790000000,"DPS_HKD":2.69429718152,"OPERATE_INCOME_QOQ_SQ":2.478066016549,"NET_PROFIT_RATIO_SQ":0.8617589472,"HOLDER_PROFIT_SQ":7348000000,"HOLDER_PROFIT_QOQ_SQ":133.141035372704,"ROE_AVG_SQ":3.490122876264,"PE_TTM_SQ":11.812533543635,"PB_TTM_SQ":1.222354445027,"ROA_SQ":1.365712947509,"START_DATE":"2023-01-01 00:00:00","FISCAL_YEAR":"12-31","CURRENCY":"CNY","IS_CNY_CODE":1,"DPS_HKD_LY":2.433377,"ORG_TYPE":"一般企业","PREMIUM_INCOME":null,"PREMIUM_INCOME_YOY":null,"NET_INTEREST_INCOME":null,"NET_INTEREST_INCOME_YOY":null,"FEE_COMMISSION_INCOME":null,"FEE_COMMISSION_INCOME_YOY":null,"ACCOUNTS_RECE_TDAYS":37.721227683438,"INVENTORY_TDAYS":9.290931150806,"CURRENT_ASSETS_TDAYS":2.197276070226,"TOTAL_ASSETS_TDAYS":1.284112471684,"PREMIUM_EXPENSE":null,"LOAN_DEPOSIT":null,"LOAN_EQUITY":null,"LOAN_ASSETS":null,"DEPOSIT_EQUITY":null,"DEPOSIT_ASSETS":null,"EQUITY_MULTIPLIER":2.083787852196,"EQUITY_RATIO":1.395555729398},{"SECUCODE":"89618.HK","SECURITY_CODE":"89618","SECURITY_NAME_ABBR":"京东集团-SWR","ORG_CODE":"10295301","STD_REPORT_DATE":"2023-06-30 00:00:00","REPORT_DATE":"2023-06-30 00:00:00","DATE_TYPE_CODE":"002","REPORT_TYPE":"2023年中报","PER_NETCASH_OPERATE":7.832251767788,"PER_OI":166.962762778907,"BPS":69.668784250473,"BASIC_EPS":4.09,"DILUTED_EPS":4.04,"OPERATE_INCOME":530887000000,"OPERATE_INCOME_YOY":4.6588008004,"GROSS_PROFIT":77451000000,"GROSS_PROFIT_YOY":11.697432939141,"HOLDER_PROFIT":12842000000,"HOLDER_PROFIT_YOY":827.2202166065,"GROSS_PROFIT_RATIO":14.588980329147,"EPS_TTM":6.867687192949,"OPERATE_INCOME_QOQ":1.937139900737,"NET_PROFIT_RATIO":2.471712436,"ROE_AVG":5.902305401331,"GROSS_PROFIT_QOQ":3.70142670988,"ROA":2.141807610906,"HOLDER_PROFIT_QOQ":11.231662591687,"ROE_YEARLY":11.804610802662,"ROIC_YEARLY":5.688391994968,"TOTAL_ASSETS":603924000000,"TOTAL_LIABILITIES":316634000000,"TAX_EBT":25.19667084711,"OCF_SALES":4.691017109102,"TOTAL_PARENT_EQUITY":221786000000,"DEBT_ASSET_RATIO":52.4294447646,"OPERATE_PROFIT":14697000000,"PRETAX_PROFIT":17542000000,"NETCASH_OPERATE":24904000000,"NETCASH_INVEST":-11435000000,"NETCASH_FINANCE":-577000000,"END_CASH":99149000000,"DIVI_RATIO":0.392315069953,"DIVIDEND_RATE":1.769736842105,"CURRENT_RATIO":1.344577162704,"COMMON_ACS":100000000000,"CURRENTDEBT_DEBT":82.018355577733,"ISSUED_COMMON_SHARES":3183434337,"HK_COMMON_SHARES":2860222213,"PER_SHARES":50,"TOTAL_MARKET_CAP":483882019224,"HKSK_MARKET_CAP":434753776376,"PE_TTM":13.867198349974,"PB_TTM":2.116617394719,"REPORT_DATE_SQ":"2022-06-30 00:00:00","REPORT_TYPE_SQ":"2022年中报","OPERATE_INCOME_SQ":507255000000,"DPS_HKD":2.69429718152,"OPERATE_INCOME_QOQ_SQ":1.396559558979,"NET_PROFIT_RATIO_SQ":0.1005411479,"HOLDER_PROFIT_SQ":1385000000,"HOLDER_PROFIT_QOQ_SQ":35.21833202203,"ROE_AVG_SQ":0.675235905974,"PE_TTM_SQ":11.812533543635,"PB_TTM_SQ":1.222354445027,"ROA_SQ":0.263754763297,"START_DATE":"2023-01-01 00:00:00","FISCAL_YEAR":"12-31","CURRENCY":"CNY","IS_CNY_CODE":1,"DPS_HKD_LY":2.433377,"ORG_TYPE":"一般企业","PREMIUM_INCOME":null,"PREMIUM_INCOME_YOY":null,"NET_INTEREST_INCOME":null,"NET_INTEREST_INCOME_YOY":null,"FEE_COMMISSION_INCOME":null,"FEE_COMMISSION_INCOME_YOY":null,"ACCOUNTS_RECE_TDAYS":26.165602898051,"INVENTORY_TDAYS":6.408491212697,"CURRENT_ASSETS_TDAYS":1.516261149462,"TOTAL_ASSETS_TDAYS":0.885421131546,"PREMIUM_EXPENSE":null,"LOAN_DEPOSIT":null,"LOAN_EQUITY":null,"LOAN_ASSETS":null,"DEPOSIT_EQUITY":null,"DEPOSIT_ASSETS":null,"EQUITY_MULTIPLIER":2.102140694073,"EQUITY_RATIO":1.427655487722},{"SECUCODE":"89618.HK","SECURITY_CODE":"89618","SECURITY_NAME_ABBR":"京东集团-SWR","ORG_CODE":"10295301","STD_REPORT_DATE":"2023-03-31 00:00:00","REPORT_DATE":"2023-03-31 00:00:00","DATE_TYPE_CODE":"003","REPORT_TYPE":"2023年一季报","PER_NETCASH_OPERATE":-6.795352712279,"PER_OI":76.409113415307,"BPS":66.439567338247,"BASIC_EPS":1.99,"DILUTED_EPS":1.96,"OPERATE_INCOME":242956000000,"OPERATE_INCOME_YOY":1.3773966744,"GROSS_PROFIT":36018000000,"GROSS_PROFIT_YOY":7.690007773725,"HOLDER_PROFIT":6261000000,"HOLDER_PROFIT_YOY":309.3279839519,"GROSS_PROFIT_RATIO":14.824906567444,"EPS_TTM":6.174219671748,"OPERATE_INCOME_QOQ":0.315511987735,"NET_PROFIT_RATIO":2.5514908049,"ROE_AVG":2.947240580693,"GROSS_PROFIT_QOQ":1.748791416507,"ROA":1.092397534298,"HOLDER_PROFIT_QOQ":89.132947976879,"ROE_YEARLY":11.78896232277,"ROIC_YEARLY":5.758591669771,"TOTAL_ASSETS":551036000000,"TOTAL_LIABILITIES":277031000000,"TAX_EBT":20.607069672131,"OCF_SALES":-8.893379871252,"TOTAL_PARENT_EQUITY":211506000000,"DEBT_ASSET_RATIO":50.2745737121,"OPERATE_PROFIT":6427000000,"PRETAX_PROFIT":7808000000,"NETCASH_OPERATE":-21607000000,"NETCASH_INVEST":16692000000,"NETCASH_FINANCE":1255000000,"END_CASH":80770000000,"DIVI_RATIO":0.436378574907,"DIVIDEND_RATE":1.769736842105,"CURRENT_RATIO":1.361020782314,"COMMON_ACS":100000000000,"CURRENTDEBT_DEBT":80.922712620609,"ISSUED_COMMON_SHARES":3183434337,"HK_COMMON_SHARES":2860222213,"PER_SHARES":50,"TOTAL_MARKET_CAP":483882019224,"HKSK_MARKET_CAP":434753776376,"PE_TTM":13.867198349974,"PB_TTM":2.116617394719,"REPORT_DATE_SQ":"2022-03-31 00:00:00","REPORT_TYPE_SQ":"2022年一季报","OPERATE_INCOME_SQ":239655000000,"DPS_HKD":2.69429718152,"OPERATE_INCOME_QOQ_SQ":3.833470647084,"NET_PROFIT_RATIO_SQ":-1.4679435021,"HOLDER_PROFIT_SQ":-2991000000,"HOLDER_PROFIT_QOQ_SQ":-185.61797752809,"ROE_AVG_SQ":-1.440054308969,"PE_TTM_SQ":11.812533543635,"PB_TTM_SQ":1.222354445027,"ROA_SQ":-0.593045250681,"START_DATE":"2023-01-01 00:00:00","FISCAL_YEAR":"12-31","CURRENCY":"CNY","IS_CNY_CODE":1,"DPS_HKD_LY":2.433377,"ORG_TYPE":"一般企业","PREMIUM_INCOME":null,"PREMIUM_INCOME_YOY":null,"NET_INTEREST_INCOME":null,"NET_INTEREST_INCOME_YOY":null,"FEE_COMMISSION_INCOME":null,"FEE_COMMISSION_INCOME_YOY":null,"ACCOUNTS_RECE_TDAYS":13.438203490141,"INVENTORY_TDAYS":2.930137063888,"CURRENT_ASSETS_TDAYS":0.740506165144,"TOTAL_ASSETS_TDAYS":0.423901190453,"PREMIUM_EXPENSE":null,"LOAN_DEPOSIT":null,"LOAN_EQUITY":null,"LOAN_ASSETS":null,"DEPOSIT_EQUITY":null,"DEPOSIT_ASSETS":null,"EQUITY_MULTIPLIER":2.011043594097,"EQUITY_RATIO":1.309802085993},{"SECUCODE":"89618.HK","SECURITY_CODE":"89618","SECURITY_NAME_ABBR":"京东集团-SWR","ORG_CODE":"10295301","STD_REPORT_DATE":"2022-12-31 00:00:00","REPORT_DATE":"2022-12-31 00:00:00","DATE_TYPE_CODE":"001","REPORT_TYPE":"2022年年报","PER_NETCASH_OPERATE":18.183944947067,"PER_OI":329.038859641981,"BPS":67.023841993572,"BASIC_EPS":3.32,"DILUTED_EPS":3.21,"OPERATE_INCOME":1046236000000,"OPERATE_INCOME_YOY":9.9458591497,"GROSS_PROFIT":147073000000,"GROSS_PROFIT_YOY":13.951776610416,"HOLDER_PROFIT":10380000000,"HOLDER_PROFIT_YOY":391.5730337079,"GROSS_PROFIT_RATIO":14.057344614408,"EPS_TTM":3.264486562385,"OPERATE_INCOME_QOQ":1.903093122898,"NET_PROFIT_RATIO":0.9262728486,"ROE_AVG":4.916204292443,"GROSS_PROFIT_QOQ":3.094814170954,"ROA":1.901522041993,"HOLDER_PROFIT_QOQ":375.492441594137,"ROE_YEARLY":4.916204292443,"ROIC_YEARLY":2.461176598905,"TOTAL_ASSETS":595250000000,"TOTAL_LIABILITIES":321127000000,"TAX_EBT":30.114660705272,"OCF_SALES":5.526382192928,"TOTAL_PARENT_EQUITY":213366000000,"DEBT_ASSET_RATIO":53.9482570349,"OPERATE_PROFIT":19723000000,"PRETAX_PROFIT":13867000000,"NETCASH_OPERATE":57819000000,"NETCASH_INVEST":-54026000000,"NETCASH_FINANCE":1180000000,"END_CASH":85115000000,"DIVI_RATIO":0.825335663061,"DIVIDEND_RATE":1.769736842105,"CURRENT_RATIO":1.317049380817,"COMMON_ACS":100000000000,"CURRENTDEBT_DEBT":83.007968809848,"ISSUED_COMMON_SHARES":3183434337,"HK_COMMON_SHARES":2860222213,"PER_SHARES":50,"TOTAL_MARKET_CAP":483882019224,"HKSK_MARKET_CAP":434753776376,"PE_TTM":13.867198349974,"PB_TTM":2.116617394719,"REPORT_DATE_SQ":"2021-12-31 00:00:00","REPORT_TYPE_SQ":"2021年年报","OPERATE_INCOME_SQ":951592000000,"DPS_HKD":2.69429718152,"OPERATE_INCOME_QOQ_SQ":5.730899363568,"NET_PROFIT_RATIO_SQ":-0.4694238707,"HOLDER_PROFIT_SQ":-3560000000,"HOLDER_PROFIT_QOQ_SQ":-113.72902491336,"ROE_AVG_SQ":-1.795920838231,"PE_TTM_SQ":11.812533543635,"PB_TTM_SQ":1.222354445027,"ROA_SQ":-0.77492820448,"START_DATE":"2022-01-01 00:00:00","FISCAL_YEAR":"12-31","CURRENCY":"CNY","IS_CNY_CODE":1,"DPS_HKD_LY":4.943384,"ORG_TYPE":"一般企业","PREMIUM_INCOME":null,"PREMIUM_INCOME_YOY":null,"NET_INTEREST_INCOME":null,"NET_INTEREST_INCOME_YOY":null,"FEE_COMMISSION_INCOME":null,"FEE_COMMISSION_INCOME_YOY":null,"ACCOUNTS_RECE_TDAYS":64.431333908117,"INVENTORY_TDAYS":11.71166395311,"CURRENT_ASSETS_TDAYS":3.215497290802,"TOTAL_ASSETS_TDAYS":1.916609648484,"PREMIUM_EXPENSE":null,"LOAN_DEPOSIT":null,"LOAN_EQUITY":null,"LOAN_ASSETS":null,"DEPOSIT_EQUITY":null,"DEPOSIT_ASSETS":null,"EQUITY_MULTIPLIER":2.171470471287,"EQUITY_RATIO":1.505052351359},{"SECUCODE":"89618.HK","SECURITY_CODE":"89618","SECURITY_NAME_ABBR":"京东集团-SWR","ORG_CODE":"10295301","STD_REPORT_DATE":"2022-09-30 00:00:00","REPORT_DATE":"2022-09-30 00:00:00","DATE_TYPE_CODE":"004","REPORT_TYPE":"2022年三季报","PER_NETCASH_OPERATE":12.449874989762,"PER_OI":237.643750630848,"BPS":66.645948224564,"BASIC_EPS":2.35,"DILUTED_EPS":2.22,"OPERATE_INCOME":750790000000,"OPERATE_INCOME_YOY":11.1153866077,"GROSS_PROFIT":105536000000,"GROSS_PROFIT_YOY":14.782911337336,"HOLDER_PROFIT":7348000000,"HOLDER_PROFIT_YOY":357.8193146417,"GROSS_PROFIT_RATIO":14.056660317799,"EPS_TTM":0.690973917643,"OPERATE_INCOME_QOQ":2.478066016549,"NET_PROFIT_RATIO":0.8617589472,"ROE_AVG":3.490122876264,"GROSS_PROFIT_QOQ":3.710542768658,"ROA":1.365712947509,"HOLDER_PROFIT_QOQ":133.141035372704,"ROE_YEARLY":4.653497168352,"ROIC_YEARLY":1.781119598981,"TOTAL_ASSETS":579561000000,"TOTAL_LIABILITIES":308425000000,"TAX_EBT":35.628295691971,"OCF_SALES":5.238881711264,"TOTAL_PARENT_EQUITY":212163000000,"DEBT_ASSET_RATIO":53.2170039047,"OPERATE_PROFIT":14895000000,"PRETAX_PROFIT":10051000000,"NETCASH_OPERATE":39333000000,"NETCASH_INVEST":-36118000000,"NETCASH_FINANCE":5415000000,"END_CASH":89789000000,"DIVI_RATIO":3.899274795655,"DIVIDEND_RATE":1.769736842105,"CURRENT_RATIO":1.304546447576,"COMMON_ACS":100000000000,"CURRENTDEBT_DEBT":83.109994326011,"ISSUED_COMMON_SHARES":3183434337,"HK_COMMON_SHARES":2860222213,"PER_SHARES":50,"TOTAL_MARKET_CAP":483882019224,"HKSK_MARKET_CAP":434753776376,"PE_TTM":13.867198349974,"PB_TTM":2.116617394719,"REPORT_DATE_SQ":"2021-09-30 00:00:00","REPORT_TYPE_SQ":"2021年三季报","OPERATE_INCOME_SQ":675685000000,"DPS_HKD":2.69429718152,"OPERATE_INCOME_QOQ_SQ":5.200805660882,"NET_PROFIT_RATIO_SQ":0.1260106416,"HOLDER_PROFIT_SQ":1605000000,"HOLDER_PROFIT_QOQ_SQ":-28.560979163735,"ROE_AVG_SQ":0.796815059195,"PE_TTM_SQ":11.812533543635,"PB_TTM_SQ":1.222354445027,"ROA_SQ":0.354568084126,"START_DATE":"2022-01-01 00:00:00","FISCAL_YEAR":"12-31","CURRENCY":"CNY","IS_CNY_CODE":1,"DPS_HKD_LY":4.943384,"ORG_TYPE":"一般企业","PREMIUM_INCOME":null,"PREMIUM_INCOME_YOY":null,"NET_INTEREST_INCOME":null,"NET_INTEREST_INCOME_YOY":null,"FEE_COMMISSION_INCOME":null,"FEE_COMMISSION_INCOME_YOY":null,"ACCOUNTS_RECE_TDAYS":53.023764963452,"INVENTORY_TDAYS":8.757637861534,"CURRENT_ASSETS_TDAYS":2.36816497889,"TOTAL_ASSETS_TDAYS":1.395432258928,"PREMIUM_EXPENSE":null,"LOAN_DEPOSIT":null,"LOAN_EQUITY":null,"LOAN_ASSETS":null,"DEPOSIT_EQUITY":null,"DEPOSIT_ASSETS":null,"EQUITY_MULTIPLIER":2.137528767852,"EQUITY_RATIO":1.453717189142}],"count":25},"success":true,"message":"ok","code":0}