{"version":"11dc09b118f3e4cfb7c576448b7a2391","result":{"pages":4,"data":[{"SECUCODE":"89988.HK","SECURITY_CODE":"89988","SECURITY_NAME_ABBR":"阿里巴巴-WR","ORG_CODE":"10139711","STD_REPORT_DATE":"2024-06-30 00:00:00","REPORT_DATE":"2024-09-30 00:00:00","DATE_TYPE_CODE":"002","REPORT_TYPE":"2024年中报","PER_NETCASH_OPERATE":3.396378198365,"PER_OI":25.038803216424,"BPS":50.796322873444,"BASIC_EPS":3.58,"DILUTED_EPS":3.5,"OPERATE_INCOME":479739000000,"OPERATE_INCOME_YOY":4.5305983711,"GROSS_PROFIT":189604000000,"GROSS_PROFIT_YOY":7.160256591404,"HOLDER_PROFIT":68423000000,"HOLDER_PROFIT_YOY":10.2014849651,"GROSS_PROFIT_RATIO":39.522323596789,"EPS_TTM":3.687815391085,"OPERATE_INCOME_QOQ":0.964758682828,"NET_PROFIT_RATIO":14.0845334651,"ROE_AVG":6.972017878641,"GROSS_PROFIT_QOQ":1.499527962913,"ROA":3.879359587883,"HOLDER_PROFIT_QOQ":-12.313614718344,"ROE_YEARLY":13.944035757282,"ROIC_YEARLY":9.474455263479,"TOTAL_ASSETS":1762712000000,"TOTAL_LIABILITIES":704834000000,"TAX_EBT":20.517344814201,"OCF_SALES":13.564459007919,"TOTAL_PARENT_EQUITY":965517000000,"DEBT_ASSET_RATIO":39.9857719242,"OPERATE_PROFIT":71235000000,"PRETAX_PROFIT":85011000000,"NETCASH_OPERATE":65074000000,"NETCASH_INVEST":-34865000000,"NETCASH_FINANCE":-86364000000,"END_CASH":228472000000,"DIVI_RATIO":0.240024077029,"DIVIDEND_RATE":0.763948497854,"CURRENT_RATIO":1.369174676533,"COMMON_ACS":32000000000,"CURRENTDEBT_DEBT":63.116705493776,"ISSUED_COMMON_SHARES":19007616012,"HK_COMMON_SHARES":19007616012,"PER_SHARES":100,"TOTAL_MARKET_CAP":2214387265398,"HKSK_MARKET_CAP":2214387265398,"PE_TTM":25.64640173955,"PB_TTM":2.293473098245,"REPORT_DATE_SQ":"2023-06-30 00:00:00","REPORT_TYPE_SQ":"2023年中报","OPERATE_INCOME_SQ":458946000000,"DPS_HKD":0.8851644855,"OPERATE_INCOME_QOQ_SQ":3.29244019998,"NET_PROFIT_RATIO_SQ":13.0071947462,"HOLDER_PROFIT_SQ":62089000000,"HOLDER_PROFIT_QOQ_SQ":15.914430567578,"ROE_AVG_SQ":6.072496546328,"PE_TTM_SQ":13.431292102999,"PB_TTM_SQ":1.319097197599,"ROA_SQ":3.483611501209,"START_DATE":"2024-04-01 00:00:00","FISCAL_YEAR":"3-31","CURRENCY":"CNY","IS_CNY_CODE":1,"DPS_HKD_LY":0.97641,"ORG_TYPE":"一般企业","PREMIUM_INCOME":null,"PREMIUM_INCOME_YOY":null,"NET_INTEREST_INCOME":null,"NET_INTEREST_INCOME_YOY":null,"FEE_COMMISSION_INCOME":null,"FEE_COMMISSION_INCOME_YOY":null,"ACCOUNTS_RECE_TDAYS":null,"INVENTORY_TDAYS":null,"CURRENT_ASSETS_TDAYS":0.704480141208,"TOTAL_ASSETS_TDAYS":0.271996271624,"PREMIUM_EXPENSE":null,"LOAN_DEPOSIT":null,"LOAN_EQUITY":null,"LOAN_ASSETS":null,"DEPOSIT_EQUITY":null,"DEPOSIT_ASSETS":null,"EQUITY_MULTIPLIER":1.666271536038,"EQUITY_RATIO":0.730006825359},{"SECUCODE":"89988.HK","SECURITY_CODE":"89988","SECURITY_NAME_ABBR":"阿里巴巴-WR","ORG_CODE":"10139711","STD_REPORT_DATE":"2024-03-31 00:00:00","REPORT_DATE":"2024-06-30 00:00:00","DATE_TYPE_CODE":"003","REPORT_TYPE":"2024年一季报","PER_NETCASH_OPERATE":1.768082422204,"PER_OI":12.785744322961,"BPS":49.92356744796,"BASIC_EPS":1.26,"DILUTED_EPS":1.24,"OPERATE_INCOME":243236000000,"OPERATE_INCOME_YOY":3.8777567092,"GROSS_PROFIT":97130000000,"GROSS_PROFIT_YOY":5.79572808766,"HOLDER_PROFIT":24390000000,"HOLDER_PROFIT_YOY":-28.771683897,"GROSS_PROFIT_RATIO":39.932411320693,"EPS_TTM":4.109531987789,"OPERATE_INCOME_QOQ":1.474295251506,"NET_PROFIT_RATIO":9.8760051966,"ROE_AVG":2.506422772582,"GROSS_PROFIT_QOQ":1.255257586047,"ROA":1.374129795264,"HOLDER_PROFIT_QOQ":-20.220764199107,"ROE_YEARLY":10.02569109033,"ROIC_YEARLY":6.815628720093,"TOTAL_ASSETS":1785054000000,"TOTAL_LIABILITIES":731694000000,"TAX_EBT":29.523250696787,"OCF_SALES":13.828545116677,"TOTAL_PARENT_EQUITY":948928000000,"DEBT_ASSET_RATIO":40.99002047,"OPERATE_PROFIT":35989000000,"PRETAX_PROFIT":34085000000,"NETCASH_OPERATE":33636000000,"NETCASH_INVEST":-35829000000,"NETCASH_FINANCE":-19582000000,"END_CASH":265308000000,"DIVI_RATIO":0.2153930151,"DIVIDEND_RATE":0.972146368105,"CURRENT_RATIO":1.412192961611,"COMMON_ACS":32000000000,"CURRENTDEBT_DEBT":63.262784716015,"ISSUED_COMMON_SHARES":19007616012,"HK_COMMON_SHARES":19007616012,"PER_SHARES":100,"TOTAL_MARKET_CAP":1740147245898.6,"HKSK_MARKET_CAP":1740147245898.6,"PE_TTM":20.153889092325,"PB_TTM":1.802295812398,"REPORT_DATE_SQ":"2023-03-31 00:00:00","REPORT_TYPE_SQ":"2023年一季报","OPERATE_INCOME_SQ":234156000000,"DPS_HKD":0.8851644855,"OPERATE_INCOME_QOQ_SQ":0.479793277111,"NET_PROFIT_RATIO_SQ":14.0931686568,"HOLDER_PROFIT_SQ":34242000000,"HOLDER_PROFIT_QOQ_SQ":120.400932683281,"ROE_AVG_SQ":3.385304543448,"PE_TTM_SQ":9.970753363991,"PB_TTM_SQ":1.265130954095,"ROA_SQ":1.940140198671,"START_DATE":"2024-04-01 00:00:00","FISCAL_YEAR":"3-31","CURRENCY":"CNY","IS_CNY_CODE":1,"DPS_HKD_LY":0.97641,"ORG_TYPE":"一般企业","PREMIUM_INCOME":null,"PREMIUM_INCOME_YOY":null,"NET_INTEREST_INCOME":null,"NET_INTEREST_INCOME_YOY":null,"FEE_COMMISSION_INCOME":null,"FEE_COMMISSION_INCOME_YOY":null,"ACCOUNTS_RECE_TDAYS":null,"INVENTORY_TDAYS":null,"CURRENT_ASSETS_TDAYS":0.345860877009,"TOTAL_ASSETS_TDAYS":0.13703888269,"PREMIUM_EXPENSE":null,"LOAN_DEPOSIT":null,"LOAN_EQUITY":null,"LOAN_ASSETS":null,"DEPOSIT_EQUITY":null,"DEPOSIT_ASSETS":null,"EQUITY_MULTIPLIER":1.694628616998,"EQUITY_RATIO":0.771074307007},{"SECUCODE":"89988.HK","SECURITY_CODE":"89988","SECURITY_NAME_ABBR":"阿里巴巴-WR","ORG_CODE":"10139711","STD_REPORT_DATE":"2023-12-31 00:00:00","REPORT_DATE":"2024-03-31 00:00:00","DATE_TYPE_CODE":"001","REPORT_TYPE":"2023年年报","PER_NETCASH_OPERATE":9.378592086469,"PER_OI":48.341561597858,"BPS":52.466968996554,"BASIC_EPS":3.95,"DILUTED_EPS":3.91,"OPERATE_INCOME":941168000000,"OPERATE_INCOME_YOY":8.343741762,"GROSS_PROFIT":354845000000,"GROSS_PROFIT_YOY":11.239466820485,"HOLDER_PROFIT":80009000000,"HOLDER_PROFIT_YOY":9.9281425608,"GROSS_PROFIT_RATIO":37.702620573585,"EPS_TTM":4.928788644632,"OPERATE_INCOME_QOQ":1.376322272768,"NET_PROFIT_RATIO":7.5790932118,"ROE_AVG":8.013774128137,"GROSS_PROFIT_QOQ":1.855183498371,"ROA":4.54871452153,"HOLDER_PROFIT_QOQ":-24.394252370972,"ROE_YEARLY":8.013774128137,"ROIC_YEARLY":5.638548392155,"TOTAL_ASSETS":1764829000000,"TOTAL_LIABILITIES":652230000000,"TAX_EBT":24.002514356335,"OCF_SALES":19.400680856128,"TOTAL_PARENT_EQUITY":997272000000,"DEBT_ASSET_RATIO":36.9571216248,"OPERATE_PROFIT":113350000000,"PRETAX_PROFIT":93861000000,"NETCASH_OPERATE":182593000000,"NETCASH_INVEST":-21824000000,"NETCASH_FINANCE":-108244000000,"END_CASH":286424000000,"DIVI_RATIO":0.179590676193,"DIVIDEND_RATE":0.972146368105,"CURRENT_RATIO":1.786124548347,"COMMON_ACS":32000000000,"CURRENTDEBT_DEBT":64.625515538997,"ISSUED_COMMON_SHARES":19007616012,"HK_COMMON_SHARES":19007616012,"PER_SHARES":100,"TOTAL_MARKET_CAP":1740147245898.6,"HKSK_MARKET_CAP":1740147245898.6,"PE_TTM":20.153889092325,"PB_TTM":1.802295812398,"REPORT_DATE_SQ":"2022-12-31 00:00:00","REPORT_TYPE_SQ":"2022年年报","OPERATE_INCOME_SQ":868687000000,"DPS_HKD":0.8851644855,"OPERATE_INCOME_QOQ_SQ":0.602306592208,"NET_PROFIT_RATIO_SQ":7.5485186264,"HOLDER_PROFIT_SQ":72783000000,"HOLDER_PROFIT_QOQ_SQ":137.251239313169,"ROE_AVG_SQ":7.435755847958,"PE_TTM_SQ":9.970753363991,"PB_TTM_SQ":1.265130954095,"ROA_SQ":4.221020896324,"START_DATE":"2023-04-01 00:00:00","FISCAL_YEAR":"3-31","CURRENCY":"CNY","IS_CNY_CODE":1,"DPS_HKD_LY":0.975932,"ORG_TYPE":"一般企业","PREMIUM_INCOME":null,"PREMIUM_INCOME_YOY":null,"NET_INTEREST_INCOME":null,"NET_INTEREST_INCOME_YOY":null,"FEE_COMMISSION_INCOME":null,"FEE_COMMISSION_INCOME_YOY":null,"ACCOUNTS_RECE_TDAYS":null,"INVENTORY_TDAYS":null,"CURRENT_ASSETS_TDAYS":1.297420097461,"TOTAL_ASSETS_TDAYS":0.535077872339,"PREMIUM_EXPENSE":null,"LOAN_DEPOSIT":null,"LOAN_EQUITY":null,"LOAN_ASSETS":null,"DEPOSIT_EQUITY":null,"DEPOSIT_ASSETS":null,"EQUITY_MULTIPLIER":1.586221990133,"EQUITY_RATIO":0.654014150603},{"SECUCODE":"89988.HK","SECURITY_CODE":"89988","SECURITY_NAME_ABBR":"阿里巴巴-WR","ORG_CODE":"10139711","STD_REPORT_DATE":"2023-09-30 00:00:00","REPORT_DATE":"2023-12-31 00:00:00","DATE_TYPE_CODE":"004","REPORT_TYPE":"2023年三季报","PER_NETCASH_OPERATE":7.826702875953,"PER_OI":35.350671060865,"BPS":53.723254897159,"BASIC_EPS":3.76,"DILUTED_EPS":3.72,"OPERATE_INCOME":719294000000,"OPERATE_INCOME_YOY":8.903581751,"GROSS_PROFIT":281069000000,"GROSS_PROFIT_YOY":12.601005548545,"HOLDER_PROFIT":76644000000,"HOLDER_PROFIT_YOY":55.9738700421,"GROSS_PROFIT_RATIO":39.075676983264,"EPS_TTM":6.519066075262,"OPERATE_INCOME_QOQ":1.963026363888,"NET_PROFIT_RATIO":9.7891821703,"ROE_AVG":7.586013720229,"GROSS_PROFIT_QOQ":2.735120318421,"ROA":4.288963936866,"HOLDER_PROFIT_QOQ":57.226844937534,"ROE_YEARLY":10.114684960305,"ROIC_YEARLY":5.319849311194,"TOTAL_ASSETS":1820966000000,"TOTAL_LIABILITIES":678536000000,"TAX_EBT":19.269662921348,"OCF_SALES":22.140181900586,"TOTAL_PARENT_EQUITY":1021151000000,"DEBT_ASSET_RATIO":37.2624200562,"OPERATE_PROFIT":98585000000,"PRETAX_PROFIT":87220000000,"NETCASH_OPERATE":159253000000,"NETCASH_INVEST":-42091000000,"NETCASH_FINANCE":-54232000000,"END_CASH":294929000000,"DIVI_RATIO":0.135780873407,"DIVIDEND_RATE":0.972146368105,"CURRENT_RATIO":1.798851932239,"COMMON_ACS":32000000000,"CURRENTDEBT_DEBT":66.135621396654,"ISSUED_COMMON_SHARES":19007616012,"HK_COMMON_SHARES":19007616012,"PER_SHARES":100,"TOTAL_MARKET_CAP":1740147245898.6,"HKSK_MARKET_CAP":1740147245898.6,"PE_TTM":20.153889092325,"PB_TTM":1.802295812398,"REPORT_DATE_SQ":"2022-09-30 00:00:00","REPORT_TYPE_SQ":"2022年三季报","OPERATE_INCOME_SQ":660487000000,"DPS_HKD":0.8851644855,"OPERATE_INCOME_QOQ_SQ":0.760484806133,"NET_PROFIT_RATIO_SQ":6.5977074492,"HOLDER_PROFIT_SQ":49139000000,"HOLDER_PROFIT_QOQ_SQ":-65.062751004016,"ROE_AVG_SQ":5.05612370366,"PE_TTM_SQ":9.970753363991,"PB_TTM_SQ":1.265130954095,"ROA_SQ":2.83411632629,"START_DATE":"2023-04-01 00:00:00","FISCAL_YEAR":"3-31","CURRENCY":"CNY","IS_CNY_CODE":1,"DPS_HKD_LY":0.975932,"ORG_TYPE":"一般企业","PREMIUM_INCOME":null,"PREMIUM_INCOME_YOY":null,"NET_INTEREST_INCOME":null,"NET_INTEREST_INCOME_YOY":null,"FEE_COMMISSION_INCOME":null,"FEE_COMMISSION_INCOME_YOY":null,"ACCOUNTS_RECE_TDAYS":null,"INVENTORY_TDAYS":null,"CURRENT_ASSETS_TDAYS":0.955740336219,"TOTAL_ASSETS_TDAYS":0.402513703095,"PREMIUM_EXPENSE":null,"LOAN_DEPOSIT":null,"LOAN_EQUITY":null,"LOAN_ASSETS":null,"DEPOSIT_EQUITY":null,"DEPOSIT_ASSETS":null,"EQUITY_MULTIPLIER":1.593940985444,"EQUITY_RATIO":0.664481550721},{"SECUCODE":"89988.HK","SECURITY_CODE":"89988","SECURITY_NAME_ABBR":"阿里巴巴-WR","ORG_CODE":"10139711","STD_REPORT_DATE":"2023-06-30 00:00:00","REPORT_DATE":"2023-09-30 00:00:00","DATE_TYPE_CODE":"002","REPORT_TYPE":"2023年中报","PER_NETCASH_OPERATE":4.646148014694,"PER_OI":22.555518439886,"BPS":54.999532784122,"BASIC_EPS":3.04,"DILUTED_EPS":3.01,"OPERATE_INCOME":458946000000,"OPERATE_INCOME_YOY":11.1973658388,"GROSS_PROFIT":176935000000,"GROSS_PROFIT_YOY":16.508850023705,"HOLDER_PROFIT":62089000000,"HOLDER_PROFIT_YOY":2689.2632524708,"GROSS_PROFIT_RATIO":38.552465867444,"EPS_TTM":4.110198148698,"OPERATE_INCOME_QOQ":3.29244019998,"NET_PROFIT_RATIO":13.0071947462,"ROE_AVG":6.072496546328,"GROSS_PROFIT_QOQ":4.987899383057,"ROA":3.483611501209,"HOLDER_PROFIT_QOQ":15.914430567578,"ROE_YEARLY":12.144993092656,"ROIC_YEARLY":8.624101062925,"TOTAL_ASSETS":1811590000000,"TOTAL_LIABILITIES":641544000000,"TAX_EBT":16.526602810599,"OCF_SALES":20.598719675082,"TOTAL_PARENT_EQUITY":1045410000000,"DEBT_ASSET_RATIO":35.4133109589,"OPERATE_PROFIT":76074000000,"PRETAX_PROFIT":71515000000,"NETCASH_OPERATE":94537000000,"NETCASH_INVEST":-11166000000,"NETCASH_FINANCE":-37018000000,"END_CASH":280995000000,"DIVI_RATIO":0.215358105249,"DIVIDEND_RATE":0.972146368105,"CURRENT_RATIO":1.944424206665,"COMMON_ACS":32000000000,"CURRENTDEBT_DEBT":60.761226042173,"ISSUED_COMMON_SHARES":19007616012,"HK_COMMON_SHARES":19007616012,"PER_SHARES":100,"TOTAL_MARKET_CAP":1740147245898.6,"HKSK_MARKET_CAP":1740147245898.6,"PE_TTM":20.153889092325,"PB_TTM":1.802295812398,"REPORT_DATE_SQ":"2022-06-30 00:00:00","REPORT_TYPE_SQ":"2022年中报","OPERATE_INCOME_SQ":412731000000,"DPS_HKD":0.8851644855,"OPERATE_INCOME_QOQ_SQ":-0.021686583156,"NET_PROFIT_RATIO_SQ":-0.5255238884,"HOLDER_PROFIT_SQ":2226000000,"HOLDER_PROFIT_QOQ_SQ":-35.998971871034,"ROE_AVG_SQ":0.232384430243,"PE_TTM_SQ":9.970753363991,"PB_TTM_SQ":1.265130954095,"ROA_SQ":0.130630084766,"START_DATE":"2023-04-01 00:00:00","FISCAL_YEAR":"3-31","CURRENCY":"CNY","IS_CNY_CODE":1,"DPS_HKD_LY":0.975932,"ORG_TYPE":"一般企业","PREMIUM_INCOME":null,"PREMIUM_INCOME_YOY":null,"NET_INTEREST_INCOME":null,"NET_INTEREST_INCOME_YOY":null,"FEE_COMMISSION_INCOME":null,"FEE_COMMISSION_INCOME_YOY":null,"ACCOUNTS_RECE_TDAYS":null,"INVENTORY_TDAYS":null,"CURRENT_ASSETS_TDAYS":0.630454103997,"TOTAL_ASSETS_TDAYS":0.25749964793,"PREMIUM_EXPENSE":null,"LOAN_DEPOSIT":null,"LOAN_EQUITY":null,"LOAN_ASSETS":null,"DEPOSIT_EQUITY":null,"DEPOSIT_ASSETS":null,"EQUITY_MULTIPLIER":1.548306647773,"EQUITY_RATIO":0.613676930582},{"SECUCODE":"89988.HK","SECURITY_CODE":"89988","SECURITY_NAME_ABBR":"阿里巴巴-WR","ORG_CODE":"10139711","STD_REPORT_DATE":"2023-03-31 00:00:00","REPORT_DATE":"2023-06-30 00:00:00","DATE_TYPE_CODE":"003","REPORT_TYPE":"2023年一季报","PER_NETCASH_OPERATE":2.207247437651,"PER_OI":11.407765660414,"BPS":53.844942961488,"BASIC_EPS":1.68,"DILUTED_EPS":1.66,"OPERATE_INCOME":234156000000,"OPERATE_INCOME_YOY":13.9140376055,"GROSS_PROFIT":91809000000,"GROSS_PROFIT_YOY":20.963661756568,"HOLDER_PROFIT":34242000000,"HOLDER_PROFIT_YOY":51.1187607573,"GROSS_PROFIT_RATIO":39.208476400349,"EPS_TTM":3.54588995397,"OPERATE_INCOME_QOQ":0.479793277111,"NET_PROFIT_RATIO":14.0931686568,"ROE_AVG":3.385304543448,"GROSS_PROFIT_QOQ":1.356752943868,"ROA":1.940140198671,"HOLDER_PROFIT_QOQ":120.400932683281,"ROE_YEARLY":13.541218173792,"ROIC_YEARLY":9.566895557479,"TOTAL_ASSETS":1776804000000,"TOTAL_LIABILITIES":629763000000,"TAX_EBT":15.432320229614,"OCF_SALES":19.348639368626,"TOTAL_PARENT_EQUITY":1023464000000,"DEBT_ASSET_RATIO":35.4435829726,"OPERATE_PROFIT":42490000000,"PRETAX_PROFIT":39022000000,"NETCASH_OPERATE":45306000000,"NETCASH_INVEST":12595000000,"NETCASH_FINANCE":-24636000000,"END_CASH":267094000000,"DIVI_RATIO":0.24963112138,"DIVIDEND_RATE":0.972146368105,"CURRENT_RATIO":1.920989167339,"COMMON_ACS":32000000000,"CURRENTDEBT_DEBT":60.378110495536,"ISSUED_COMMON_SHARES":19007616012,"HK_COMMON_SHARES":19007616012,"PER_SHARES":100,"TOTAL_MARKET_CAP":1740147245898.6,"HKSK_MARKET_CAP":1740147245898.6,"PE_TTM":20.153889092325,"PB_TTM":1.802295812398,"REPORT_DATE_SQ":"2022-03-31 00:00:00","REPORT_TYPE_SQ":"2022年一季报","OPERATE_INCOME_SQ":205555000000,"DPS_HKD":0.8851644855,"OPERATE_INCOME_QOQ_SQ":1.991499333457,"NET_PROFIT_RATIO_SQ":9.8747293912,"HOLDER_PROFIT_SQ":22659000000,"HOLDER_PROFIT_QOQ_SQ":-5.304551539491,"ROE_AVG_SQ":2.347315463183,"PE_TTM_SQ":9.970753363991,"PB_TTM_SQ":1.265130954095,"ROA_SQ":1.331346996596,"START_DATE":"2023-04-01 00:00:00","FISCAL_YEAR":"3-31","CURRENCY":"CNY","IS_CNY_CODE":1,"DPS_HKD_LY":0.975932,"ORG_TYPE":"一般企业","PREMIUM_INCOME":null,"PREMIUM_INCOME_YOY":null,"NET_INTEREST_INCOME":null,"NET_INTEREST_INCOME_YOY":null,"FEE_COMMISSION_INCOME":null,"FEE_COMMISSION_INCOME_YOY":null,"ACCOUNTS_RECE_TDAYS":null,"INVENTORY_TDAYS":null,"CURRENT_ASSETS_TDAYS":0.327857513401,"TOTAL_ASSETS_TDAYS":0.132672001741,"PREMIUM_EXPENSE":null,"LOAN_DEPOSIT":null,"LOAN_EQUITY":null,"LOAN_ASSETS":null,"DEPOSIT_EQUITY":null,"DEPOSIT_ASSETS":null,"EQUITY_MULTIPLIER":1.54903268497,"EQUITY_RATIO":0.615325013874},{"SECUCODE":"89988.HK","SECURITY_CODE":"89988","SECURITY_NAME_ABBR":"阿里巴巴-WR","ORG_CODE":"10139711","STD_REPORT_DATE":"2022-12-31 00:00:00","REPORT_DATE":"2023-03-31 00:00:00","DATE_TYPE_CODE":"001","REPORT_TYPE":"2022年年报","PER_NETCASH_OPERATE":9.73164901262,"PER_OI":42.321263295615,"BPS":52.584974326553,"BASIC_EPS":3.46,"DILUTED_EPS":3.43,"OPERATE_INCOME":868687000000,"OPERATE_INCOME_YOY":1.8316370909,"GROSS_PROFIT":318992000000,"GROSS_PROFIT_YOY":1.715495580526,"HOLDER_PROFIT":72783000000,"HOLDER_PROFIT_YOY":16.9223601986,"GROSS_PROFIT_RATIO":36.721166542149,"EPS_TTM":1.559138562791,"OPERATE_INCOME_QOQ":0.602306592208,"NET_PROFIT_RATIO":7.5485186264,"ROE_AVG":7.435755847958,"GROSS_PROFIT_QOQ":0.584544876363,"ROA":4.221020896324,"HOLDER_PROFIT_QOQ":137.251239313169,"ROE_YEARLY":7.435755847958,"ROIC_YEARLY":5.165307144976,"TOTAL_ASSETS":1753044000000,"TOTAL_LIABILITIES":630123000000,"TAX_EBT":19.167426838589,"OCF_SALES":22.994703500801,"TOTAL_PARENT_EQUITY":999515000000,"DEBT_ASSET_RATIO":35.9445056713,"OPERATE_PROFIT":100351000000,"PRETAX_PROFIT":81122000000,"NETCASH_OPERATE":199752000000,"NETCASH_INVEST":-135506000000,"NETCASH_FINANCE":-65619000000,"END_CASH":229510000000,"DIVI_RATIO":0.567726632273,"DIVIDEND_RATE":0.972146368105,"CURRENT_RATIO":1.811247408207,"COMMON_ACS":32000000000,"CURRENTDEBT_DEBT":61.15488563344,"ISSUED_COMMON_SHARES":19007616012,"HK_COMMON_SHARES":19007616012,"PER_SHARES":100,"TOTAL_MARKET_CAP":1740147245898.6,"HKSK_MARKET_CAP":1740147245898.6,"PE_TTM":20.153889092325,"PB_TTM":1.802295812398,"REPORT_DATE_SQ":"2021-12-31 00:00:00","REPORT_TYPE_SQ":"2021年年报","OPERATE_INCOME_SQ":853062000000,"DPS_HKD":0.8851644855,"OPERATE_INCOME_QOQ_SQ":2.637840544159,"NET_PROFIT_RATIO_SQ":5.5188251264,"HOLDER_PROFIT_SQ":62249000000,"HOLDER_PROFIT_QOQ_SQ":-47.295249549008,"ROE_AVG_SQ":6.537809362819,"PE_TTM_SQ":9.970753363991,"PB_TTM_SQ":1.265130954095,"ROA_SQ":3.677094522931,"START_DATE":"2022-04-01 00:00:00","FISCAL_YEAR":"3-31","CURRENCY":"CNY","IS_CNY_CODE":1,"DPS_HKD_LY":null,"ORG_TYPE":"一般企业","PREMIUM_INCOME":null,"PREMIUM_INCOME_YOY":null,"NET_INTEREST_INCOME":null,"NET_INTEREST_INCOME_YOY":null,"FEE_COMMISSION_INCOME":null,"FEE_COMMISSION_INCOME_YOY":null,"ACCOUNTS_RECE_TDAYS":null,"INVENTORY_TDAYS":null,"CURRENT_ASSETS_TDAYS":1.299942162408,"TOTAL_ASSETS_TDAYS":0.503791541894,"PREMIUM_EXPENSE":null,"LOAN_DEPOSIT":null,"LOAN_EQUITY":null,"LOAN_ASSETS":null,"DEPOSIT_EQUITY":null,"DEPOSIT_ASSETS":null,"EQUITY_MULTIPLIER":1.561146331755,"EQUITY_RATIO":0.630428757948},{"SECUCODE":"89988.HK","SECURITY_CODE":"89988","SECURITY_NAME_ABBR":"阿里巴巴-WR","ORG_CODE":"10139711","STD_REPORT_DATE":"2022-09-30 00:00:00","REPORT_DATE":"2022-12-31 00:00:00","DATE_TYPE_CODE":"004","REPORT_TYPE":"2022年三季报","PER_NETCASH_OPERATE":7.948476400826,"PER_OI":31.184046026173,"BPS":51.85332023636,"BASIC_EPS":2.32,"DILUTED_EPS":2.31,"OPERATE_INCOME":660487000000,"OPERATE_INCOME_YOY":1.7683856951,"GROSS_PROFIT":249615000000,"GROSS_PROFIT_YOY":0.446671093137,"HOLDER_PROFIT":49139000000,"HOLDER_PROFIT_YOY":-37.2947106489,"GROSS_PROFIT_RATIO":37.792568211032,"EPS_TTM":0.657167721149,"OPERATE_INCOME_QOQ":0.760484806133,"NET_PROFIT_RATIO":6.5977074492,"ROE_AVG":5.05612370366,"GROSS_PROFIT_QOQ":1.63252313499,"ROA":2.83411632629,"HOLDER_PROFIT_QOQ":-65.062751004016,"ROE_YEARLY":6.741498271547,"ROIC_YEARLY":3.467457174551,"TOTAL_ASSETS":1772124000000,"TOTAL_LIABILITIES":662341000000,"TAX_EBT":21.295694263835,"OCF_SALES":25.488919539673,"TOTAL_PARENT_EQUITY":985608000000,"DEBT_ASSET_RATIO":37.3755448264,"OPERATE_PROFIT":85111000000,"PRETAX_PROFIT":55368000000,"NETCASH_OPERATE":168351000000,"NETCASH_INVEST":-108698000000,"NETCASH_FINANCE":-56300000000,"END_CASH":235437000000,"DIVI_RATIO":1.346938470978,"DIVIDEND_RATE":0.972146368105,"CURRENT_RATIO":1.743214426747,"COMMON_ACS":32000000000,"CURRENTDEBT_DEBT":63.084574260087,"ISSUED_COMMON_SHARES":19007616012,"HK_COMMON_SHARES":19007616012,"PER_SHARES":100,"TOTAL_MARKET_CAP":1740147245898.6,"HKSK_MARKET_CAP":1740147245898.6,"PE_TTM":20.153889092325,"PB_TTM":1.802295812398,"REPORT_DATE_SQ":"2021-09-30 00:00:00","REPORT_TYPE_SQ":"2021年三季报","OPERATE_INCOME_SQ":649010000000,"DPS_HKD":0.8851644855,"OPERATE_INCOME_QOQ_SQ":5.93166579572,"NET_PROFIT_RATIO_SQ":10.0824332445,"HOLDER_PROFIT_SQ":78365000000,"HOLDER_PROFIT_QOQ_SQ":-15.790646330842,"ROE_AVG_SQ":7.364076538671,"PE_TTM_SQ":9.970753363991,"PB_TTM_SQ":1.265130954095,"ROA_SQ":4.120917414443,"START_DATE":"2022-04-01 00:00:00","FISCAL_YEAR":"3-31","CURRENCY":"CNY","IS_CNY_CODE":1,"DPS_HKD_LY":null,"ORG_TYPE":"一般企业","PREMIUM_INCOME":null,"PREMIUM_INCOME_YOY":null,"NET_INTEREST_INCOME":null,"NET_INTEREST_INCOME_YOY":null,"FEE_COMMISSION_INCOME":null,"FEE_COMMISSION_INCOME_YOY":null,"ACCOUNTS_RECE_TDAYS":null,"INVENTORY_TDAYS":null,"CURRENT_ASSETS_TDAYS":0.96639356915,"TOTAL_ASSETS_TDAYS":0.380939170517,"PREMIUM_EXPENSE":null,"LOAN_DEPOSIT":null,"LOAN_EQUITY":null,"LOAN_ASSETS":null,"DEPOSIT_EQUITY":null,"DEPOSIT_ASSETS":null,"EQUITY_MULTIPLIER":1.596820279279,"EQUITY_RATIO":0.672012605417},{"SECUCODE":"89988.HK","SECURITY_CODE":"89988","SECURITY_NAME_ABBR":"阿里巴巴-WR","ORG_CODE":"10139711","STD_REPORT_DATE":"2022-06-30 00:00:00","REPORT_DATE":"2022-09-30 00:00:00","DATE_TYPE_CODE":"002","REPORT_TYPE":"2022年中报","PER_NETCASH_OPERATE":3.823413982782,"PER_OI":19.486564459904,"BPS":50.382804418787,"BASIC_EPS":0.1,"DILUTED_EPS":0.1,"OPERATE_INCOME":412731000000,"OPERATE_INCOME_YOY":1.5503284698,"GROSS_PROFIT":151864000000,"GROSS_PROFIT_YOY":-0.471218943133,"HOLDER_PROFIT":2226000000,"HOLDER_PROFIT_YOY":-95.596961785,"GROSS_PROFIT_RATIO":36.794910001914,"EPS_TTM":1.837019043377,"OPERATE_INCOME_QOQ":-0.021686583156,"NET_PROFIT_RATIO":-0.5255238884,"ROE_AVG":0.232384430243,"GROSS_PROFIT_QOQ":-1.831881433108,"ROA":0.130630084766,"HOLDER_PROFIT_QOQ":-35.998971871034,"ROE_YEARLY":0.464768860486,"ROIC_YEARLY":0.322303441596,"TOTAL_ASSETS":1712544000000,"TOTAL_LIABILITIES":630072000000,"TAX_EBT":137.383660806618,"OCF_SALES":19.620769944589,"TOTAL_PARENT_EQUITY":957657000000,"DEBT_ASSET_RATIO":36.7915802455,"OPERATE_PROFIT":50080000000,"PRETAX_PROFIT":5802000000,"NETCASH_OPERATE":80981000000,"NETCASH_INVEST":-35755000000,"NETCASH_FINANCE":-32492000000,"END_CASH":246850000000,"DIVI_RATIO":0.481848290409,"DIVIDEND_RATE":0.972146368105,"CURRENT_RATIO":1.770117614487,"COMMON_ACS":32000000000,"CURRENTDEBT_DEBT":60.764642770985,"ISSUED_COMMON_SHARES":19007616012,"HK_COMMON_SHARES":19007616012,"PER_SHARES":100,"TOTAL_MARKET_CAP":1740147245898.6,"HKSK_MARKET_CAP":1740147245898.6,"PE_TTM":20.153889092325,"PB_TTM":1.802295812398,"REPORT_DATE_SQ":"2021-06-30 00:00:00","REPORT_TYPE_SQ":"2021年中报","OPERATE_INCOME_SQ":406430000000,"DPS_HKD":0.8851644855,"OPERATE_INCOME_QOQ_SQ":7.247985121757,"NET_PROFIT_RATIO_SQ":11.3702236547,"HOLDER_PROFIT_SQ":50556000000,"HOLDER_PROFIT_QOQ_SQ":-1.637025329065,"ROE_AVG_SQ":5.268003257334,"PE_TTM_SQ":9.970753363991,"PB_TTM_SQ":1.265130954095,"ROA_SQ":2.960046746209,"START_DATE":"2022-04-01 00:00:00","FISCAL_YEAR":"3-31","CURRENCY":"CNY","IS_CNY_CODE":1,"DPS_HKD_LY":null,"ORG_TYPE":"一般企业","PREMIUM_INCOME":null,"PREMIUM_INCOME_YOY":null,"NET_INTEREST_INCOME":null,"NET_INTEREST_INCOME_YOY":null,"FEE_COMMISSION_INCOME":null,"FEE_COMMISSION_INCOME_YOY":null,"ACCOUNTS_RECE_TDAYS":null,"INVENTORY_TDAYS":null,"CURRENT_ASSETS_TDAYS":0.627134482664,"TOTAL_ASSETS_TDAYS":0.242206134391,"PREMIUM_EXPENSE":null,"LOAN_DEPOSIT":null,"LOAN_EQUITY":null,"LOAN_ASSETS":null,"DEPOSIT_EQUITY":null,"DEPOSIT_ASSETS":null,"EQUITY_MULTIPLIER":1.582067711681,"EQUITY_RATIO":0.657930762267}],"count":28},"success":true,"message":"ok","code":0}